2570 4261
662 210 773 250 ET
855 210 1121 253 ACTA
1202 209 1680 256 PUBLICA.

2 301 78 334 n.D-
135 301 233 338 Qiare
253 298 446 330 celsitudinem
468 296 589 336 Regiam
607 295 764 326 affec-'tione
776 320 786 334 ,
812 306 866 334 qua
882 296 1044 340 possumus,
1063 304 1160 326 exora-

0 351 56 371 ⁵22.
99 349 162 369 mus
171 363 180 377 ,
199 341 326 377 quatinus
339 336 458 366 redditus
472 337 582 365 noitros
596 336 682 364 totius
696 336 832 372 temporis
849 335 1031 371 praecedentis
1044 344 1160 378 uenera-

0 366 15 410 ι’,
37 389 62 417 3.
101 378 151 407 bili
173 378 241 417 patri
263 377 395 406 Domino
409 374 577 410 Pandulpho
590 373 624 402 N
628 373 775 404 orwicenli
789 372 932 411 Episcopo
946 397 956 412 ,
973 374 1019 404 vel
1034 384 1060 403 ei
1073 382 1160 415 quem

102 415 160 454 ipse
181 415 214 445 ad
231 416 290 445 hoc
310 420 525 454 procuratorem
546 411 675 441 nostrum
698 410 890 449 constituerit,
910 412 1040 441 facientes
1056 412 1088 447 (li
1104 411 1161 455 pla7

104 455 162 489 cet)
187 464 256 484 curn
275 452 430 486 integritate
448 449 567 488 persolvi
585 462 595 487 ς
622 450 703 479 nobis
725 451 754 479 in
774 458 871 487 antea,
888 451 915 480 in
929 451 1022 488 aliquo
1036 451 1161 492 uberiori

104 491 246 523 benef-‘icio
297 484 468 527 (assiffnando
487 489 515 518 in
535 488 629 526 aliquo
643 496 724 518 certo
739 488 818 524 loco)
831 489 907 525 juxta
922 488 1000 526 quod
1017 487 1115 519 vestrae
1129 487 1162 517 li-

107 515 489 562 beralitatis’munifi'centiam
501 525 615 563 deceat,
634 526 783 564 providere
797 528 885 557 velitis
899 539 909 564 3
928 528 1019 557 scituri
1034 537 1086 564 pro
1102 535 1164 556 cer—

107 578 157 607 to,
175 567 254 606 quod
274 577 326 596 nos
346 566 426 597 vobis
440 566 521 596 omni
536 575 668 603 tempore
684 566 832 603 (quantum
847 575 915 595 cum
931 565 1000 595 Deo
1015 566 1048 595 ὃς
1064 566 1166 609 hones-

107 616 164 638 tate
184 605 278 636 nostra
298 604 464 643 poterimus)
484 603 521 634 de
540 604 621 634 bono
644 605 673 633 in
695 603 793 634 melius
806 605 935 641 cupimus
948 604 981 635 ὅτ,
994 602 1167 642 disponimus

107 645 173 676 totis
186 645 289 676 viribus
302 643 490 681 complacere.

105 765 118 779 Ι

159 774 282 806 Littera
306 768 490 804 Duvenaldo
511 768 688 852 Tommzdifftlz
713 773 808 817 Regi,
840 769 876 802 de
898 772 995 805 Terra
1013 782 1033 803 a
1049 773 1126 817 Rege

570 829 653 851 lenl'n
676 831 708 852 ἢ·

13 921 40 941 n.
53 909 98 940 D.
184 905 251 937 EX
278 904 450 937 Duvenaldo
464 904 541 944 Regi
553 904 703 936 Tismund.
721 905 844 936 salutem.
1121 941 1126 947 “
1156 941 1160 947 .

4 959 69 978 νη..
217 943 417 975 Conceffimus
440 944 524 974 vobis
546 953 647 974 terram
668 943 818 974 Tismund.
846 954 932 982 quam
974 944 1028 974 rius
1050 940 1175 984 tenuistis

0 974 57 1018 iu6.
115 993 164 1020 per
185 983 298 1013 firmam
318 991 437 1013 centum
458 983 492 1014 &
514 982 626 1018 triginta
647 982 813 1013 Marcarum
828 1006 838 1021 ,
865 992 950 1013 teneri
971 991 1016 1011 am
1035 980 1072 1010 de
1093 979 1177 1009 nobis

21 1037 46 1064 3.
114 1021 249 1059 quamdiu
270 1022 354 1051 nobis
378 1022 452 1051 bene
475 1022 508 1051 ὃς
524 1020 641 1051 fideliter
656 1021 816 1059 servieritis,
836 1020 923 1059 usque
935 1019 970 1050 ad
983 1027 1095 1050 aetatem
1109 1027 1178 1047 nos-

0 1073 27 1092 ιτ.
43 1066 70 1091 6.
114 1069 203 1097 tram,
223 1069 272 1097 per
285 1059 397 1089 firmam
418 1068 536 1091 centum
556 1059 691 1090 librarum
708 1071 758 1098 per
770 1069 893 1097 annum,
911 1059 946 1089 &
959 1067 1009 1096 per
1022 1055 1110 1100 {inem
1124 1056 1178 1086 du-

10 1113 66 1140 3.n.
113 1107 259 1128 centarum
282 1097 474 1137 Marcarum',
507 1108 594 1136 quem
616 1099 681 1129 inde
698 1098 800 1129 fecistis
816 1107 886 1142 cum
900 1095 1053 1140 venerabili
1067 1096 1085 1114 '⁶
1102 1103 1180 1138 patre

114 1136 245 1167 Henrico
266 1136 437 1167 Dubliriensi
461 1136 684 1176 Archiepiscopo
698 1161 708 1178 ,
732 1135 938 1175 &Justiciario
960 1134 1059 1165 nostro
1073 1133 1180 1164 Hiber-

0 1181 23 1208 1.
34 1180 98 1215 256.
114 1177 187 1213 niae,
206 1175 277 1218 ficut
290 1175 346 1219 ipse
361 1176 443 1205 nobis
459 1175 632 1212 significavit.

152 1214 188 1244 In
202 1223 279 1252 cujus
295 1224 336 1244 rei
349 1213 563 1252 testimonium,
582 1215 642 1245 &c.

154 1290 244 1321 Teste
264 1290 400 1321 Huberto
415 1316 425 1331 ,
450 1292 511 1323 &c.
529 1289 603 1327 apud
614 1289 733 1320 Turrim
745 1289 882 1320 London.
905 1289 940 1319 18
954 1288 1001 1318 die
1009 1287 1092 1326 Julii,
1109 1297 1186 1319 anno

117 1331 197 1368 regni
211 1328 299 1360 nostri
315 1329 409 1367 sexto,
428 1340 479 1367 per
492 1327 624 1358 eundem.

401 1449 569 1485 Condttslns
582 1462 638 1498 pro
659 1454 735 1498 Rege
750 1454 917 1486 Scotorum.

3 1553 51 1573 nn.
66 1542 107 1573 D.
123 1539 182 1602 A
191 1537 337 1570 Lexander
352 1537 418 1568 Rex
431 1537 588 1568 Scotorum
603 1536 689 1567 habet
704 1536 804 1568 litteras
821 1536 858 1568 de
872 1536 1019 1568 condudtu
1034 1562 1044 1576 ,
1063 1533 1120 1582 sine
1134 1545 1191 1569 ter·

0 1591 80 1613 [222.
201 1578 281 1607 mino
291 1578 337 1616 ,in
352 1585 470 1614 peregre
483 1575 690 1613 proficiscendo
704 1575 798 1606 versus
814 1575 950 1620 Cantuar.
959 1577 993 1607 &
1007 1578 1036 1607 in
1047 1577 1191 1608 veniendo

3 1643 11 1650 .
31 1622 57 1648 6.
124 1616 159 1661 ad
174 1617 342 1685 Dgimiiciiigm
355 1615 472 1655 Regem
485 1614 521 1645 ad
534 1614 713 1653 loquendum
732 1624 801 1646 cum
814 1625 868 1654 eo,
885 1616 920 1646 &
937 1625 966 1645 in
980 1615 1137 1654 morando,
1155 1617 1189 1648 ὃς

0 1665 8 1688 ’.
27 1669 52 1696 3.
126 1666 199 1687 inre
219 1664 275 1685 eun
319 1678 325 1684 .

0 1698 105 1774 it3.6m.
161 1731 252 1763 Teste
265 1730 421 1775 Huberto,
440 1732 501 1762 &c.
628 1771 634 1776 .

163 1769 251 1808 Apud
264 1770 385 1801 Turrim
399 1769 536 1800 London.
558 1779 590 1810 13
606 1769 652 1801 die
664 1769 738 1810 Aug.
755 1779 830 1801 anno
844 1769 938 1808 sento,
958 1779 1008 1808 per
1021 1769 1153 1802 eundem.

127 1896 249 1928 Littera
266 1895 376 1927 Comiti
396 1891 547 1927 Marchiae
558 1920 570 1936 ‚
594 1892 630 1926 de
646 1891 803 1975 corraeordia
822 1896 900 1926 inter
922 1894 1018 1941 ipftmz
1038 1897 1195 1941 &Regem

568 1941 688 1987 firman
710 1954 742 1976 a.

71 2043 103 2075 D
131 2026 260 2086 REX
285 2027 398 2059 Comiti
414 2026 557 2059 Marchiae
571 2027 606 2059 ὃς
619 2027 776 2067 Engolism.
794 2029 918 2060 salutern.
1166 2067 1181 2074 ..

0 2054 55 2076 “³¹¹¹
106 2068 112 2074 ⁸
224 2067 339 2098 Uberes
354 2067 509 2098 strenuitati
521 2066 623 2098 vestrae
637 2068 783 2099 referimus
800 2069 952 2106 gratiarum
964 2067 1090 2098 adtiones
1101 2067 1137 2098 de
1144 2066 1198 2098 hiis

0 2094 86 2151 [¹²²5ss
133 2115 198 2143 quae
216 2106 299 2136 nobis
317 2105 485 2146 significastis
506 2116 556 2144 per
574 2106 675 2136 litteras
688 2106 809 2146 vestras,
827 2108 861 2138 &
875 2116 925 2145 per
938 2105 1053 2137 fidelem
1066 2105 1199 2137 nostrum

0 2135 34 2181 ,η’
73 2144 79 2151 “
133 2143 162 2176 Β.
183 2144 220 2174 de
232 2143 342 2182 Podio,
362 2146 411 2183 qui
425 2144 526 2175 litteras
538 2143 642 2176 vestras
656 2147 738 2176 nobis
752 2144 860 2177 detulit.

0 2185 12 2212 “.’
33 2172 58 2200 3·
85 2201 103 2226 6
169 2182 239 2213 Nos
258 2192 354 2213 autem
368 2207 378 2221 ,
403 2182 499 2213 audito
516 2183 696 2220 beneplacito
714 2183 809 2216 vestro
823 2185 857 2216 &
871 2185 988 2221 cognita
1001 2185 1076 2215 circa
1088 2193 1140 2214 nos
1156 2184 1198 2214 af-

0 2201 70 2266 ’βαιῷ
107 2221 112 2227 ”
131 2221 257 2252 Γεξὶίοηε
277 2221 369 2252 vestra
383 2246 393 2260 ‚
419 2231 474 2260 qua
486 2245 496 2260 ,
521 2221 602 2252 sicuti
616 2221 719 2253 fecistis
735 2224 818 2254 nobis
832 2224 972 2262 proponi,
990 2221 1148 2267 desideratis
1162 2224 1196 2254 &

10 2264 15 2269 ⁸
34 2250 59 2276 3'
75 2248 112 2266 'n'
131 2259 267 2291 affeRatis
287 2260 370 2290 nobis
390 2261 527 2291 veraciter
549 2260 582 2291 &
595 2258 713 2292 fideliter
728 2263 816 2300 uniri,
834 2263 869 2294 &
882 2260 1020 2300 obsequio
1035 2261 1136 2292 nostro
1148 2262 1198 2305 ad-

3 2300 8 2305 '
22 2280 49 2308 d'
132 2299 255 2337 hcerere,
273 2309 306 2330 ac
320 2298 481 2329 constanter
491 2297 632 2343 insistere,
650 2300 734 2339 gavisi
747 2300 839 2332 sumus
854 2310 914 2331 nori
929 2300 1097 2338 modicum3
1115 2301 1198 2331 oble-

156 2339 232 2368 uium
254 2337 381 2368 vestrum
400 2338 434 2369 &
453 2337 677 2369 benivolentiam
698 2349 759 2370 non
779 2341 871 2370 minus
893 2347 927 2370 ex
950 2347 1027 2377 parte
1045 2338 1141 2369 nostra
1159 2340 1200 2369 af-

131 2349 284 2445 ξεᾶςιηῗε,
301 2377 388 2415 quum
410 2387 462 2409 vos
480 2376 618 2408 affectetis
637 2377 745 2408 nostrae
762 2377 911 2410 devotioni
931 2379 965 2410 &
984 2378 1122 2410 voluntati
1143 2378 1201 2409 esse

147 2416 226 2445 ubmi
252 2425 293 2446 os.

172 2452 265 2493 Qiod
291 2453 407 2493 quidem
432 2453 589 2485 descensuri
610 2456 689 2486 eratis
707 2454 802 2486 versus
819 2463 910 2493 partes
930 2455 1027 2486 Sanffi
1049 2455 1202 2494 Machuti,

133 2492 315 2523 occurrendo
330 2493 483 2523 venerabili
498 2494 569 2530 patri
582 2493 672 2524 Petro
687 2493 879 2524 Wintoniensi
893 2494 1037 2534 Episcopo
1051 2519 1062 2533 ,
1079 2496 1113 2526 &
1128 2494 1203 2525 fideli

135 2530 236 2561 nostro
259 2531 349 2562 nobili
363 2532 427 2562 viro
442 2530 598 2571 Ranulpho
615 2531 727 2562 Comiti
740 2531 833 2563 Cestr.
850 2534 884 2564 &
907 2533 1041 2563 Lincoln.
1061 2543 1133 2571 quos
1147 2543 1203 2564 vo-

134 2569 177 2599 bis
188 2569 345 2637 ldellmimus
366 2571 398 2599 in
418 2570 571 2601 occursum
591 2570 791 2610 transmittere,
809 2580 899 2609 grates
911 2572 1000 2603 vobis
1012 2571 1204 2610 impendimus

133 2617 185 2637 mu
198 2616 217 2637 ti
250 2617 314 2638 ices.

173 2618 241 2684 Setp,
259 2646 397 2683 quoniam
421 2644 498 2677 idem
519 2645 648 2685 Comes,
662 2648 692 2677 in
706 2646 829 2679 adventu
845 2648 973 2686 praediffl
986 2646 1018 2679 Β.
1037 2648 1108 2679 ficut
1121 2649 1204 2680 vobis

135 2684 245 2722 plenius
264 2683 397 2715 ostendet
413 2708 422 2722 ,
445 2686 476 2715 in
496 2687 697 2716 remotioribus
716 2687 815 2727 agebar
829 2711 839 2725 ,
864 2689 913 2718 ubi
934 2696 1004 2718 tunc
1025 2689 1114 2718 extitit
1134 2698 1204 2718 cum

136 2724 216 2761 equis
229 2724 263 2754 &
275 2724 375 2761 armis,
393 2723 428 2753 &
442 2723 535 2761 plures
553 2723 727 2764 Comitum,
744 2725 888 2756 Baronum
902 2726 935 2756 ὃς
952 2725 1124 2765 Magnatum
1137 2736 1205 2757 nos-

138 2770 249 2792 trorum
267 2771 337 2792 cum
358 2772 395 2792 eo
416 2763 446 2792 in
461 2762 586 2800 partibus
600 2762 732 2802 Walliae,
749 2774 802 2805 pro
816 2764 984 2803 quibusdam
999 2765 1121 2796 inimicis
1134 2765 1206 2805 suis,

139 2801 190 2838 qui
213 2800 240 2830 se
261 2800 396 2841 paulisper
413 2808 555 2831 erexerant
578 2808 678 2833 contra
698 2812 766 2833 eum
781 2827 792 2842 ‚
809 2811 840 2833 ut
854 2803 1019 2842 dicebatur,
1038 2813 1099 2834 non
1113 2806 1207 2842 potuit

140 2840 179 2869 ita
199 2838 361 2870 festinanter
381 2838 416 2869 ad
436 2839 601 2870 mandatum
619 2840 751 2872 nostrum
772 2840 857 2873 vobis
877 2851 1030 2873 occurrere
1043 2865 1055 2881 ,
1072 2851 1104 2873 ut
1118 2843 1156 2874 fic
1171 2843 1207 2874 ad

138 2877 259 2915 praesens
281 2879 365 2909 vobis
385 2879 505 2909 obviam
525 2878 662 2910 incideret
676 2904 686 2918 ,
714 2880 824 2910 missuri
835 2880 945 2919 sumus,
964 2881 994 2911 in
1006 2882 1157 2921 proximo,
1171 2882 1207 2913 ad

139 2927 193 2946 vos
208 2916 298 2953 ipsum
312 2918 501 2948 venerabilem
515 2927 626 2955 patrem
640 2917 760 2949 Petrum
773 2919 1005 2950 wintoniensem
1019 2919 1208 2960 Episcopum,

140 2955 176 2986 δε
196 2954 265 2985 alios
285 2955 321 2985 de
345 2954 528 2993 Magnatibus
551 2956 654 2987 nostris
674 2967 744 2988 cum
759 2967 796 2988 eo
810 2966 855 2988 tot
869 2960 903 2989 &
916 2959 983 2989 tales
998 2960 1047 2997 qui
1061 2959 1159 2990 secure
1172 2961 1207 2991 &

143 2993 279 3061 salvodad3
285 3003 344 3061 nlps
350 3004 403 3025 vos
417 2994 598 3034 conducent,
616 2995 651 3026 ad
665 2995 830 3027 faciendum
847 2997 932 3027 nobis
947 2995 1029 3036 quod
1042 2997 1080 3028 de
1090 2999 1153 3038 jure
1166 2999 1207 3030 fa-

142 3041 209 3063 cere
242 3042 258 3061 e
281 3041 295 3061 e
318 3040 367 3062 itis.

181 3068 391 3101 Praemittemus
414 3071 500 3102 etiam
519 3071 556 3102 ad
577 3083 629 3103 vos
651 3073 791 3106 dilectum
812 3076 846 3107 &
860 3073 976 3106 fidelem
990 3075 1123 3107 nostrum
1137 3077 1208 3108 Phi-

143 3107 255 3145 lippum
269 3107 306 3138 de
319 3109 488 3148 Albiniaco,
507 3112 556 3149 qui
568 3122 621 3142 vos
636 3112 712 3143 salvo
725 3113 812 3145 ducet
822 3114 909 3152 usque
924 3115 954 3144 in
967 3113 1070 3146 Insulas
1085 3116 1122 3147 de
1130 3115 1207 3147 Ger-

144 3147 200 3176 nes.
219 3147 253 3177 &
269 3147 352 3179 faciet
368 3158 421 3179 vos
434 3149 473 3179 ibi
485 3149 646 3181 honorifice
661 3150 768 3191 suscipi.

180 3184 236 3214 Per
257 3195 346 3223 quem
368 3187 451 3218 vobis
472 3188 683 3220 transmittimus
698 3190 800 3222 litteras
815 3191 922 3223 nostras
936 3190 974 3223 de
988 3192 1154 3232 conduetu,
1170 3195 1205 3225 &

142 3222 245 3254 litteras
259 3225 462 3257 venerabilium
483 3236 595 3266 patrum
612 3227 736 3259 Domini
750 3229 957 3262 Cantuariensis
971 3232 1187 3271 Archiepiscopi
1197 3258 1208 3273 ,

143 3261 359 3302 Londonenfis,
375 3264 597 3304 Wintonienfis,
615 3266 818 3299 Saresbirienfis
832 3271 866 3302 &
877 3269 1070 3301 Cicestriensis
1085 3270 1207 3310 Episco-

142 3311 248 3339 porum
263 3324 272 3340 ,
297 3302 331 3333 &
352 3304 532 3341 quoiundam
546 3305 668 3336 aliorum
683 3305 809 3338 fidelium
821 3308 988 3340 nostrorum
1002 3309 1157 3340 Comitum
1171 3312 1206 3342 δε

142 3340 303 3371 Baronum:
325 3340 472 3378 Rogantes
486 3342 671 3374 dileetionem
686 3344 811 3376 vestram
824 3348 956 3378 attentius
971 3350 1099 3387 quatinus
1112 3349 1146 3379 ad
1158 3349 1207 3380 In-

143 3378 211 3409 sulas
226 3379 284 3409 illas
297 3379 334 3410 de
349 3379 467 3410 Gernes.
487 3382 584 3412 venire
598 3382 705 3421 velitis,
724 3384 773 3414 ubi
807 3384 877 3416 sicut
892 3387 1088 3426 praediximus‚
1107 3389 1136 3418 in
1152 3398 1206 3419 oc—

144 3417 260 3447 cursum
280 3418 406 3449 vestrum
427 3419 564 3449 habebitis
585 3420 753 3458 praedkstum
776 3409 942 3454 Dominum
957 3425 1207 3466 Wintoniensem,

144 3456 180 3487 &
195 3456 263 3486 alios
283 3456 410 3488 Nobiles
429 3459 463 3488 &
480 3456 644 3497 Magnates,
663 3461 712 3498 qui
726 3470 778 3492 vos
792 3461 911 3494 honeste
926 3463 1090 3504 suscipient,
1109 3467 1143 3497 &
1156 3466 1206 3496 sal-

146 3505 187 3526 vo
203 3496 237 3526 &
251 3494 348 3525 secure
363 3495 397 3525 ad
412 3506 464 3526 nos
480 3496 653 3527 conducent.

182 3533 213 3564 Si
226 3543 297 3564 vero
311 3534 347 3565 ad
361 3533 462 3565 Insulas
477 3534 535 3564 illas
549 3544 610 3565 non
625 3534 715 3566 sedeat
730 3538 812 3568 vobis
827 3540 924 3570 venire
949 3540 1040 3579 (quod
1057 3543 1111 3573 erit
1123 3543 1206 3574 nobis

146 3572 299 3612 ingratum)
313 3581 400 3613 tunc,
419 3573 440 3604 si
454 3573 563 3612 placet,
580 3574 728 3618 expectare
737 3576 831 3619 yelitis
843 3579 874 3608 in
887 3580 1011 3617 partibus
1025 3581 1122 3611 Sanffl
1139 3581 1206 3612 Ma-

146 3611 242 3650 chuti,
261 3611 356 3643 donec
378 3612 414 3643 ad
435 3623 487 3644 vos
507 3620 635 3644 venerint
657 3612 806 3655 praediCtus
826 3616 972 3648 Dominus
984 3618 1208 3660 Wintoniensis,

146 3650 182 3681 &
200 3649 263 3689 alii,
303 3651 331 3681 ui
346 3661 400 3683 vos
415 3653 444 3681 in
457 3651 636 3683 conductum
650 3651 812 3693 suscipient,
830 3656 864 3686 &
888 3666 957 3686 cum
972 3657 1024 3688 illis
1037 3658 1071 3689 ad
1085 3659 1208 3697 praesen—

148 3689 218 3719 tiam
240 3699 280 3720 no
306 3699 367 3721 ram
387 3691 547 3731 accedatis,
571 3689 738 3729 nobiscum,
757 3691 828 3724 sicut
839 3693 1042 3736 desideramus,
1062 3697 1206 3737 locuturi,

147 3727 183 3758 &
197 3727 299 3759 facturi
313 3730 394 3760 nobis
407 3730 486 3769 quod
497 3731 535 3762 de
546 3730 609 3770 jure
621 3729 714 3760 facere
725 3730 871 3762 debebitis.

184 3765 335 3804 speramus
351 3770 429 3799 enim
442 3780 492 3808 per
508 3769 568 3800 Dei
581 3769 694 3809 gratiam
703 3793 712 3806 ,
730 3770 764 3800 &
777 3771 846 3801 certi
861 3770 954 3803 sumus
967 3773 1047 3812 quod
1062 3784 1131 3806 cum
1146 3775 1208 3806 fue-

149 3804 237 3836 rimus
257 3805 419 3838 adinvicem
442 3809 547 3846 locuti‚
564 3809 618 3847 ita,
637 3817 706 3838 cum
720 3809 832 3839 honore
847 3810 946 3841 nostro
959 3813 993 3842 &
1009 3813 1120 3852 vestro,
1139 3825 1210 3853 pro—

149 3843 292 3875 curabitur
306 3855 357 3883 per
369 3846 428 3877 Dei
439 3847 611 3886 adjutorium
625 3846 704 3885 quod
717 3847 834 3878 dilectio
848 3857 931 3887 vera,
949 3850 983 3880 &
996 3850 1062 3882 fidei
1074 3851 1209 3891 firmitas,

150 3889 185 3910 ac
208 3883 362 3914 constantia
381 3886 454 3917 inter
477 3896 530 3916 nos
551 3884 725 3925 firmabitur,
741 3886 774 3916 &
789 3887 891 3916 erimus
905 3896 972 3918 curri
983 3889 1161 3927 jocunditate
1175 3893 1210 3923 ὃς

149 3919 255 3962 gaudio
290 3922 321 3952 in
340 3922 446 3955 fincera
468 3924 621 3955 dilectione
638 3925 731 3963 uniti,
756 3932 787 3955 ut
802 3925 857 3962 sic,
875 3925 1005 3957 fortiores
1019 3927 1134 3968 effecti,
1152 3931 1214 3961 for-

0 3969 21 3988 i*
29 3969 54 3998 χ,
70 3978 134 4007 257.
152 3957 208 4001 tuis
222 3968 252 3987 re
264 3958 377 4029 istamug
389 3963 440 4030 gis
457 3965 505 4002 qui
524 3973 576 3994 nos
600 3963 976 4033 *dipfessga-resmolgentur,
992 3965 1013 3996 si
1029 3966 1150 3999 essemus
1164 3969 1215 4002 ab·

154 4005 262 4025 lvlcem
318 4009 357 4029 UO
661 4012 713 4032 COI‘
734 4013 758 4032 la
808 4013 846 4033 Ul]
878 4013 896 4032 l.

137 4079 148 4082 ..
191 4008 612 4107 'Igiestss‘i-lustbprtgufigvssiiigo
624 4013 814 4081 ,¹Jufficiari32
833 4040 935 4074 nostro
948 4064 959 4080 ,
978 4043 1054 4081 apud
1067 4043 1216 4087 Havering

153 4081 192 4112 27
237 4083 253 4105 e
296 4084 352 4114 ugu
390 4099 397 4107 .
886 4088 889 4089 ’
1112 4091 1119 4095 ’

899 4120 952 4150 Per
966 4120 1084 4151 eundem,

2212 220 2263 274 '87

2279 331 2354 361 Ann.
2366 329 2408 359 Di

1229 382 1278 413 De
1288 380 1436 425 sententia
1457 391 1561 414 contra
1581 385 1724 417 Comitem
1745 387 1893 420 diarchia:
1912 393 1942 421 in
1955 389 2089 436 fi‘spenst'
2103 389 2238 422 tenenda.
2280 380 2398 444 ΗἸἸΖΞ

1207 464 1270 525 R
1280 464 1305 495 E
1315 465 1346 496 X
1370 466 1575 499 venerabilibus
1598 469 1625 498 in
1640 468 1758 500 Christo
1773 473 1895 508 patribus
1912 473 2088 506 Xantonensi
2105 477 2138 507 &
2154 475 2265 507 Lemo-

1289 505 1394 534 vicenli
1408 504 1567 544 Episcopis,
1588 507 1621 538 &
1636 507 1758 538 Decano
1774 509 1942 550 Burdegalize
1955 513 2078 544 salutem.

1247 541 1393 572 Mittimus
1406 544 1441 573 ad
1454 542 1606 575 Comitem
1623 545 1762 576 Marchiae
1778 547 1896 578 dilec‘tos
1918 550 1950 579 &
1973 551 2066 582 fideles
2082 552 2192 582 nostros
2206 552 2267 583 Ab·

1210 578 1308 610 batem
1328 581 1364 611 de
1384 581 1472 612 Boxle
1485 607 1494 620 ,
1520 584 1553 614 ὃς
1575 583 1739 622 Philippum
1754 585 1791 615 de
1806 586 1956 617 Albiniaco
1971 594 2133 620 tractaturos
2148 601 2216 621 cum
2232 601 2268 621 eo

1212 616 1251 661 5³⁶.
1264 629 1334 656 pace
1348 622 1381 651 &
1394 621 1563 660 dilefflone,
1582 623 1655 653 inter
1670 633 1740 661 nos,
1758 624 1792 654 δε
1807 624 1914 663 ipsum,
1933 626 2115 658 reformandis
2131 642 2140 667 3
2168 630 2269 667 quibus

1212 659 1384 695 injunximus
1406 659 1483 697 quod
1499 684 1509 696 ,
1534 660 1553 690 si
1577 661 1613 690 de
1634 661 1791 692 devotione
1811 664 1894 701 ipsius
1915 673 1981 701 erga
2002 675 2054 696 nos
2069 668 2145 704 spem
2161 668 2270 697 bonam

1216 697 1379 734 concipiant
1393 720 1402 735 ,
1424 699 1577 729 terminum
1596 700 1621 728 ei
1645 700 1817 732 constituant
1829 725 1838 739 ‚
1854 702 2002 741 videlicet,
2019 705 2053 735 ad
2067 706 2170 735 festum
2185 706 2270 736 sancti

1212 733 1351 771 Johannis
1365 735 1510 775 Baptistae,
1529 737 1574 767 vel
1591 738 1625 768 ad
1641 738 1745 769 festum
1761 739 1835 770 beati
1850 740 1927 772 Petri
1939 741 1973 771 ad
1987 744 2114 780 vincula,
2134 744 2203 773 sicut
2225 754 2273 774 ex-

1217 772 1313 809 pedire
1327 774 1464 812 viderint,
1484 775 1554 805 infra
1572 786 1661 814 quem
1674 778 1756 808 faciat
1771 781 1854 809 nobis
1872 780 1950 818 qaod
1963 781 2055 812 facere
2068 783 2196 812 debebit:

1251 810 1448 848 Jurisdiffione
1469 815 1551 844 vobis
1566 838 1576 852 ,
1601 825 1617 844 a
1638 815 1773 847 Domino
1788 817 1862 856 Papa
1873 820 2041 858 commissa,
2062 822 2090 850 in
2104 821 2153 851 suo
2169 821 2275 851 robore

1218 858 1351 880 manente
1364 873 1374 888 ‚
1397 850 1527 882 videlicet
1541 877 1550 890 ,
1575 853 1654 891 quod
1677 855 1696 883 si
1719 855 1790 885 infra
1812 859 1965 887 terminum
1984 859 2064 888 illum
2088 870 2140 890 nos
2155 860 2204 890 sibi
2216 869 2275 890 non

1220 887 1406 929 pacificaverit
1420 912 1429 927 ‚
1456 899 1559 921 extunc
1582 892 1750 929 procedatur
1776 904 1808 923 ea
1827 895 1961 926 sententia
1975 920 1985 934 ,
2011 908 2095 935 quam
2116 900 2143 928 in
2165 899 2253 936 ipsum
2268 924 2278 938 ,

1213 934 1291 969 Juxta
1312 927 1477 958 mandatum
1495 928 1684 967 apostolicum
1699 955 1708 969 ,
1733 943 1750 962 a
1771 931 1845 963 festo
1858 934 1955 965 Sanc‘ii
1969 935 2093 966 Andreae
2114 937 2186 966 ferre
2200 947 2280 968 tene⁴

1220 973 1300 994 mini.

1259 1002 1288 1032 Si
1306 1002 1344 1032 sic
1366 1005 1448 1043 igitur
1469 1005 1567 1035 adium
1589 1006 1671 1037 fuerit
1691 1017 1760 1037 cum
1783 1018 1819 1039 eo
1839 1020 1888 1047 per
1911 1012 2024 1042 eosdem
2038 1036 2048 1051 ,
2070 1013 2177 1044 dic‘iam
2191 1014 2282 1044 velitis

1220 1040 1386 1082 sententiam
1401 1043 1431 1071 in
1444 1042 1571 1084 suspenso
1585 1052 1680 1074 tenere
1691 1045 1777 1083 usque
1791 1047 1825 1076 ad
1838 1049 1955 1078 alterum
1970 1053 2158 1082 terminorum
2167 1077 2177 1090 ,
2196 1063 2284 1091 quem

1221 1080 1277 1147 hbd
1285 1079 1415 1148 dugerint
1430 1079 1500 1110 dieti
1516 1080 1612 1111 fideles
1634 1083 1726 1113 nostri
1739 1107 1750 1122 ,
1777 1084 1827 1114 sub
1840 1086 1887 1123 spe
1902 1088 1975 1123 pacis
1987 1090 2192 1129 reformandae,
2211 1101 2284 1122 con-

1224 1127 1259 1148 ce
1279 1127 1315 1147 en
1335 1128 1395 1148 um.

1262 1156 1294 1186 Si
1315 1164 1410 1187 tamen
1430 1156 1617 1188 sufficientem
1638 1161 1801 1190 cautionem
1812 1161 1986 1201 praestiterit,
2005 1164 2221 1207 fidejussoriam,
2238 1170 2283 1199 vi-

1224 1194 1343 1234 delicet,
1362 1196 1395 1227 &
1407 1196 1586 1236 juratoriam,
1605 1199 1638 1228 &
1652 1208 1701 1235 per
1714 1208 1837 1236 cartam,
1855 1201 1889 1231 δε
1912 1203 2004 1232 modis
2026 1204 2082 1233 aliis
2096 1229 2106 1243 ,
2124 1207 2222 1236 ouibus
2239 1216 2287 1237 eit-³

1225 1233 1323 1272 pedire
1337 1234 1476 1273 videritis,
1495 1235 1573 1277 quod
1589 1237 1616 1266 se
1628 1236 1729 1267 vestrae
1740 1237 1925 1275 jurisdictioni
1939 1240 2065 1279 subjiciet
2078 1241 2179 1281 absciue
2193 1255 2285 1282 impe⁴

1227 1272 1375 1342 dirlilrengo,
1394 1273 1494 1303 eadem
1514 1276 1665 1314 iententia,
1683 1275 1703 1305 si
1725 1275 1838 1306 neceffe
1849 1276 1949 1315 fuerit,
1967 1279 2058 1310 modo
2071 1282 2209 1319 praedidto
2223 1293 2288 1321 per-³

1228 1321 1262 1341 ce
1283 1322 1318 1342 en
1340 1322 1378 1341 us.

1265 1350 1315 1381 De
1337 1361 1396 1388 quo
1418 1349 1534 1389 quidem
1554 1350 1683 1383 discretio
1705 1352 1798 1383 vestra
1818 1354 1856 1384 fic
1877 1354 2026 1393 disponere
2045 1357 2112 1387 velit
2125 1383 2135 1397 ,
2153 1359 2208 1389 una
2221 1369 2290 1390 cum

1230 1389 1350 1419 consilio
1372 1388 1498 1419 fidelium
1520 1389 1688 1421 nostrorum
1710 1393 1915 1429 praedictorum
1928 1419 1938 1432 ,
1963 1403 1993 1425 ut
2016 1397 2120 1427 merito
2139 1398 2222 1429 nobis
2237 1400 2292 1430 ob-i

1230 1429 1362 1458 noxiores
1378 1427 1476 1458 effeffi
1489 1427 1524 1458 ad
1538 1430 1646 1460 crebras
1662 1440 1809 1462 teneamur
1821 1434 1973 1472 gratiarum
1986 1434 2120 1465 actiones.

2284 487 2335 511 Ad.
2351 493 2378 519 7-

2284 528 2318 549 ti.
2342 533 2366 558 3.

2287 568 2343 591 ΡΜ.
2362 574 2386 599 7.

2287 608 2320 629 ri.
2340 612 2364 638 3.
2378 607 2416 627 m3

2289 651 2313 676 7.
2330 645 2356 667 d.

1267 1503 1358 1535 Teste
1377 1504 1516 1536 Huberto
1536 1506 1573 1536 de
1594 1506 1714 1549 Burgo,
1728 1508 1890 1547 Justiciario
1904 1510 2023 1551 nostro,
2041 1512 2115 1550 apud
2129 1512 2256 1544 Westm.
2275 1523 2295 1554 9

1233 1543 1280 1574 die
1291 1543 1488 1583 Novembris,
1506 1554 1582 1576 anno
1596 1555 1623 1583 7.

1579 1624 1633 1653 Per
1645 1625 1755 1655 eundem
1770 1624 1808 1661 ῤ’
1822 1625 1964 1667 Confilium
1978 1631 2091 1659 Domini
2105 1632 2191 1669 Regis.

2201 1696 2297 1719 ,εἴ

1371 1746 1492 1779 Littera
1512 1749 1623 1780 Comiti
1639 1747 1791 1784 Marchiae
1807 1749 1843 1783 de
1858 1760 1934 1797 pace
1951 1751 2157 1796 reformanda.

1238 1830 1324 1890 RE
1334 1830 1364 1862 X
1388 1831 1510 1872 Hugoni
1525 1832 1638 1865 Comiti
1653 1833 1795 1866 Marchiae
1810 1837 1844 1867 ὃς
1860 1836 2003 1877 Ingolismi
2016 1838 2141 1870 salutem.
2322 1851 2398 1882 Am,
2410 1847 2450 1881 Ῑ)ι

1332 1870 1477 1902 Mittimus
1490 1871 1525 1901 ad
1540 1881 1628 1910 partes
1650 1873 1754 1904 vestras
1775 1873 1895 1905 dileCims
1918 1877 1951 1906 &
1965 1876 2059 1906 fideles
2075 1877 2187 1909 nostros
2203 1874 2301 1909 Abba-
2345 1901 2425 1920 1222,

1239 1916 1299 1938 tem
1314 1908 1351 1939 dc
1363 1908 1451 1940 Boxle
1464 1933 1474 1948 ‚
1498 1911 1531 1941 &
1547 1911 1712 1949 Philippum
1727 1912 1763 1942 de
1779 1912 1949 1952 Albiniaco,
1964 1914 1999 1944 ad
2013 1916 2191 1948 irat-‘tandum
2206 1919 2303 1948 vobis·
2322 1934 2349 1958 A
2376 1941 2401 1957 -,
2422 1916 2428 1920 ’

1242 1957 1310 1977 cum
1322 1947 1359 1977 de
1371 1957 1441 1985 pace
1454 1950 1488 1980 ὃς
1502 1949 1655 1980 ἀίίεθῑίοηε
1669 1951 1741 1981 inter
1753 1961 1805 1981 nos
1821 1952 1853 1983 δε
1868 1962 1920 1984 vos
1933 1954 2128 1994 reformanda,
2147 1957 2227 1996 quod
2242 1957 2303 1995 plu-
2322 1954 2357 1996 Hs
2377 1947 2400 1995 (-

1240 1988 1346 2016 rimum
1362 1996 1397 2017 ex
1409 1997 1488 2026 parte
1500 1987 1596 2019 nostra
1607 1988 1781 2020 affectamus.
2273 2000 2283 2004 ’
2323 1988 2388 2035 Pin?
2403 2016 2428 2041 7,

1277 2024 1424 2065 Rogantes
1446 2027 1645 2059 discretionem
1659 2028 1781 2060 vestram
1793 2033 1923 2062 attentius
1939 2040 2088 2072 quatenus,
2105 2033 2213 2064 nullam
2225 2044 2305 2071 quae—
2325 2051 2358 2074 H.
2378 2055 2404 2077 χ.
2419 2050 2454 2073 m.

1243 2073 1335 2094 rentes
1357 2073 1393 2095 ex
1412 2075 1491 2103 parte
1509 2066 1600 2098 vestra
1621 2068 1803 2098 occasionem
1826 2069 1872 2099 vel
1892 2071 2117 2111 cavillationem,
2136 2082 2194 2110 quo
2211 2074 2304 2103 minus
2328 2080 2355 2121 7
2376 2078 2401 2113 Ji,

1243 2105 1316 2134 inter
1334 2114 1387 2134 nos
1410 2107 1443 2137 &
1464 2115 1517 2135 vos
1540 2113 1593 2143 pax
1611 2106 1692 2143 plena
1709 2106 1882 2138 reformetur
1901 2110 1934 2140 ὃς
1950 2109 2083 2149 dileetio,
2100 2112 2162 2148 iplis
2179 2111 2306 2142 Nunciis

1243 2141 1346 2174 nostris
1359 2143 1447 2174 fidem
1462 2143 1584 2175 habeatis
1596 2145 1674 2183 super
1689 2145 1755 2184 hiis,
1776 2156 1840 2183 quae
1853 2148 1935 2177 vobis
1947 2148 2064 2179 dixerint
2073 2172 2083 2187 ,
2101 2159 2135 2179 ex
2149 2159 2227 2188 parte
2241 2160 2308 2180 nos-

1244 2189 1303 2220 tra,
1321 2182 1355 2212 ad
1369 2193 1499 2213 amorem
1511 2184 1544 2214 &
1558 2193 1660 2221 pacem
1671 2185 1744 2215 inter
1759 2194 1828 2223 nOS,
1847 2186 1881 2216 ὃς
1894 2197 1947 2216 vos
1958 2187 2147 2218 formandam.

1282 2220 1439 2254 Cettiffimi
1452 2222 1531 2260 quod
1544 2232 1595 2260 per
1608 2232 1661 2253 nos
1677 2224 1710 2254 δι’
1726 2222 1888 2254 Consilium
1902 2224 2033 2255 nostrum
2046 2236 2106 2257 non
2122 2226 2222 2266 stabit,
2239 2227 2310 2258 dum

1243 2269 1298 2290 vos
1318 2260 1408 2292 velitis
1421 2285 1432 2299 ,
1458 2262 1527 2299 quin
1546 2261 1628 2300 plena
1649 2270 1703 2300 pax
1721 2262 1802 2293 firma
1815 2264 1849 2294 &
1863 2262 1979 2297 dileetio
1995 2264 2124 2296 firmetur
2136 2266 2169 2297 δε
2185 2267 2311 2305 [πει-[ενεά

1242 2305 1294 2329 ret.

1282 2337 1323 2368 T.
1341 2336 1496 2377 Huberto,
1514 2338 1575 2370 &c.
1596 2339 1671 2377 apud
1686 2339 1811 2371 Westm.
1832 2350 1851 2379 9
1864 2340 1910 2372 die
1922 2341 2122 2381 Novembris,
2138 2353 2215 2374 anno
2231 2352 2258 2383 7.

1247 2413 1484 2475 MAndatum
1498 2415 1535 2456 est
1552 2419 1679 2448 Dominae
1704 2419 1815 2455 Regina
1835 2420 1869 2449 id
1890 2420 1964 2459 quod
1978 2419 2108 2458 scriptum
2128 2419 2164 2460 est
2181 2423 2313 2460 praeditlo
2372 2451 2387 2454 ,.
2422 2441 2455 2476 D

1345 2458 1442 2484 Comiti
1453 2453 1590 2485 Marchiae
1598 2466 1609 2493 ,⁴
1629 2455 1669 2491 ᾤ’
1683 2458 1846 2487 mandatum
1860 2458 2029 2498 estfimilzter
2042 2463 2070 2488 in
2086 2460 2181 2499 etsdem
2196 2460 2313 2499 litteris,
2334 2445 2411 2476 ΑΜ·
2457 2466 2463 2476 “

1248 2495 1375 2522 Dominae
1391 2496 1500 2530 Reginae
1512 2493 1600 2532 miffis.
2364 2494 2448 2540 1232·

1285 2530 1395 2569 Qiod,
1413 2531 1482 2562 sicut
1502 2531 1650 2563 Dominus
1665 2532 1731 2563 Rex
1743 2533 1780 2564 de
1795 2535 1898 2572 pietate
1910 2535 1956 2565 sua
1970 2535 2106 2575 confidit,
2126 2545 2158 2567 ut
2173 2546 2210 2568 eo
2223 2537 2315 2568 liben-
2334 2528 2386 2552 An.
2404 2541 2428 2558 s·

1247 2570 1301 2600 tius
1322 2570 1389 2599 huic
1407 2570 1488 2607 operi
1506 2571 1575 2601 velit
1595 2581 1713 2608 operam
1735 2573 1901 2610 impendere
1955 2584 2013 2612 quo
2027 2575 2082 2615 ipsa
2094 2576 2161 2614 scit,
2179 2577 2199 2606 fi
2213 2577 2316 2608 fuerint
2334 2568 2372 2606 H..
2390 2573 2415 2599 3⁷

1249 2609 1398 2637 unanimes
1409 2631 1420 2646 ,
1445 2608 1537 2645 ipsum
1558 2610 1638 2646 posse
1659 2610 1763 2642 virilius
1782 2613 1893 2651 agendis
1908 2598 2034 2646 Domini
2049 2613 2138 2652 Regis
2153 2615 2314 2654 intendere,
2333 2602 2443 2630 lbmem‘

1250 2646 1336 2684 ipsam
1359 2645 1500 2686 Reginam
1521 2647 1600 2679 duxit
1613 2672 1622 2686 ,
1638 2649 1668 2678 in
1683 2650 1816 2680 uberibus
1830 2652 1884 2688 piae
1898 2652 2010 2690 maci-is,
2025 2651 2254 2684 affectuosissime
2268 2663 2317 2684 ex-

1250 2684 1405 2724 orandam,
1424 2687 1552 2724 quatinus
1567 2687 1658 2724 ipsum
1671 2686 1838 2728 Comitem,
1859 2689 2029 2720 Dominum
2050 2691 2148 2731 suum,
2166 2691 2200 2722 ad
2213 2701 2316 2730 pacem

1249 2724 1284 2755 ὃ(
1304 2733 1435 2755 amorem
1454 2725 1526 2754 inter
1547 2735 1596 2755 eos
1615 2725 1827 2757 reformandam
1849 2728 1967 2759 sollicite
1990 2730 2104 2760 inducat
2119 2755 2128 2768 ‚
2152 2732 2186 2762 ὃς
2209 2730 2244 2761 ad
2257 2732 2316 2762 hoc

1250 2762 1338 2800 pleno
1355 2763 1462 2793 affeetu
1484 2762 1614 2802 laboret,
1638 2764 1726 2795 fidem
1748 2767 1853 2797 habens
1873 2767 1925 2797 hiis
1937 2792 1948 2806 ,
1975 2778 2040 2806 quae
2061 2768 2096 2798 N
2100 2771 2176 2800 uncii
2192 2769 2316 2800 Domini

1251 2801 1341 2841 Regis
1361 2803 1513 2832 memorati
1533 2803 1560 2832 ei
1580 2801 1701 2834 dixerint
1714 2828 1723 2842 ,
1742 2814 1777 2834 ex
1791 2814 1870 2843 parte
1885 2806 2007 2836 Domini
2021 2806 2127 2847 Regis,
2145 2808 2182 2838 de
2199 2818 2270 2845 pace
2281 2810 2316 2840 δε

1250 2839 1407 2909 gilectione
1420 2841 1492 2871 inter
1505 2839 1675 2873 Dominum
1690 2842 1826 2883 Regem,
1846 2845 1879 2876 &
1894 2844 2006 2876 dietum
2020 2845 2174 2878 Comitem
2187 2846 2316 2878 forman-

1272 2889 1294 2910 a.

1289 2954 1380 2986 Teste
1396 2964 1427 2986 ut
1440 2954 1519 2994 supra
1532 2964 1583 2995 per
1597 2958 1720 2990 eosdem.

1316 3079 1343 3106 δέ
1361 3084 1410 3115 De
1421 3081 1512 3127 fitlvo
1530 3079 1684 3115 Conduffu
1694 3093 1750 3129 pro
1768 3083 1894 3115 Leulino
1908 3086 2047 3131 Principe
2065 3085 2256 3120 Norwalliae.

1251 3165 1340 3225 RE
1351 3164 1382 3197 X
1400 3167 1535 3198 omnibus
1548 3167 1659 3198 Ballivis
1673 3167 1707 3198 &
1721 3166 1851 3198 fidelibus
1866 3168 1918 3199 suis

1324 3214 1392 3236 terae
1407 3207 1605 3244 pervenerint,
1622 3205 1744 3236 salutem.

1288 3243 1388 3274 Sciatis
1401 3254 1455 3274 nos
1466 3244 1611 3282 suscepisse
1622 3245 1651 3274 in
1665 3244 1772 3276 salvum
1786 3245 1963 3277 condut‘tum
1979 3246 2111 3278 nostrum
2126 3247 2262 3278 &lcitum
2283 3248 2317 3278 δε

1251 3281 1367 3312 fidelem
1383 3282 1516 3313 nostrum
1537 3282 1699 3314 Lewlinum
1720 3283 1885 3322 Principem
1905 3285 2091 3323 NorwaIMae,
2111 3288 2143 3317 &
2162 3286 2224 3316 suos
2245 3296 2318 3323 quos

1250 3321 1346 3351 secui-ii
1368 3320 1490 3352 adducet
1509 3346 1518 3359 ,
1545 3323 1574 3352 in
1595 3321 1736 3353 veniendo
1756 3323 1789 3352 ad
1804 3333 1856 3353 nos
1869 3324 1943 3361 apud
1960 3324 2094 3363 wigorn.
2113 3335 2128 3354 a
2141 3324 2186 3354 die
2205 3324 2297 3354 Lunae

1251 3361 1385 3398 proximo
1404 3359 1469 3397 post
1487 3360 1591 3390 instans
1606 3360 1710 3391 festum
1726 3360 1811 3392 sancii
1822 3362 1958 3399 johannis
1975 3361 2121 3400 Baptistae,
2139 3371 2234 3401 annO,
2253 3363 2287 3394 ὃς

1252 3409 1278 3435 7.
1297 3400 1326 3428 in
1338 3398 1411 3429 odio
1426 3398 1499 3437 die-5,
1523 3400 1557 3430 δε
1572 3400 1611 3429 ibi
1625 3399 1781 3438 morando,
1801 3401 1835 3431 &
1850 3400 1916 3429 inde
1931 3399 2099 3444 redeundo..
2152 3440 2155 3443 Δ
2336 3421 2354 3448 d

1288 3436 1384 3467 Duret
1403 3445 1499 3467 autem
1521 3438 1681 3469 conduCtus
1702 3438 1754 3468 iste
1770 3439 1805 3468 ab
1828 3438 1885 3468 hoe
1907 3446 2031 3468 termino
2046 3461 2056 3477 ,
2073 3438 2223 3478 videlicet,
2240 3450 2256 3470 a
2269 3439 2316 3472 die
2355 3441 2362 3448 ’

1251 3476 1343 3507 Lunae
1358 3500 1368 3513 ,
1393 3477 1527 3514 proximo
1548 3476 1613 3515 post
1635 3477 1750 3508 octavas
1764 3477 1861 3507 Sancti
1871 3476 2009 3514 Johannis
2022 3475 2171 3516 Baptistae,
2185 3479 2273 3517 usque
2286 3480 2315 3510 in

1253 3524 1266 3544 1
1301 3514 1368 3545 dies.

1271 3523 1329 3583 5Et
1351 3553 1371 3583 si
1388 3552 1488 3584 sedtxit
1511 3553 1634 3585 Leulino
1647 3578 1658 3592 ,
1684 3554 1718 3584 &
1740 3551 1836 3583 amicis
1856 3552 1908 3582 suis
1924 3576 1934 3591 ,
1952 3562 2022 3584 cum
2036 3553 2172 3591 VVigorn.
2192 3558 2316 3594 venerit,

1252 3591 1333 3630 quod
1354 3592 1514 3623 conduffitus
1532 3594 1577 3624 ille
1598 3594 1746 3631 elongetur
1761 3616 1770 3629 ,
1794 3590 1830 3620 de
1852 3591 1999 3622 voluntate
2020 3592 2101 3628 ipsius
2124 3593 2237 3624 Leulini
2253 3618 2263 3633 ,
2281 3596 2316 3626 &

1251 3631 1413 3661 amicorum
1426 3631 1541 3662 suorum
1556 3656 1566 3670 ,
1587 3631 1621 3662 &
1635 3629 1754 3661 consilio
1768 3628 1893 3660 fidelium
1905 3630 2071 3661 nostrorum
2087 3639 2156 3662 tunc
2171 3632 2318 3674 elongabi-2

1251 3677 1312 3707 tur,
1327 3669 1348 3698 si
1362 3669 1474 3700 necesse
1488 3670 1580 3700 fuerit.
1601 3700 1603 3703 ,

1290 3707 1324 3738 In
1338 3708 1433 3747 cuius,
1451 3709 1511 3739 &c.

2339 3113 2354 3130 ⁴*
2365 3114 2388 3140 Ι.
2405 3109 2469 3148 ις8«

1931 3192 1941 3207 ,
1967 3168 2003 3200 ad
2024 3180 2097 3208 quos
2110 3171 2258 3210 praesentes
2274 3170 2318 3201 lit-
2337 3185 2467 3223 Anno,

2363 3235 2448 3265 12232

2337 3269 2388 3293 An.
2406 3276 2433 3302 7.

2337 3309 2370 3332 H.
2393 3313 2420 3341 3.

2305 3349 2314 3363 ³
2335 3346 2393 3370 Pac.
2410 3351 2437 3378 7.

2289 3373 2314 3394 c·
2335 3387 2467 3419 Atym-42

1289 3783 1381 3815 Teste
1395 3784 1531 3814 Huberto
1545 3782 1581 3814 de
1596 3781 1711 3823 Burgo,
1723 3782 1885 3824 justici-ario
1898 3784 2014 3825 nostro,
2031 3784 2107 3827 apud
2120 3786 2315 3821 Wi‘idestoch

1254 3833 1294 3855 22
1309 3823 1356 3854 die
1365 3823 1460 3862 Junii,
1478 3823 1566 3853 Anno
1577 3822 1690 3854 codem.

1295 3900 1349 3933 Per
1363 3899 1486 3932 eundem
1500 3900 1533 3932 &
1547 3899 1698 3932 consilium
1709 3899 1834 3934 Domini
1847 3900 1946 3942 Regis.

2235 4151 2325 4188 „Bulla
