2570 4261
718 203 829 246 ET
913 204 1178 246 ACTA

1261 207 1740 254 Pussticii.
2246 223 2326 264 157

5 296 82 330 Anti.
98 294 139 326 D.
155 292 300 326 die'torurn
321 292 485 325 Rebelliurn
498 290 660 324 nostrorum
674 290 789 322 versutia
802 288 872 320 adeo
890 298 1019 329 potenter
1033 291 1214 329 reprimatur,
1251 294 1400 330 proveniat
1413 318 1423 333 ‚
1441 297 1474 328 &
1497 306 1560 337 erga
1580 305 1608 328 te
1627 298 1747 339 proinde
1766 297 1862 330 nostra
1877 297 1911 331 &
1925 296 2102 339 Apostoiicae
2115 295 2194 330 Sedis
2205 298 2310 329 merite
2328 296 2404 328 Arm.
2418 292 2459 327 D,

28 334 113 372 1276.

7 375 73 404 Ἐάν.
84 382 108 402 i.

152 333 230 375 quod
243 334 326 364 nobis
338 333 372 364 ὃς
386 332 467 364 vobis
477 331 576 362 cedere
588 330 675 362 valeat
689 329 724 360 ad
736 328 886 359 honorem.

190 409 279 443 Teste
292 409 374 450 Rege
386 408 459 449 apud
472 406 601 438 Windes.
621 415 666 437 12.
680 404 725 435 die
738 403 916 437 Decembris.

447 483 563 515 Eodem
577 482 668 514 modo
683 481 848 514 mandatum
862 481 921 529 est,

156 570 272 604 ‘Abbati
284 571 316 600 de
331 570 483 612 Thorney,
743 578 792 597 mo.

158 608 272 640 Abbati
278 610 372 640 Saneli
378 608 525 648 Augustini
533 611 666 638 Cantuar.
706 605 818 636 Abbati
831 606 926 635 Sanni
933 607 1010 635 Petri
1018 602 1107 634 Glouc.

157 647 271 679 Abbati
285 649 381 678 Sancti
396 647 523 685 Albani,
705 643 819 674 Abbati
831 645 862 674 de
876 643 1046 673 Malmesbir.

156 686 272 717 Abbati
287 687 382 716 Saum
394 686 550 723 Edmundi‚
706 681 820 712 Abbati
833 683 864 712 de
877 682 1034 712 Shireburn.

150 724 272 757 Abbati
285 724 392 764 Wstm.
706 720 819 751 Abbati
830 722 861 750 de
871 720 1019 760 Michelney
1028 743 1038 757 ,

155 762 270 794 Abbati
279 764 311 792 de
325 761 475 803 Certefiye,
705 759 819 789 Abbati
831 760 863 789 de
878 759 1019 788 Abindon.

156 801 272 832 Abbati
283 800 405 839 Glasbon.
705 797 818 828 Abbati
831 798 862 828 de
876 801 974 835 Cerne,

155 839 271 870 Abbati
281 839 313 868 de
327 842 361 868 H
353 840 428 878 yda,

155 877 271 908 Abbati
283 878 314 907 de
328 876 512 916 Abbotesbiry

157 915 270 946 Abbati
284 915 316 945 de
338 915 508 945 Wnchecuni
528 938 534 944 .

156 953 272 985 Abbati
286 954 318 983 de
335 952 459 992 Peifhore
473 977 483 992 ,
744 959 799 981 toni
1055 990 1059 994 ⁴

158 992 270 1023 Abbati
283 993 315 1022 de
329 991 466 1030 Evesham
481 1015 491 1030 ,
709 988 866 1028 Abbatiffae
879 989 911 1018 de
923 986 1083 1027 Shaftesbir.

160 1030 275 1061 Abbati
289 1033 385 1062 SanCZi
398 1031 540 1061 Benedic'li
555 1030 586 1059 de
597 1027 671 1058 Hul-
707 1027 863 1068 Abbatiffae
876 1027 908 1058 de
922 1026 1049 1064 Berking.

707 839 797 866 Priori
812 837 844 866 de
857 839 879 866 C
879 842 986 865 oventr.

708 873 863 913 Abbatiffae
877 875 908 904 de
925 872 1047 909 Wlton,

708 912 864 952 Abbatiffae
889 912 998 943 Sanaae
1016 911 1117 940 Maria
1139 907 1219 938 Wn-

423 1116 484 1148 Sub
496 1117 593 1148 eadem
606 1115 699 1146 forma
717 1114 881 1145 mandatum
894 1113 935 1145 est
943 1138 953 1152 ,

161 1192 284 1233 Jfhbellae
307 1193 448 1234 Comittffae
469 1191 615 1224 Abemarl.
634 1192 673 1228 ὠ
712 1188 1027 1232 Μανςαν.ςοηίίζθ“αᾰε
1035 1189 1184 1231 Ferrariis‘,

200 1235 310 1262 Devon.
323 1235 451 1262 Dominae
465 1231 572 1271 Infitlae.
711 1233 841 1267 Margar.
874 1240 914 1259 uae
920 1229 983 1267 suit
991 1237 1060 1257 uxor
1071 1225 1181 1256 Robertt
1187 1224 1219 1253 de

163 1270 347 1310 Dernergoyll.
362 1271 395 1300 de
406 1270 529 1309 Baliolo,
749 1270 819 1305 Ros,
855 1279 869 1296 e
883 1267 995 1304 ere,

164 1313 242 1346 Agn.
258 1311 290 1339 de
302 1310 393 1350 Vifiy,
714 1304 794 1335 Elen.
810 1305 839 1334 la
855 1304 940 1334 Zuch.

164 1347 275 1384 Agath.
289 1348 320 1376 de
336 1350 557 1384 Mortuo-Mari,
713 1342 841 1374 Amabit.
856 1345 887 1373 de
901 1347 1037 1380 Segrarve,

163 1389 249 1417 Lucae
264 1386 296 1415 de
309 1388 398 1425 Grey,
715 1405 722 1411 .
744 1405 751 1412 .
770 1405 776 1411 .
797 1404 804 1411 .
824 1392 883 1422 quae
906 1379 967 1420 fuit
992 1390 1060 1410 uxor
1084 1380 1173 1408 Henr.
1192 1376 1223 1406 de

165 1423 274 1463 Dionis
287 1425 319 1454 de
333 1428 432 1454 Monte
444 1422 548 1465 Canifio
556 1445 567 1461 ,
753 1422 847 1461 Percy.

160 1565 251 1599 Bulla
276 1563 312 1597 de
337 1560 434 1597 tribus
462 1564 595 1608 Ecclefiis
620 1566 652 1595 in
680 1560 772 1596 Ebor.
789 1565 826 1601 ὠ
847 1561 981 1595 Lincoln.
999 1563 1088 1595 Dioc.
1113 1558 1228 1590 collatis

209 1616 242 1647 S.
257 1622 294 1646 tt.
312 1612 416 1646 Sanffi
427 1614 535 1646 Mart.
554 1608 723 1660 Presbytero
740 1610 833 1644 Card.
849 1613 885 1649 (ῤ’
901 1609 936 1643 de
954 1610 1105 1642 collatione
1123 1606 1226 1640 eadem

203 1672 259 1708 per
280 1664 410 1708 Regem,
434 1670 537 1694 contra
560 1657 699 1702 Nobiles,
719 1659 774 1705 jus
796 1662 979 1694 patronatus
992 1700 993 1703 Ἴ
998 1654 1226 1706 praetendentes,

209 1708 405 1754 defi’ndenda.

13 1793 93 1825 Ann.
106 1791 149 1823 D.
202 1793 340 1825 Ohannes
357 1793 512 1836 Episcopus
523 1818 534 1834 ,
550 1794 642 1826 servus
659 1793 893 1832 servorumDei,
911 1791 1052 1824 cariffimo
1065 1791 1095 1821 in
1110 1788 1228 1821 Christo

35 1830 120 1870 1276.

13 1875 66 1900 An.
80 1879 110 1909 5.

15 1913 47 1936 Ε.
68 1919 91 1936 1.

12 1951 53 1975 ,Ex
60 1949 131 1985 orig.

215 1832 289 1863 Filio
308 1831 453 1864 Edwardo
466 1857 477 1873 ,
494 1834 572 1874 Regi
587 1833 700 1873 Angliae
719 1832 839 1872 illustri,
853 1833 967 1864 salutem
983 1832 1017 1862 &
1031 1829 1228 1870 Apostolicam

221 1871 458 1902 benedics'tionem.
1081 1908 1086 1912 .
1203 1906 1208 1910 ι

204 1909 354 1948 Devotio,
370 1920 456 1948 quam
467 1911 498 1940 in
514 1918 559 1948 te,
576 1910 630 1941 Fili
641 1910 793 1949 carissime,
811 1910 894 1941 nobis
906 1910 940 1941 ὅτ
956 1907 1132 1947 Apostolicae
1145 1904 1228 1943 Sedi,

166 1956 224 1979 tuae
244 1948 383 1987 placabilis
404 1950 570 1980 interitionis
591 1951 697 1989 agnitio
716 1949 885 1987 repromittit
901 1971 912 1987 ‚
934 1949 968 1980 &
988 1946 1092 1978 affidua
1112 1954 1227 1975 tuorum

164 1996 288 2026 operum
301 1987 436 2018 exhibitio
451 1988 633 2026 representat,
644 1987 788 2018 infallibile
800 1988 883 2018 nobis
897 1986 1009 2017 exhibet
1016 1991 1226 2026 argumentum,

163 2035 195 2056 ut
210 2026 256 2057 Re
276 2026 310 2056 iae
325 2026 586 2064 circumspectionis
599 2026 736 2057 affectum
748 2036 873 2064 pronum
887 2025 1011 2056 hortatio
1024 2023 1120 2067 nostra
1133 2031 1226 2060 perci—

162 2065 234 2104 piat,
254 2036 288 2095 ἐξ
308 2065 339 2094 in
360 2065 411 2095 hiis
429 2066 570 2103 maxime,
586 2075 651 2105 quae
670 2065 753 2096 cordi
764 2066 847 2095 nobis
859 2065 922 2106 fore
936 2072 1106 2107 cognoveris
1112 2084 1123 2100 ,
1142 2064 1228 2092 bene·

161 2103 270 2142 placitis
284 2104 365 2141 ipsius
379 2103 457 2134 Sedis
472 2104 505 2135 &
519 2103 622 2135 nostris
635 2111 805 2143 promptum
820 2111 847 2133 te
862 2103 961 2133 offeras
973 2106 1125 2140 requisitus.

200 2141 256 2172 Sed
270 2141 317 2171 etii
331 2164 341 2180 ,
359 2150 445 2178 prout
467 2143 628 2180 credimus,
645 2143 722 2174 recte
743 2142 885 2173 recenseas
897 2141 970 2171 illam
984 2163 994 2179 ‚
1010 2150 1096 2180 quam
1110 2137 1146 2170 ad
1160 2137 1226 2167 Fra-

161 2186 217 2210 tres
230 2179 343 2210 nostros
358 2179 550 2211 Sacrosandtae
563 2181 707 2211 Romanae
721 2180 856 2212 Ecclesiae
872 2179 1035 2210 Cardinales
1047 2179 1165 2209 uberem
1177 2185 1226 2216 ge-

161 2219 248 2248 rimus
261 2219 421 2258 caritatem,
441 2220 460 2250 si
473 2219 662 2250 ministerium
676 2219 837 2250 eorundem
855 2220 886 2249 in
900 2219 1015 2249 rationis
1028 2216 1142 2255 speculo
1155 2225 1228 2246 con-

162 2256 337 2287 descenderis
352 2258 556 2297 contemplari,
575 2259 622 2298 qui
634 2267 715 2289 tanto
728 2257 873 2289 commiffi
887 2257 970 2287 nobis
982 2255 1161 2295 Apostulatus
1175 2253 1229 2297 sar-

162 2296 259 2326 cinam
278 2295 409 2327 efficiunt
427 2297 563 2328 leviorem
577 2320 587 2336 ,
613 2306 720 2336 quanto
739 2297 959 2335 cohoperatores
978 2295 1082 2334 optimi
1094 2319 1103 2333 ,
1119 2291 1229 2324 studio-

162 2343 228 2364 rum
243 2334 357 2365 suorum
378 2345 435 2374 ope
448 2358 458 2374 ,
476 2335 604 2366 nostram
620 2336 762 2367 stabiliunt
778 2335 938 2367 facultatem
954 2357 964 2372 ‚
979 2335 1013 2365 ὃς
1027 2332 1160 2373 gratiosus
1175 2340 1227 2361 oc-

162 2382 257 2407 curres
268 2372 394 2412 ipsorum
410 2397 420 2413 ,
443 2383 511 2405 cuin
528 2374 631 2406 favoris
648 2375 794 2414 largitione
807 2397 817 2413 ,
836 2373 1009 2417 profer-{tibus
1023 2395 1033 2410 ,
1051 2372 1085 2402 &
1098 2370 1227 2401 nostram

161 2420 194 2442 ac
209 2411 287 2443 Sedis
300 2411 424 2450 ejusdem
438 2413 603 2443 munificam
616 2413 693 2444 circa
706 2423 755 2443 eos
768 2412 977 2450 providentiam
993 2409 1206 2448 comprobabis

0 2567 132 2604 ¹?11.77.

200 2449 274 2480 Sane
287 2459 356 2480 cum
371 2450 458 2481 iidem
472 2449 650 2489 Cardinales,
666 2452 698 2482 in
712 2460 835 2489 quorum
844 2450 941 2480 eleetae
955 2449 1118 2480 maturitatis
1132 2447 1227 2478 indus-

163 2487 233 2526 tria,
250 2488 346 2518 nostra
359 2489 392 2519 ὃς
407 2488 586 2526 Apostolicae
599 2489 676 2519 Sedis
695 2490 779 2520 latera
795 2488 968 2528 requiescunt
982 2511 993 2526 ,
1010 2486 1161 2529 nobiscum
1174 2486 1228 2516 bo·-

165 2535 206 2556 no
220 2528 343 2564 publicae
356 2527 547 2567 tranquilitatis
561 2527 695 2558 &salutis
709 2528 877 2567 invigilent,
896 2527 929 2557 &
946 2536 1000 2568 pro
1015 2525 1084 2568 curii
1101 2523 1229 2554 Univer-

165 2564 221 2599 salis
233 2563 366 2596 Ecclesiae
380 2565 488 2598 labores
500 2567 639 2596 continue
653 2566 794 2604 perferant
813 2565 833 2585 ²*
851 2568 1002 2602 oneroios,
1020 2563 1169 2602 indignum
1177 2562 1230 2592 du-

166 2603 257 2634 cimus
281 2611 312 2634 ut
330 2602 381 2643 ipsi
401 2603 583 2642 substantias,
600 2615 724 2642 quorum
744 2604 875 2636 continui
894 2603 1019 2640 sumptus
1039 2601 1230 2639 multipliciter

168 2641 314 2672 effluentes
329 2641 495 2672 exhauriunt
510 2665 519 2680 ,
536 2641 679 2673 defectum
701 2643 847 2673 bonorum
863 2642 1060 2679 temporalium
1077 2643 1228 2678 patiantur,

167 2682 218 2719 qui
232 2680 424 2711 sollicitudinis
438 2680 544 2711 nosttae
558 2683 708 2720 participes
719 2704 729 2720 ,
747 2681 781 2711 ad
795 2680 969 2712 cunctorum
985 2679 1093 2710 Christi
1105 2678 1231 2709 fidelium

166 2720 274 2758 salutis,
294 2721 327 2751 ὃς
341 2717 422 2751 Pacis
436 2719 656 2752 habundantiam
669 2720 835 2751 moliuntur.
1163 2755 1169 2761 .

203 2758 248 2789 Ex
265 2758 324 2788 hoc
345 2757 440 2796 utique
452 2780 461 2795 ,
485 2768 554 2789 curn
574 2759 669 2797 nuper⁴
684 2758 821 2789 diletfihirn
841 2758 930 2789 filium
949 2757 1079 2788 nostrum
1101 2756 1129 2787 S.
1150 2755 1232 2785 titulo

166 2796 264 2827 Sancti
285 2795 406 2826 Martini
424 2795 624 2828 Praesbiterum
643 2796 826 2827 Cardinalem
844 2819 854 2836 ‚
879 2796 1002 2827 consilio
1021 2796 1096 2834 cujus
1116 2794 1233 2833 refulget

168 2834 309 2873 Ecclesia,
327 2834 456 2874 cujusque
475 2835 577 2866 diutius
587 2837 646 2875 jam
662 2844 775 2874 experta
790 2835 921 2868 discretio
938 2835 1070 2873 celebris,
1088 2834 1235 2877 participa-

168 2874 254 2904 tionis
270 2874 390 2911 auxilio,
409 2872 586 2914 Apostolicae
599 2874 675 2905 Sedis
687 2873 819 2905 clarificat
831 2874 955 2904 afflones
968 2897 977 2912 ,
994 2874 1072 2911 quta
1093 2876 1147 2903 iuae
1162 2882 1234 2902 con-

167 2912 283 2943 ditionis
296 2913 448 2951 intuitum,
467 2913 591 2952 egestatis
605 2915 739 2944 oneribus
753 2912 829 2943 affici
840 2936 850 2951 ,
873 2922 935 2942 non
948 2913 1049 2951 absque
1062 2911 1139 2942 Sedis
1154 2911 1234 2951 ipsius

166 2950 327 2989 ignominia
339 2949 513 2987 videremu53
535 2951 570 2983 de
584 2951 774 2983 Wistanestea
790 2953 823 2983 &
837 2951 873 2981 de
886 2950 1102 2990 Frondingham
1117 2949 1235 2993 Lincol-

169 2990 248 3019 nien.
267 2989 301 3019 ὃς
314 2988 350 3018 de
365 2988 511 3019 Archexea
524 2990 655 3020 Eborum
670 2991 786 3021 Diocesi
798 2989 935 3021 Ecclesias
947 3014 957 3028 ,
975 2998 1026 3028 per
1039 2989 1174 3020 dilectum
1188 2988 1235 3017 Fi-

167 3027 240 3056 lium
252 3026 400 3057 Tedifium
416 3026 452 3057 de
466 3026 587 3058 Camilla
607 3028 792 3066 Capellanum
812 3027 941 3059 nostrum
956 3052 965 3067 ,
983 3028 1057 3059 olim
1075 3027 1234 3058 Retiorem

170 3064 361 3095 Ecclefiarum
381 3065 502 3102 ipsarum
516 3088 526 3104 ‚
548 3067 577 3096 in
591 3067 692 3097 nostris
706 3068 835 3098 manibus
848 3067 934 3097 libere
954 3066 1115 3106 resignatas,
1134 3067 1166 3096 &z
1187 3073 1234 3103 per

172 3103 388 3142 resignationem
405 3103 565 3142 hujusmodi
582 3105 680 3135 liberas
693 3106 726 3136 &
740 3114 888 3144 vacantes,
927 3115 987 3144 uaS,
1008 3107 1079 3136 'uXta
1096 3103 1235 3135 constitu-

173 3142 284 3172 tionem
296 3164 306 3180 ,
323 3142 413 3173 felicis
433 3141 634 3173 recordationis
648 3166 658 3182 ‚
676 3142 714 3174 C.
739 3143 823 3183 Papae
843 3144 886 3174 Pr
928 3153 977 3174 eoe
1001 3145 1058 3174 oris
1073 3143 1163 3174 nostri
1177 3143 1236 3172 edi-

171 3188 230 3211 tam
250 3181 330 3218 super
350 3180 493 3211 beneficiis
514 3182 544 3210 in
565 3180 654 3212 Curia
668 3181 803 3213 Romana
815 3184 977 3214 vacantibus
992 3205 1002 3221 ,
1020 3183 1054 3214 &
1069 3193 1136 3220 per,
1155 3191 1236 3212 reco-

170 3217 264 3249 lendae
283 3220 433 3249 memoriae
446 3242 456 3258 ,
474 3218 516 3250 G.
536 3218 621 3257 Papae
645 3219 857 3252 Praedecefforis
877 3221 967 3252 nostri
989 3220 1175 3259 postmodum
1204 3221 1234 3249 in

171 3257 353 3296 Lugdunensi
370 3256 507 3288 Concilio
529 3257 706 3289 moderatam
722 3282 732 3297 ,
749 3269 817 3290 cum
831 3259 962 3290 nondum
983 3268 1093 3299 tempus
1107 3258 1237 3289 modera-

173 3296 258 3326 tionis
277 3296 436 3332 hujusmodi
448 3296 596 3327 effluxisset
611 3319 620 3333 ‚
635 3298 767 3328 conferre
781 3299 914 3337 quispiam
929 3298 978 3328 nisi
994 3298 1146 3328 Romanus
1158 3296 1236 3327 Pon-

173 3334 242 3364 tifex
259 3344 319 3363 non
339 3334 469 3372 valebat,
488 3334 581 3365 eidem
601 3333 745 3366 Cardinali
759 3358 769 3373 ‚
785 3336 820 3366 ad
840 3337 999 3368 tollendum
1021 3337 1159 3376 gravantis
1178 3336 1236 3374 ejus

172 3372 296 3412 egestatis
309 3373 500 3412 opprobrium
508 3396 517 3411 ,
533 3373 662 3404 duximus
673 3373 867 3404 conferendas.

209 3410 341 3449 [deoque
350 3411 523 3441 serenitatem
537 3420 614 3442 tuam
629 3420 775 3451 rogamuS,
792 3413 825 3443 &
840 3413 987 3445 hortamur
1000 3421 1104 3444 attente
1118 3438 1127 3451 ,
1148 3413 1235 3451 quati-

173 3459 225 3480 nus
239 3450 312 3480 circa
326 3449 389 3479 haec
403 3449 569 3480 laudabilem
583 3450 770 3489 providentiae
782 3451 887 3481 nostrae
903 3461 1015 3483 motum
1029 3454 1090 3483 acie
1106 3452 1234 3490 providae

174 3487 404 3519 considerationis
419 3488 564 3519 attendens
612 3488 645 3519 &
666 3489 695 3518 in
715 3488 773 3519 hoc
787 3490 844 3529 ejus
855 3513 865 3528 ,
884 3501 970 3528 quam
984 3491 1018 3521 ad
1037 3491 1232 3529 Apostolicam

173 3526 280 3557 Sedem
316 3528 366 3557 eris
379 3551 389 3565 ,
406 3527 542 3558 affectum
563 3510 725 3557 devotionis
737 3528 914 3569 acceptabilis
927 3529 1121 3568 manifestans,
1141 3528 1232 3558 eidem

175 3564 321 3596 Cardinai
347 3574 379 3595 ac
409 3566 644 3596 Procuratoribus
661 3566 718 3603 eius
731 3589 741 3604 ,
764 3566 798 3597 &
816 3566 937 3597 Nuntiis
956 3568 990 3598 ad
1017 3576 1105 3607 partes
1122 3567 1233 3605 Angliae

176 3612 325 3642 propterea
345 3603 502 3642 destinatis,
518 3603 598 3642 super
618 3602 789 3635 assecutione
802 3605 978 3643 poffeffionis
991 3606 1117 3646 pacificae
1131 3605 1234 3636 Eccle-

176 3641 277 3672 siarum
297 3642 416 3681 ipsarum
433 3652 467 3673 ac
487 3643 590 3680 jurium
604 3641 757 3672 earundem
774 3651 876 3674 contra
887 3644 1015 3683 personas
1029 3645 1180 3683 quassibet,
1194 3644 1235 3673 ob

177 3683 363 3712 reverentiam
377 3680 553 3718 Apostolicae
567 3680 660 3719 Sedis,
678 3681 711 3711 &
725 3679 870 3720 nostram,
885 3692 939 3713 nec
953 3692 1014 3713 non
1029 3685 1061 3715 ὃς
1074 3684 1152 3721 ipsius
1165 3682 1236 3713 Car-

178 3717 275 3749 dinalis
291 3720 423 3750 intuitum
435 3741 445 3758 ,
464 3719 537 3758 apud
552 3729 637 3759 quem
648 3719 716 3749 utile
729 3718 821 3748 sortiri
832 3721 934 3759 poteris
971 3721 1121 3752 ratitudinis
1135 3731 1236 3758 accep-

179 3763 217 3786 tae
237 3757 366 3789 solatium
385 3759 414 3788 in
434 3758 560 3788 futurum
574 3780 584 3795 ‚
602 3758 736 3788 auxilium
755 3758 789 3788 δε
801 3757 927 3788 favorem
973 3760 1068 3798 egium
1081 3761 1236 3799 propitium

178 3794 319 3835 largiaris3
344 3797 419 3827 circa
440 3796 469 3826 id
491 3796 634 3835 potisfim'e
656 3796 774 3835 gratiam
794 3796 834 3825 tui
855 3795 957 3839 fayoris
971 3798 1121 3828 extendens
1133 3821 1142 3837 ,
1158 3797 1235 3839 quod

179 3841 248 3862 cum
267 3836 396 3866 nonnulli
417 3834 540 3866 Nobiles
553 3834 588 3865 de
604 3835 726 3872 partibus
737 3834 787 3864 illis
799 3856 808 3871 ,
826 3840 856 3864 ut
871 3833 974 3864 dicitur
987 3859 997 3873 ‚
1015 3837 1054 3872 jus
1067 3836 1238 3867 Patronatsis

179 3870 282 3901 habere
304 3873 334 3902 in
352 3873 455 3905 eisdem
476 3873 604 3904 Eccleiiis
621 3873 648 3902 se
666 3872 838 3910 praetendant
854 3894 865 3910 ,
882 3873 920 3902 sic
934 3882 982 3902 eos
993 3873 1071 3914 super
1082 3875 1140 3906 hoc
1153 3876 1241 3906 bene-

180 3908 288 3947 placitis
309 3912 409 3942 nostris
428 3922 478 3952 per
499 3921 554 3943 tuae
576 3910 836 3949 circumspectionis
856 3909 1020 3941 industriam
1037 3935 1048 3951 ,
1065 3913 1241 3944 voluntarios

180 3947 281 3985 satagas
293 3947 462 3989 informare,
480 3951 631 3990 praesertim
646 3959 715 3980 cum
730 3959 783 3979 nos
795 3948 992 3986 indempnitati
1003 3950 1068 3987 juris
1082 3951 1240 3982 Nobilium

180 3984 340 4016 eorundem
354 4010 364 4027 ,
385 3988 404 4019 fi
444 3990 501 4020 uod
523 3991 552 4020 in
575 3988 703 4018 Ecclesiis
720 3988 781 4027 ipfis
801 3987 904 4017 habere
923 3987 1021 4017 fositan
1042 3988 1243 4028 dinoscuntur,

181 4023 329 4054 sufficienti
347 4035 397 4066 per
419 4027 520 4058 litteras
535 4026 711 4065 Apostolicas
731 4025 860 4056 remedio
873 4034 1038 4064 caveamus,
1054 4027 1135 4066 qubd
1149 4028 1243 4058 eidem

183 4061 343 4101 cardinali,
360 4074 410 4102 per
423 4067 464 4096 tui
473 4066 577 4099 favoris
589 4065 740 4104 auxilium,
756 4065 874 4106 speratus
889 4063 993 4096 studius
1003 4073 1038 4095 ex
1046 4065 1132 4106 gratia¹
1146 4066 1242 4098 nostrii.

1253 331 1451 364 benevolentia
1465 335 1600 366 dilatetur.
2328 336 2433 403 :gl-27⁶-

2365 385 2394 402 U·
2414 382 2438 400 Ι»

1290 406 1363 447 Dat.
1377 408 1495 442 Viterbi'i
1509 410 1551 442 Id.
1567 411 1641 443 Dec.
1656 412 1764 444 Pontif.
1778 413 1867 444 nostri
1882 423 1959 445 anno
1973 414 2077 454 primo.

1961 490 2014 521 Sub
2024 489 2073 531 filo
2084 487 2211 520 cambeo-

1297 611 1347 642 Dc
1365 611 1459 657 Casta
1476 612 1603 654 Ecclcfiae
1623 615 1759 646 Romana
1770 640 1779 655 ‚
1799 624 1853 658 pro
1869 614 1981 660 fiptem
1997 618 2083 647 annis
2091 616 2267 661 praeteritis,

1700 661 1855 707 sblvendo.

2333 720 2409 752 Ann.
2423 717 2464 750 D.

1246 741 1424 824 JOhannes
1443 744 1613 814 Episcopus,
1628 744 1720 777 servus
1741 747 1885 777 servorum
1899 747 1956 778 Dei
1970 771 1979 785 ‚
1999 746 2139 778 carissimo
2152 749 2181 778 in
2196 745 2314 778 Christo
2354 760 2437 797 1276,

1303 781 1375 849 {ilio
1387 783 1461 822 Regi
1476 785 1543 823 Ang
1564 794 1589 814 ae
1601 783 1697 814 illustri
1710 808 1719 823 ‚
1736 784 1849 816 salutern
1871 787 1903 817 &
1927 785 2125 826 Apostolicam
2138 786 2314 818 benedietio-
2333 803 2385 826 Aa.
2400 808 2428 833 5·

1331 830 1386 850 em.
1477 848 1480 849 γ

1293 857 1374 888 Cum
1392 859 1505 890 censum
1521 883 1530 898 ,
1547 859 1681 892 Ecclesia:
1693 861 1839 892 Romanae
1859 863 1874 892 a
1893 871 1921 893 te
1941 865 2019 893 annis
2037 862 2146 902 singulis
2166 861 2294 893 debitum
2309 882 2318 899 ,

1255 905 1309 935 pro
1330 896 1434 934 septem
1456 899 1534 928 annis
1549 921 1558 936 ,
1574 900 1635 937 jam
1656 902 1800 937 praeteritis
1815 924 1825 938 ,
1852 902 1884 932 ἂ
1906 911 1960 940 pro
1982 911 2059 931 anno
2074 901 2217 940 praesenti,
2232 909 2317 930 com-

1254 933 1362 977 plendo
1376 935 1407 964 in
1423 935 1508 966 Festo
1520 937 1595 967 beati
1608 937 1756 968 Michaelis
1771 939 1938 978 Archangeli
1948 939 2059 976 ,mense
2073 940 2244 978 Septembris
2252 947 2318 975 pro-

1255 981 1334 1016 ximo
1357 981 1477 1004 venturo
1489 996 1499 1012 ,
1519 975 1590 1006 osto
1604 976 1689 1006 millia
1702 976 1866 1008 Marcarum
1882 978 2086 1016 sterlingorum
2106 978 2212 1008 solvere
2226 984 2320 1006 tenea-

1256 1019 1307 1048 ris,

1297 1048 1480 1080 Serenitatem
1495 1049 1617 1090 Regiam
1629 1053 1792 1090 requirimus
1805 1053 1838 1084 ὃς
1854 1062 1998 1091 rogamus,
2018 1054 2142 1091 quatinus
2160 1051 2321 1091 hujusmodi

1260 1089 1427 1125 pecuniam,
1446 1098 1499 1128 pro
1510 1088 1590 1119 dietis
1603 1089 1707 1127 septem
1721 1091 1798 1120 annis
1812 1092 1955 1128 praeteritis
1974 1093 2006 1122 &
2023 1101 2099 1121 anno
2115 1091 2242 1130 piaesenti
2254 1113 2264 1129 ,
2277 1091 2322 1121 vi—

1257 1126 1374 1164 delicet,
1392 1128 1443 1156 tria
1457 1126 1542 1157 millia
1555 1126 1720 1158 Marcarum
1732 1128 1803 1158 infra
1819 1128 1949 1159 Mensem
1963 1129 2028 1169 post
2043 1132 2236 1168 receptionem
2250 1139 2323 1167 prae*

1259 1163 1394 1202 sentium,
1412 1165 1446 1195 ὃ(
1460 1166 1580 1195 totidem
1596 1167 1624 1196 in
1638 1165 1723 1196 Festo
1744 1166 1817 1196 beati
1833 1166 1972 1204 Johannis
1990 1167 2120 1205 Bipnstae
2134 1169 2264 1205 proximo
2278 1167 2324 1197 fu-

1260 1210 1344 1242 turo,
1363 1203 1396 1234 &
1410 1202 1470 1233 duo
1484 1204 1570 1234 millia
1581 1204 1611 1233 in
1627 1204 1765 1243 praeditfto
1787 1205 1873 1235 Festo
1894 1206 1966 1236 beati
1979 1205 2145 1244 Michaelis,
2164 1205 2269 1236 dilecto
2288 1205 2323 1240 fi-

1259 1241 1299 1271 lio
1314 1264 1324 1280 ,
1343 1241 1483 1280 Magistro
1506 1241 1629 1273 Gifredo
1651 1242 1687 1274 de
1708 1242 1828 1273 Vecano
1842 1266 1852 1282 ,
1872 1242 1989 1274 Clerico
2003 1243 2134 1274 Camerae
2147 1244 2270 1282 nostrae,
2286 1244 2321 1274 &

1259 1279 1384 1348 Nusnffio
1398 1280 1498 1310 nostro
1515 1281 1544 1311 in
1560 1280 1661 1321 Anglia
1675 1305 1685 1320 ‚
1708 1282 1829 1313 nomine
1848 1281 1946 1312 nostro
1969 1283 2003 1313 &
2025 1282 2159 1312 Ecclesiae
2177 1282 2322 1312 Roman-ae

1262 1328 1309 1356 per
1321 1328 1340 1348 o
1351 1328 1406 1350 vas.

1300 1357 1369 1387 Nos
1388 1357 1466 1386 enim
1487 1356 1578 1388 eidem
1599 1355 1742 1396 Magistro
1765 1357 1890 1389 Gifredo
1904 1358 2056 1397 liberandi,
2074 1360 2107 1391 &
2120 1357 2281 1390 absolve-di
2299 1364 2326 1386 te

1259 1396 1295 1426 ab
1316 1395 1474 1434 hujusmodi
1493 1396 1592 1427 debito
1604 1419 1615 1436 ,
1638 1397 1671 1427 ὅ(
1695 1396 1817 1427 faciendi
1832 1398 1882 1428 tibi
1896 1408 1948 1435 pro
1960 1399 2087 1429 nobis&
2113 1397 2236 1429 Ecclesia
2252 1405 2323 1435 prae-

1260 1434 1335 1464 dieta
1356 1435 1551 1465 refutationem
1572 1435 1605 1466 &
1627 1434 1864 1478 adquietationem
1889 1437 2038 1474 plenariam
2060 1437 2096 1467 de
2116 1438 2167 1467 hiis
2182 1445 2245 1475 quae
2261 1436 2277 1464 a
2296 1441 2323 1463 te

1259 1474 1396 1510 receperit
1407 1495 1417 1510 ‚
1435 1481 1519 1510 prout
1539 1473 1576 1504 de
1595 1476 1653 1511 jure
1673 1475 1755 1504 tuerit
1770 1496 1781 1514 ,
1807 1474 1919 1513 plenam
1934 1476 2078 1506 tribuimus
2091 1485 2190 1507 tenore
2204 1472 2324 1516 praesen-

1263 1513 1335 1543 tium
1349 1509 1527 1550 potestatem.

2334 841 2363 864 Ε,
2387 845 2411 863 i.

2335 880 2375 903 Ex
2393 874 2465 909 orig.

1301 1588 1369 1620 Dat.
1384 1587 1505 1620 Viterbii
1524 1597 1567 1627 15.
1582 1588 1646 1620 Kar
1658 1587 1794 1628 Januarii,
1812 1588 1994 1621 Pontificatus
2005 1590 2094 1621 nostri
2105 1600 2182 1622 anno
2195 1591 2299 1630 primo.

1263 1713 1290 1740 ᾗ
1315 1716 1373 1746 Pro
1394 1715 1450 1747 M.
1469 1715 1581 1760 Regina
1599 1717 1698 1747 Scoti'ae
1712 1713 1755 1747 ad
1762 1725 1864 1761 partes
1877 1715 2099 1761 transmarinas
2106 1720 2323 1763 peregrinante.
2346 1716 2409 1744 7*11-
2424 1714 2468 1751 78,

1266 1799 1342 1860 M
1379 1798 1489 1839 Regina
1501 1798 1607 1830 Scotiae
1622 1799 1706 1830 habet
1720 1800 1821 1831 litteras
1841 1801 1928 1841 Regis
1942 1809 2081 1840 patentes,
2097 1801 2132 1832 de
2145 1801 2218 1832 salvo
2238 1802 2270 1832 &
2284 1800 2324 1831 se·
2345 1780 2422 1850 Αιῖη
2437 1779 2478 1811 D·

1327 1877 1332 1883 ·
1346 1847 1356 1859 ·
1378 1849 1449 1869 curo
1463 1838 1661 1881 conductum
1676 1838 1772 1883 eundo
1778 1849 1851 1884 ,per
1863 1848 1964 1884 terram
1974 1839 2079 1884 Regis,
2096 1839 2323 1884 adqpartestrans-
2343 1827 2440 1886 ‘47:17'
2442 1841 2449 1849 “

1265 1887 1382 1907 marinas
1397 1900 1406 1915 ,
1424 1880 1573 1907 occasione
1587 1886 1811 1917 peregrinationis
1826 1881 1898 1917 iuae,
1916 1889 1944 1908 in
1967 1881 2086 1918 partibus
2105 1879 2154 1908 illis
2170 1878 2324 1917 faciendae,
2345 1901 2375 1924 E·
2398 1874 2423 1924 ι)

1266 1916 1377 1984 groteira
1389 1916 1476 1955 Regis
1489 1916 1621 1955 praedicta
1635 1916 1792 1956 motando,
1810 1917 1843 1948 ὃς
1856 1918 1921 1947 inde
1934 1916 1969 1948 ad
1982 1925 2071 1955 partes
2084 1917 2189 1948 Scotiae
2201 1917 2321 1948 redeun-
2346 1939 2404 1963 Par.
2414 1943 2440 1970 ς.

1310 1978 1315 1984 ’
2346 1977 2376 2002 Ξ.
2389 1983 2411 2000 i.

1303 1993 1338 2024 In
1351 1995 1443 2032 cujus,
1464 1993 1523 2023 &c.
1538 2001 1587 2032 per
1601 2001 1692 2022 unum
1704 2001 1810 2023 annum
1823 1991 1970 2025 duraturas
2347 2021 2383 2041 m,
2400 2010 2446 2039 26,

1300 2069 1390 2100 Teste
1402 2068 1484 2109 Rege
1496 2068 1570 2107 apud
1584 2067 1753 2100 Cirencestr.
1769 2069 1904 2101 vicesimo
1917 2070 1993 2101 sexto
2007 2069 2052 2101 die
2066 2069 2243 2102 Decembris.

1420 2196 1469 2229 De
1483 2192 1612 2241 Legibus
1623 2194 1802 2241 Anglicanis
1817 2198 1848 2228 in
1866 2193 2022 2245 I-ijbernia
2039 2194 2165 2229 utendis.

1266 2279 1463 2342 EDwardus
1477 2279 1567 2324 [Dii
1586 2279 1672 2320 gratia
1687 2303 1696 2318 ‚
1716 2279 1782 2310 Rex
1801 2280 1910 2325 Angliae
1922 2304 1933 2320 ,
1949 2280 2093 2312 Dominus
2114 2279 2278 2318 Hiberniae,
2296 2278 2330 2310 δε
2352 2245 2484 2325 Agle

1342 2318 1413 2349 Dux
1427 2319 1600 2387 Affmmae'
1618 2318 1724 2349 dileeto
1738 2320 1772 2351 &
1786 2318 1861 2350 fideli
1877 2319 1926 2350 suo
1939 2319 2073 2350 Roberto
2084 2319 2119 2350 de
2135 2317 2330 2357 Ufford,Jui'-
2348 2331 2400 2355 Aa.
2417 2336 2445 2362 ς.

1264 2359 1371 2388 ticiario
1385 2357 1435 2388 suo
1481 2359 1614 2395 iberniae,
1631 2357 1752 2388 salutem.
2352 2370 2381 2392 E.
2400 2375 2422 2393 ι,

1305 2396 1394 2436 Super
1414 2395 1609 2426 melioratione
1628 2395 1713 2426 statiis
1733 2397 1766 2427 δε
1785 2397 1861 2434 pacis
1873 2397 1902 2426 in
1915 2404 1987 2427 terra
2000 2395 2096 2426 nostra
2109 2395 2275 2434 Hiberniae,
2293 2395 2330 2426 de
2349 2401 2464 2431 Rumlel,

1265 2433 1323 2474 qua
1346 2444 1393 2471 per
1415 2434 1518 2465 vestras
1537 2435 1625 2464 literas
1637 2435 1719 2464 nobis
1732 2445 1822 2472 nuper
1838 2434 2022 2474 significastis,
2039 2435 2166 2465 laetainur
2180 2435 2215 2465 &
2228 2433 2332 2473 gaude·
2348 2444 2448 2469 Litora-

1265 2482 1329 2502 mus
1343 2482 1429 2512 quam
1443 2472 1614 2510 plurimum3
1632 2473 1682 2510 ὃς,
1702 2472 1873 2511 diligentiam
1886 2473 2005 2504 vestram
2025 2473 2104 2503 valde
2118 2471 2329 2503 commendan-
2348 2489 2407 2506 rum
2430 2479 2458 2506 in

1266 2518 1305 2541 tes
1320 2512 1349 2540 in
1364 2511 1416 2541 hac
1448 2519 1522 2548 arte,
1539 2511 1675 2551 speramus
1691 2510 1765 2551 (ope
1781 2511 1858 2549 Dei)
1880 2511 1956 2550 quod
1969 2521 2001 2541 ea
2014 2534 2025 2550 ,
2041 2521 2105 2550 quae
2118 2512 2223 2541 ibidem
2239 2510 2330 2541 lauda-
2347 2520 2437 2548 Tum,

1264 2549 1355 2579 biliter
1375 2549 1427 2580 hac
1440 2559 1507 2579 enus
1524 2549 1675 2580 inchoastis
1688 2572 1697 2587 ,
1713 2558 1849 2588 quantum
1869 2551 1898 2580 in
1915 2550 1997 2581 vobis
2011 2548 2069 2588 est,
2085 2549 2201 2580 faeliciiis
2216 2551 2250 2581 &
2265 2550 2333 2581 viri·
2432 2551 2438 2554 '

1266 2588 1317 2617 litis
1330 2588 1527 2618 continuabitis
1540 2588 1570 2617 in
1585 2588 1719 2618 futurum.

1303 2624 1452 2656 Caeterum
1469 2626 1504 2656 de
1520 2634 1556 2656 eo
1564 2649 1574 2664 ,
1589 2625 1667 2665 quod
1682 2624 1884 2655 Communitas
1898 2624 2055 2666 Hyberniae
2075 2626 2147 2657 octo
2160 2626 2243 2657 millia
2257 2625 2340 2657 Mar-

1270 2674 1366 2694 carum
1381 2665 1467 2694 nobis
1479 2663 1565 2695 offert
1579 2674 1631 2705 pro
1644 2665 1701 2694 hoc
1709 2687 1718 2702 ‚
1727 2664 1805 2702 quod
1814 2665 1851 2694 eis
1866 2663 1956 2704 Leges
1964 2664 2130 2705 Anglicanas
2142 2667 2173 2696 in
2185 2664 2256 2696 terra
2263 2675 2338 2705 prae-

1269 2702 1346 2733 dicia
1370 2701 1481 2733 utendas
1501 2703 1690 2733 concedamus
1705 2726 1715 2741 ,
1732 2703 1800 2733 scire
1814 2713 1864 2733 vos
1877 2705 2007 2733 volumus
2021 2726 2031 2742 ‚
2051 2704 2128 2742 quod
2143 2713 2212 2743 nos,
2229 2713 2282 2743 pro
2300 2714 2338 2735 eo

1268 2740 1344 2779 quod
1365 2741 1455 2780 Leges
1467 2764 1477 2780 ,
1497 2742 1597 2779 quibus
1621 2749 1736 2772 utuntur
1750 2741 1915 2779 Hibernici,
1932 2741 1999 2772 Deo
2014 2742 2186 2773 detestabiles
2199 2741 2338 2783 existunt,

1269 2781 1303 2811 &
1316 2782 1398 2810 omni
1413 2780 1464 2818 juri
1478 2778 1621 2810 dissonant
1631 2804 1642 2818 ,
1660 2780 1732 2811 adeo
1748 2780 1826 2818 quod
1842 2779 1931 2818 Leges
1945 2780 2047 2811 censeri
2059 2791 2119 2811 non
2133 2781 2267 2819 debeant;

1307 2818 1419 2849 Habito
1432 2817 1510 2858 super
1525 2819 1582 2849 hoc
1596 2828 1665 2849 cum
1680 2818 1818 2849 Concilio
1832 2819 1931 2849 nostro
1951 2820 2067 2850 tradiatu
2083 2820 2208 2858 diligenti
2223 2821 2257 2850 &
2270 2818 2342 2850 deli·-

1271 2857 1415 2887 beratione
1428 2856 1563 2896 pleniori,
1581 2858 1663 2887 nobis
1677 2858 1710 2888 ὃς
1724 2856 1862 2889 Concilio
1878 2857 1977 2888 nostro
1990 2858 2051 2888 satis
2065 2858 2175 2889 videtur
2183 2858 2344 2898 expediens,

1272 2895 1376 2926 eisdem
1398 2896 1510 2926 utendas
1529 2895 1689 2926 concedere
1711 2895 1800 2935 Leges
1823 2896 2013 2934 Anglicanas3
2040 2897 2111 2927 dum
2132 2898 2267 2927 tamenin
2283 2897 2341 2928 hoc

1271 2934 1368 2974 populi
1381 2957 1392 2972 ,
1417 2934 1462 2964 vel
1482 2933 1576 2964 saltem
1597 2933 1784 2965 Praelatorum
1797 2959 1807 2973 ,
1828 2936 1862 2966 δε
1878 2934 2045 2974 Magnarum
2060 2957 2070 2973 ,
2087 2936 2172 2965 bonae
2188 2935 2341 2966 voluntatis

1271 2973 1465 3009 existentium,
1485 2973 1518 3003 &
1533 2972 1710 3003 concordato
1723 2973 1794 3003 inter
1809 2983 1859 3004 vos
1874 2975 1908 3004 &
1922 2973 1993 3009 ipsos
2005 2997 2014 3011 ,
2033 2974 2068 3004 de
2081 2974 2171 3006 altiori
2187 2973 2243 3004 fine
2255 2982 2343 3013 pecu-

1273 3013 1344 3049 niae,
1363 3011 1396 3041 ad
1409 3021 1493 3050 quem
1514 3011 1646 3049 attingere
1658 3013 1801 3051 poteritis,
1820 3012 1920 3049 nobis,
1939 3011 1970 3041 esi
1983 3011 2019 3041 de
2032 3011 2112 3042 causzi
2127 3036 2136 3052 ,
2150 3012 2340 3052 persolvendae

1274 3049 1309 3080 de
1329 3049 1464 3080 consensu
1484 3049 1616 3079 omnium
1630 3072 1640 3087 ,
1658 3049 1704 3079 vel
1725 3049 1818 3080 saltem
1835 3050 1947 3088 majoris
1962 3051 1995 3081 ὃς
2015 3050 2127 3081 sanioris
2141 3052 2224 3090 partis
2237 3061 2341 3081 eorun-

1274 3088 1358 3126 dem,
1376 3096 1462 3128 prout
1475 3086 1620 3117 industriae
1632 3086 1732 3118 vestrae
1755 3088 1789 3118 ad
1800 3087 1943 3118 honorem
1959 3088 2087 3119 nostrum
2102 3090 2135 3119 &
2148 3089 2340 3120 commodum

1274 3127 1360 3166 magis
1373 3125 1504 3166 expedire
1516 3125 1669 3164 videbitur,
1687 3126 1765 3163 super
1780 3126 1925 3165 praemiffis
1938 3128 2055 3158 nomine
2067 3127 2168 3158 nostro
2182 3137 2343 3165 compona-

1274 3167 1308 3196 tis
1326 3174 1394 3194 cum
1411 3164 1530 3195 eisdem:

1308 3202 1350 3233 Ita
1364 3211 1458 3233 tamen
1474 3203 1551 3242 quod
1565 3203 1713 3239 homines,
1730 3202 1836 3239 pedites
1857 3203 1950 3234 bonos
1965 3204 1998 3234 &
2012 3204 2110 3242 fortes,
2129 3204 2213 3243 usque
2225 3203 2258 3233 ad
2277 3212 2341 3233 cer-

1273 3250 1336 3272 tum
1357 3251 1507 3271 numerum
1520 3265 1529 3278 .,
1545 3240 1580 3270 de
1601 3250 1677 3279 quo,
1695 3250 1763 3270 curn
1785 3242 1845 3281 ipsis
1864 3243 2019 3272 convenire
2034 3243 2172 3281 poteritis,
2191 3242 2272 3271 nobis
2286 3241 2341 3271 unii

1273 3281 1336 3310 vice
1353 3288 1462 3309 tantum
1480 3280 1579 3309 habere
1595 3277 1712 3317 faciant,
1731 3288 1839 3317 paratos
1852 3281 1887 3311 ad
1900 3291 1953 3311 nos
1967 3282 2078 3319 venire,
2095 3291 2163 3312 cum
2177 3289 2228 3320 pro
2241 3281 2278 3309 eis
2285 3279 2339 3309 du-

1273 3320 1392 3349 xerimus
1406 3316 1641 3348 demandandum.

1549 3444 1655 3475 Litera
1675 3444 1748 3489 Regi
1767 3440 1890 3485 Castellae
1907 3442 2094 3488 responsbria.

1272 3526 1441 3587 EGregio
1457 3526 1600 3566 principi,
1619 3526 1678 3556 δεσ-
1698 3526 1868 3565 Edwardus,
1887 3525 1946 3556 Dei
1962 3525 2062 3565 gratia,
2081 3526 2140 3557 &c.
2397 3557 2411 3569 ἢ

1381 3568 1471 3603 Super
1488 3567 1540 3595 hiis
1553 3588 1562 3602 ,
1587 3575 1652 3604 quae
1671 3575 1720 3604 per
1740 3564 1910 3604 Magistrum
1932 3565 2092 3595 Galfridum
2114 3562 2261 3596 Clericum
2275 3574 2337 3596 ves-
2356 3556 2464 3613 A¹“77’

1271 3613 1346 3635 trum
1365 3605 1447 3633 nobis
1466 3602 1613 3633 mandastis
1624 3625 1635 3642 ‚
1653 3603 1797 3635 Serenitati
1813 3603 1911 3634 vestrae
1934 3613 1983 3642 per
1995 3602 2140 3640 praesentes
2153 3603 2191 3634 fic
2206 3603 2336 3634 duximus
2355 3597 2415 3651 En]
2425 3596 2454 3622 5⁸

1274 3642 1520 3682 respondendum,
2379 3647 2385 3652 ”
2424 3645 2431 3652 ·

1317 3680 1410 3718 Quod
1419 3689 1498 3711 antea
1513 3678 1616 3717 petistis
1629 3679 1761 3710 auxilium
1775 3680 1858 3710 vobis
1874 3678 1930 3709 fieri
1939 3686 2039 3709 contra
2051 3678 2209 3710 incredulos
2223 3679 2337 3711 Sarace-

1275 3729 1343 3757 nos,
1359 3719 1393 3749 ad
1409 3719 1542 3756 praesens,
1561 3727 1610 3757 per
1624 3728 1675 3748 nos
1690 3716 1749 3748 fieri
1764 3728 1824 3748 non
1839 3717 1946 3758 potest,
1965 3726 2028 3747 tum
2049 3718 2132 3785 wa,
2150 3719 2179 3748 in
2195 3719 2337 3757 praesenti,

1273 3767 1401 3797 guerram
1424 3757 1556 3787 habemus
1573 3765 1671 3786 contra
1687 3755 1849 3796 Principem
1864 3755 1978 3786 walliae
1997 3755 2030 3786 &
2094 3756 2203 3787 allenses
2223 3758 2253 3786 in
2265 3765 2336 3787 tetra
2408 3785 2417 3802 ι

1274 3795 1390 3833 nostra,
1410 3802 1471 3825 tum
1492 3796 1556 3832 quia
1571 3817 1580 3832 ‚
1605 3795 1639 3825 δε
1659 3794 1677 3824 fi
1700 3794 1810 3833 signum
1824 3794 1913 3824 crucis
1927 3793 2175 3834 affumpfiffemus,
2191 3796 2225 3827 &
2239 3803 2337 3825 contra
2379 3798 2384 3804 '
2426 3796 2431 3802 '

1277 3836 1369 3865 dictos
1383 3834 1533 3864 Saracenos
1549 3834 1590 3862 ire
1603 3843 1654 3872 pro
1695 3832 1834 3863 suiffemus
1846 3856 1855 3870 ,
1876 3841 2019 3869 oporteret
2038 3833 2116 3873 quod
2137 3834 2189 3864 iter
2210 3834 2338 3864 nostrum

1277 3876 1309 3905 &
1324 3873 1463 3912 expeditio
1478 3871 1572 3902 nostra
1604 3881 1633 3901 er
1655 3881 1784 3902 uminum
1799 3870 1970 3901 Pontificem
1983 3870 2183 3911 disponeretur.

1314 3912 1402 3949 Super
1415 3920 1468 3949 eo,
1488 3909 1566 3948 quod
1580 3881 1616 3940 ge
1628 3910 1748 3940 adventu
1760 3909 1859 3939 nostro
1873 3909 1906 3939 ad
1922 3916 2009 3949 partes
2029 3909 2148 3949 vestras,
2166 3911 2200 3941 δε
2213 3918 2340 3948 tempore

1278 3949 1415 3982 adventus
1426 3948 1514 3979 nostri
1531 3947 1654 3979 voluistis
1669 3958 1717 3986 per
1737 3948 1847 3978 dictum
1870 3946 2039 3991 Magistrum
2053 3947 2217 3979 Galfridum
2236 3949 2341 3977 certio-

1280 3990 1345 4020 rari:
1366 3988 1433 4018 scire
1448 3997 1497 4017 vos
1512 3987 1643 4017 volumus
1655 3986 1732 4026 quod
1748 4009 1757 4024 ,
1782 3986 1847 4016 licet
1860 3986 2001 4017 fuissemus
2019 3988 2144 4025 prompti
2159 3994 2245 4026 partes
2259 3985 2344 4016 ultra—

1281 4029 1396 4058 marinas
1412 4027 1501 4064 adire,
1521 4033 1552 4055 ut
1571 4026 1645 4056 circa
1660 4025 1887 4056 reformationem
1907 4025 1982 4065 pacis
2001 4026 2072 4055 inter
2091 4025 2202 4064 Regem
2218 4023 2343 4054 Franciae

1282 4068 1315 4098 ὃς
1331 4075 1382 4098 vos
1395 4065 1598 4102 laboraremus,
1614 4074 1681 4095 cum
1697 4072 1790 4095 tamen
1802 4062 1837 4132 (ἐξ
1850 4062 1973 4103 regressu
1986 4063 2066 4101 ipsius
2081 4063 2201 4093 Domini
2211 4061 2297 4101 Regis
2309 4060 2343 4090 ad

1854 4111 1868 4142 3
2258 4106 2347 4138 partes

2358 3506 2435 3539 Ann.
2452 3507 2494 3541 D.

2373 3665 2451 3689 Tran-

2353 3701 2427 3735 script
2446 3699 2493 3732 Lis

2356 3747 2401 3765 tir.
2420 3747 2447 3772 ς.
