2570 4261
26 306 103 338 Anu.
115 301 158 332 D.

48 349 132 380 1295.

28 384 95 410 zxv.
119 389 144 408 1·

52 2098 185 2134 “II-672.

66 2757 142 2789 Ann.
152 2752 193 2786 D.

86 2802 169 2835 1295.

64 2839 117 2864 An.
134 2843 180 2870 23.

64 2895 201 2949 Ciauss23.

64 2955 96 2978 Ε.
118 2960 143 2977 1.
161 2959 197 2976 m.

72 2997 114 3015 10.
131 2987 158 3016 d.

81 3860 183 3892 [bidem.

733 225 842 267 ET
926 226 1191 268 ACTA

212 307 298 345 Sane,
322 306 361 336 fili
379 308 536 347 cariffime,
562 308 707 346 personam
730 309 869 348 Regiam,
887 311 920 342 &
941 312 1071 343 inclitum
1092 312 1231 351 Regnum

177 350 278 384 tunm,
293 354 377 383 prout
397 347 447 376 tibi
463 356 524 376 non
544 346 633 377 existit
656 348 845 386 incognitum,
866 349 950 388 longe
965 359 1028 380 ante
1044 350 1232 388 promotionis

178 384 282 415 nostrae
294 384 447 421 primordia
461 385 567 415 sincera
579 386 691 415 caritate
707 386 853 416 dileximus
862 411 870 424 ,
889 388 922 418 ὃ(
934 387 1048 427 diligere
1062 399 1122 418 non
1146 387 1233 418 cessa-

179 432 258 460 mus,
275 422 309 452 ad
328 430 409 452 tuum
419 445 428 460 ,
445 422 479 453 &
498 423 580 460 ipsius
601 422 696 462 Regni
713 423 816 454 statum
830 425 993 463 prosperum
1005 427 1038 457 &
1055 425 1234 464 tranquillum

180 461 296 491 summis
308 459 456 490 affectibus
467 461 651 491 intendentes.

219 497 420 536 Quamobrem
433 498 552 528 molesta
568 499 650 529 nobis
666 498 820 530 admodum
835 500 973 539 redditur,
991 503 1024 533 &
1047 502 1188 540 perturbat
1209 512 1236 532 a-

179 537 282 567 marius
298 544 426 565 mentem
439 535 564 566 nostram
574 560 582 574 ,
601 538 753 576 periculosa
767 540 849 569 nimis
862 540 895 569 ὃ(
910 540 1057 576 dispendiis
1071 540 1171 571 onusta
1181 540 1236 570 dis-

180 573 296 611 cordia,
318 583 382 612 quae
402 575 474 604 inter
494 583 539 612 te,
564 576 597 605 &
619 575 789 606 carissimum
807 578 836 606 in
858 577 976 607 Christo
997 577 1087 608 filium
1106 579 1235 609 nostrum

180 612 346 650 Philippum
360 611 478 648 Regem
495 612 670 643 Francorum
684 614 836 652 illustrem,
855 618 982 652 proxima
995 617 1046 647 tibi
1067 618 1236 653 consangui-

179 651 267 719 Piia'oe
286 650 474 689 conjunCmm
488 673 498 689 ‚
523 651 609 681 hostis
625 654 731 691 antiqui
752 663 921 690 procurante
938 654 1064 692 nequitia
1078 679 1088 693 ,
1113 655 1237 686 noscitur

192 699 209 719 u
220 697 310 720 citata.

219 726 333 758 Revera
345 726 425 764 super
438 726 612 765 hujusmodi,
629 737 687 758 tam
699 728 824 768 ingratis,
839 738 896 760 tam
929 731 1038 760 ravibus
1052 730 1086 762 &
1101 729 1238 768 molestis,

183 766 349 803 eventibus,
367 766 436 802 tibi,
454 765 540 795 veluti
564 767 727 804 praedilecto
748 767 782 797 &
803 767 900 798 devoti
925 778 985 798 imo
1007 768 1141 799 Ecclesiae
1161 769 1239 807 filio,

181 803 338 834 affeeaeione
351 802 463 840 paterna
477 805 685 842 compatimur,
694 805 726 835 &
740 806 776 835 ab
789 807 891 836 intimis
904 807 1108 844 condolemus3
1120 816 1240 844 oportu-

185 851 221 871 na
241 842 276 872 δε
294 842 444 872 accelerata
463 843 585 872 remedia
607 841 701 874 studiis
721 845 908 882 excogitando
932 845 1054 875 sollicitis
1069 869 1079 882 ,
1104 855 1153 882 per
1175 855 1239 883 quae

182 879 345 919 praemiffis,
364 879 476 918 pacifici
496 879 632 918 Principis
650 882 805 919 opitulante
827 882 1003 922 Clementia,
1021 892 1131 921 optatus
1152 885 1240 913 exitus

183 920 362 958 imponatur,
382 928 451 948 cum
471 919 602 956 praedina
621 919 758 950 discordia
778 920 846 950 Deo
864 921 1021 959 displiceat,
1036 922 1064 951 R
1104 923 1135 951 iis
1155 922 1240 951 titulis

183 955 317 994 deroget,
335 957 436 987 orbem
449 958 559 996 turbet,
577 960 724 998 negotium
737 959 838 989 Terrae
858 959 960 990 sanetae
979 969 1074 998 praepe
1097 961 1101 965 '
1120 969 1145 998 t,
1162 969 1243 990 men-

185 1002 227 1025 tes
243 994 369 1025 fidelium
384 995 557 1026 scandalizet.

223 1032 294 1070 Sed,
314 1033 434 1063 utinam!
455 1033 506 1064 fili.
529 1034 689 1072 hujusmodi
710 1036 895 1074 turbationes,
913 1036 1094 1067 dissentiones
1113 1037 1146 1067 &
1168 1036 1245 1067 scari-

186 1070 264 1110 dala,
282 1081 346 1110 quae
367 1072 439 1102 inter
458 1072 549 1104 saeculi
570 1072 664 1112 Reges
684 1073 717 1104 &
740 1073 883 1111 Principes
903 1073 975 1112 saepe
992 1075 1086 1112 saepius
1100 1076 1245 1113 oriuntur,

189 1119 223 1140 ex
244 1120 280 1140 eo
298 1109 441 1148 potissime
461 1120 520 1141 non
542 1113 724 1151 contingant,
743 1112 821 1150 quod
839 1112 903 1150 ipsi,
924 1113 1024 1143 finibus
1047 1114 1165 1151 propriis
1185 1123 1245 1143 non

189 1150 335 1188 contenti,
354 1158 387 1180 ac
408 1158 503 1180 motus
523 1149 633 1180 illicitos
654 1151 773 1180 minime
792 1151 975 1190 cohibentes,
993 1150 1148 1189 Ecclesias,
1175 1151 1246 1182 Mo-

189 1186 323 1226 nasteria,
342 1188 376 1218 &
389 1187 439 1218 alia
459 1189 506 1226 pia
524 1188 605 1226 loca,
624 1189 711 1219 cultui
732 1189 857 1219 dedicata
876 1189 992 1227 divino,
1011 1189 1188 1220 multimodis
1209 1190 1247 1219 la-

191 1225 307 1256 cescunt
319 1226 441 1264 injuriis,
455 1228 567 1264 jae'turis
581 1226 724 1263 afficiunt,
741 1226 943 1258 afflitftionibus
960 1229 1146 1266 opprimunt,
1165 1238 1247 1258 exac-

191 1264 317 1294 tionibus
340 1273 480 1303 gravant,
504 1265 697 1295 vexationibus
717 1266 916 1304 persecuntur,
940 1266 966 1296 se
988 1266 1108 1304 proinde
1126 1268 1248 1305 ingratos

190 1301 336 1334 reddentes
351 1302 496 1340 altissimo,
512 1303 527 1332 a
544 1313 602 1340 quo
614 1304 643 1332 in
660 1305 736 1333 terris
746 1303 920 1334 Dominium
931 1305 1079 1342 obtinent,
1091 1305 1124 1336 &
1140 1305 1249 1335 suarum

193 1341 355 1379 praecellunt
370 1341 491 1379 insigniis
502 1341 677 1380 dignitatum.

230 1379 380 1415 Rogamus
394 1380 479 1415 igitur
493 1378 739 1415 Magnificentiam
761 1379 896 1419 Regiam,
916 1381 950 1411 &
969 1380 1113 1410 hortamur
1135 1382 1164 1410 iri
1183 1381 1250 1412 Do-

194 1418 275 1448 mino
285 1417 361 1456 Jehu
374 1416 508 1456 Christo,
525 1418 633 1455 tibique
646 1417 790 1448 suademus
804 1426 833 1448 ut
846 1418 928 1449 Pater
937 1442 946 1457 ,
965 1428 996 1449 ut
1009 1428 1115 1449 amator
1130 1420 1251 1458 suggeri-

196 1465 278 1493 mus,
296 1455 469 1486 consulimus
484 1464 513 1486 ut
528 1457 650 1494 amicus,
669 1457 812 1495 quatinus,
829 1459 934 1487 attente
949 1457 1142 1496 considerans,
1161 1459 1194 1489 ὅ(
1210 1458 1253 1488 di-

192 1494 314 1533 rigentes
335 1493 480 1524 advertens
504 1504 591 1532 quam
613 1495 643 1524 sit
665 1495 813 1533 indignum
837 1496 870 1526 ὃς
885 1495 1034 1533 indecem,
1051 1506 1135 1533 quarn
1149 1505 1255 1527 naturae

197 1533 388 1570 contrarium,
407 1542 493 1571 quam
514 1532 657 1563 dissonum
677 1534 779 1563 rationi
814 1542 844 1564 ut
865 1543 965 1564 contra
989 1543 1071 1564 tuum
1091 1534 1254 1572 sanguinem

197 1569 321 1610 gladium
340 1580 449 1608 exeras,
473 1581 550 1601 arma
572 1571 678 1610 sumam,
703 1572 735 1602 &
757 1583 772 1602 a
795 1572 884 1602 versus
906 1581 964 1603 tam
982 1574 1144 1610 proximum
1161 1598 1171 1611 ,
1197 1582 1255 1603 tam

197 1609 390 1646 conjunerum
403 1610 524 1647 insurgas
535 1609 673 1640 hostiliter
682 1634 691 1648 ‚
707 1610 757 1649 &,
776 1610 941 1641 exercendas
956 1612 985 1641 in
999 1611 1094 1641 hostes
1108 1611 1258 1642 catholicae

198 1646 283 1685 fidei,
301 1655 430 1678 exerceas
444 1649 516 1678 vires
529 1657 604 1687 tuas,
623 1658 692 1678 curri
717 1650 831 1686 praesato
854 1649 954 1688 Rege,
973 1659 1024 1687 pro
1044 1649 1165 1688 pacifico
1188 1649 1258 1679 statu

198 1686 233 1717 &
253 1686 385 1724 prospero
406 1685 501 1725 Regni
518 1688 574 1724 tui,
601 1688 761 1725 quinimmo
783 1688 868 1718 totius
891 1688 950 1718 fere
972 1689 1070 1725 populi
1091 1687 1259 1725 Christiani,

198 1724 340 1762 quibusvis
361 1725 512 1756 obstaculis
531 1726 565 1756 &
588 1725 793 1763 impedimentis
811 1727 926 1764 amotis,
945 1727 1020 1765 pacis
1040 1727 1073 1757 ὃς
1092 1727 1260 1756 concordiae

200 1762 327 1801 foedera,
344 1762 534 1794 adhonorem
547 1764 651 1794 summi
665 1763 712 1794 Re
734 1765 752 1795 is
768 1765 801 1795 ὃ(
813 1764 950 1804 gloriam,
967 1766 1065 1803 tuique
1077 1766 1200 1795 nominis
1217 1766 1261 1794 in·

201 1809 381 1832 crementum
393 1801 548 1832 reformare
563 1801 688 1840 studeas,
755 1803 951 1833 inviolabiliter
965 1804 1120 1835 observare.

242 1839 289 1870 Ac
305 1840 442 1870 universas
455 1839 608 1879 Ecclesias,
626 1841 660 1872 &
674 1849 773 1871 caetera
787 1842 829 1879 pia
844 1841 907 1872 loca
921 1843 949 1871 in
966 1843 1062 1879 terris,
1079 1842 1177 1879 Regio
1197 1841 1261 1872 sub-

200 1876 282 1916 jectis
303 1877 464 1916 Dominio,
481 1879 649 1918 constituta,
666 1887 724 1910 tarn
745 1889 810 1910 uam
832 1879 1039 1910 benedicstionis
1059 1880 1094 1911 δε
1117 1881 1212 1918 gratiae
1227 1879 1261 1909 fi-

206 1914 274 1954 lius,
291 1915 396 1947 habens
408 1917 571 1955 propensius
583 1927 721 1948 commen
757 1927 801 1956 ta,
819 1929 850 1948 ea
866 1919 951 1958 Regii
963 1918 1066 1949 favoris
1081 1919 1183 1949 auxilio
1197 1929 1264 1956 pro-

204 1954 340 1994 sequaris,
355 1955 565 1987 manutenendo
579 1956 633 1995 ipsa
646 1956 810 1996 benigniuS,
828 1958 861 1989 δε
876 1957 1030 1988 clementer
1044 1959 1073 1987 in
1091 1956 1161 1988 statu
1182 1967 1263 1995 pros-

203 2001 275 2031 pero
290 1994 493 2025 conservando.

242 2031 290 2062 Sic
305 2041 334 2063 te
347 2033 377 2062 in
392 2032 554 2071 praerniffis,
571 2041 604 2064 ut
614 2034 760 2073 cupimus,
765 2042 944 2102 dpromptum
961 2034 994 2064 &
1015 2034 1130 2074 vigilem
1153 2034 1264 2064 habitu-

203 2079 269 2108 rus,
288 2079 319 2101 ut
341 2071 445 2101 crescas
463 2072 562 2101 exinde
583 2073 688 2103 meritis
711 2083 763 2109 apu
807 2073 921 2110 Deum,
940 2083 1025 2110 penes
1043 2083 1096 2102 iios
1110 2073 1212 2110 gratia,
1231 2074 1264 2103 ὃ(

201 2108 275 2145 apud
289 2110 420 2139 homines
436 2109 504 2140 clara
522 2110 541 2129 ²¹¹²
556 2109 645 2140 fama:
666 2119 805 2148 terraeque
819 2111 919 2141 sanstae
935 2112 1098 2150 negotium,
1114 2111 1192 2149 quod
1206 2111 1265 2140 lau-

202 2146 331 2191 dabiliter
343 2149 376 2180 &
392 2148 534 2179 salubriter
549 2148 732 2188 affumpfisti,
747 2149 853 2180 facilius
866 2152 899 2181 ὃς
916 2149 1022 2180 felicius
1038 2149 1127 2180 valeat
1146 2159 1266 2188 promo-

203 2195 270 2217 veri.

242 2223 311 2253 Nos
321 2224 399 2254 enirn
413 2224 448 2255 ad
463 2235 511 2263 ea,
530 2235 595 2264 quae
608 2227 648 2256 tui
663 2225 749 2256 statiis
763 2227 887 2264 quietem
902 2226 1065 2264 respiciunt,
1084 2226 1198 2258 solerter
1221 2227 1265 2257 in-

203 2261 363 2301 tendimuS,
381 2263 415 2294 &
427 2264 607 2302 vigilantibus
621 2265 823 2305 interponimus
837 2264 931 2296 studiis
947 2275 1034 2303 partes
1047 2264 1162 2295 nostras.

241 2337 310 2371 Dat.
330 2339 458 2372 Lateran.
479 2349 504 2382 3.
524 2341 589 2373 Kal.
608 2341 730 2381 Aprilis,
750 2341 936 2373 Pontificatfis
951 2342 1040 2372 nostri
1053 2352 1129 2373 anno
1144 2343 1247 2381 primo.

865 2410 919 2441 Sub
929 2411 982 2453 filo
1000 2412 1106 2442 canabi.

254 2530 468 2568 cardinalium
495 2536 608 2577 literis,
628 2537 719 2582 fhper
745 2535 894 2582 distordia
917 2541 994 2569 inter
1020 2536 1165 2583 Angliam
1183 2539 1220 2574 (ᾔ

483 2587 666 2627 franciam,
692 2585 868 2631 Responsitm
890 2589 977 2632 Regis
990 2607 1000 2623 ,

422 2672 562 2704 Portum.
584 2673 620 2709 ὅ]
644 2671 754 2704 Sanfftae
772 2669 890 2717 Rnffinae
911 2672 1058 2718 EpiftopO.

214 2751 426 2816 VEnerabili
443 2755 472 2785 in
488 2753 604 2785 Christo
620 2755 713 2794 Patri,
732 2755 869 2786 Domino
884 2754 931 2786 M.
947 2754 1006 2786 Dei
1020 2754 1122 2795 gratia,
1138 2755 1273 2786 Portuen.

296 2794 331 2824 δε
344 2792 455 2823 Ξαηέὶεε
470 2792 596 2824 Ruffinae
609 2794 770 2835 Episcopo,
789 2795 887 2824 amico
908 2794 958 2824 suo
979 2793 1139 2830 cariffimo,
1156 2793 1275 2825 Edwar-

215 2829 265 2861 dus
280 2830 380 2861 eadem
394 2831 497 2871 gratia,
514 2833 575 2863 &c.
595 2833 710 2864 salutern
723 2834 756 2864 &
771 2832 886 2863 sincerae
901 2832 1058 2864 dssee‘tionis
1073 2831 1218 2863 affeetum.

254 2868 388 2907 Inspedtis
410 2870 506 2900 litteris
519 2870 633 2909 vestris,
650 2881 699 2909 per
719 2871 856 2902 diledtum
875 2870 1023 2902 Clericum
1043 2871 1189 2909 nostrum,
1209 2870 1275 2900 Ma-

237 2907 335 2938 istrum
350 2907 507 2938 Radulfum
520 2908 681 2941 Dalemand
695 2910 777 2941 nobis
792 2909 880 2939 missis
890 2932 900 2948 ,
912 2909 1106 2948 detegentibus
1119 2909 1276 2939 inmensum

216 2917 348 2977 dolorem
362 2947 396 2977 &
411 2947 636 2985 compassionem
651 2949 735 2986 (quos
750 2958 802 2979 vos
815 2947 895 2986 super
907 2950 1069 2979 turbatione
1083 2949 1117 2979 ὅτ.
1131 2947 1279 2986 discordis,

216 2987 288 3016 inter
303 2985 417 3024 Regem
433 2985 576 3024 Franciae,
593 2988 627 3018 &
642 2997 695 3018 nos
711 2996 800 3025 nuper
814 2987 916 3025 motiS,
935 2988 1054 3017 caritatis
1071 2986 1171 3017 vestrae
1192 2986 1279 3017 visce-

216 3024 292 3054 ribus
307 3024 356 3060 pio
371 3023 539 3063 concepistis
550 3024 668 3063 affestu)
686 3034 818 3064 quantam
839 3034 904 3064 erga
916 3034 968 3056 nos
982 3027 1012 3055 in
1026 3027 1200 3064 praeteritum
1208 3034 1280 3056 con-

217 3060 328 3102 cepistis
347 3060 534 3092 affeffionem
555 3063 753 3102 perpendimus
778 3062 925 3094 manifeste
942 3064 1034 3105 (super
1048 3074 1106 3102 quo
1122 3071 1210 3100 grates
1225 3073 1280 3093 vo·-

220 3100 263 3131 bis
277 3099 422 3130 referimus
434 3099 573 3138 speciales)
591 3111 644 3140 pro
655 3111 736 3133 certo
749 3109 874 3133 tenentes
883 3125 892 3140 ,
907 3103 986 3140 quod
999 3103 1033 3132 ad
1049 3112 1148 3140 pacem
1160 3103 1193 3132 &
1208 3111 1280 3131 con-

218 3136 348 3169 cordiam
363 3137 470 3175 semper
484 3138 590 3169 bonam
605 3139 782 3172 voluntatem
794 3141 942 3171 habuimus
957 3142 991 3172 &
1006 3141 1142 3171 habemus
1151 3163 1160 3178 ,
1175 3141 1208 3170 &
1219 3139 1282 3170 dul-

218 3177 260 3207 cis
280 3176 480 3206 exhortationis
498 3177 599 3207 vestrae
621 3179 720 3217 causa,
737 3179 771 3209 ad
793 3180 901 3209 bonam
922 3189 1024 3217 pacem
1040 3179 1151 3217 (nostro
1167 3179 1280 3209 honore

221 3215 256 3246 &
270 3214 365 3254 Regni
380 3214 470 3244 nostri
487 3214 558 3246 statu
572 3215 663 3253 salvis)
678 3219 782 3248 erimus
795 3217 971 3249 favorabilius
990 3218 1123 3249 inclinati.

261 3252 409 3291 Qiocirca
430 3252 593 3284 Paternitati
611 3253 712 3285 vestrae
740 3256 884 3287 cariffimae
911 3257 1094 3295 supplicamus
1109 3279 1119 3295 ,
1149 3263 1282 3294 quatenus

222 3292 335 3329 negotia
358 3291 454 3321 nostra
472 3291 574 3322 habere
593 3291 747 3331 dignemini
768 3295 999 3326 recommendata
1016 3319 1026 3333 ,
1055 3303 1193 3333 quantum
1213 3303 1282 3324 cum

223 3329 294 3359 Deo
308 3330 452 3368 poteritis,
471 3339 507 3359 eo
520 3330 598 3368 quod
614 3331 748 3361 haetenus
763 3334 853 3370 magis
874 3333 958 3365 ardua
979 3344 1037 3364 non
1056 3334 1219 3370 habuimus,
1237 3333 1282 3362 seu

225 3368 347 3405 majora,
375 3369 409 3399 ὃς
431 3369 519 3407 magis
540 3369 570 3398 in
591 3368 692 3399 eisdem
715 3370 810 3401 vestro
820 3381 933 3411 egentes
946 3373 1067 3410 auxilio,
1084 3371 1162 3410 quod
1176 3371 1284 3410 semper

223 3406 307 3436 nobis
322 3405 390 3435 utile
405 3408 558 3443 reperimus
573 3408 602 3437 in
615 3407 735 3447 agendis.

265 3442 356 3481 Super
370 3444 471 3481 quibus
485 3444 556 3475 statu
571 3446 604 3477 &
619 3447 738 3483 negotiis
752 3446 871 3486 nostris,
889 3449 1002 3479 credere
1019 3449 1108 3479 velitis
1130 3458 1196 3478 caro
1215 3447 1285 3478 Cie-

223 3481 285 3512 rico
298 3481 415 3518 nostr0‚
433 3481 470 3511 M
504 3482 573 3513 istro
590 3483 744 3515 Bertrando
759 3484 804 3514 del
819 3485 900 3524 Got,
919 3487 1041 3517 Domini
1057 3487 1140 3524 Papx
1156 3486 1285 3524 Capella-

224 3529 282 3558 no,
297 3519 462 3558 &praefato
505 3520 619 3559 adulfo,
637 3522 682 3554 vel
695 3522 772 3554 alteri
784 3525 961 3555 eorumdem.

264 3595 331 3627 Dat.
350 3595 425 3634 apud
439 3595 659 3639 Aberconweye
671 3597 699 3628 6.
712 3597 758 3629 die
771 3597 892 3639 Aprilis,
908 3610 984 3632 anno
1000 3603 1115 3641 gratiae,
1129 3601 1189 3632 &c.
1202 3608 1286 3639 1295.

226 3633 322 3675 Regni
335 3645 404 3666 vero
417 3635 505 3667 nostri
518 3644 566 3675 23.

363 3760 473 3794 Sanffae
491 3763 605 3795 Maria
622 3765 654 3794 in
672 3764 728 3795 via
745 3761 809 3795 lata
826 3765 962 3796 Diacono
978 3763 1148 3798 Cardinali.

300 3845 443 3877 Enerabili
451 3868 460 3883 ,
479 3846 539 3876 &o
558 3845 592 3876 &
603 3846 699 3877 amico
714 3845 764 3889 suo
777 3846 918 3878 cariffimo
926 3872 936 3886 ,
948 3846 1082 3879 Domino
1094 3848 1206 3887 Jacobo
1214 3874 1223 3887 ,
1231 3849 1290 3879 Dei

311 3884 414 3931 gratia,
431 3883 543 3931 Sane¹fae
556 3883 660 3914 Mariae
674 3886 702 3914 in
715 3883 761 3914 via
770 3884 824 3915 lata
837 3885 974 3918 Diacono
995 3886 1156 3926 Cardinali,
1175 3887 1292 3919 Edwar-

230 3920 547 3992 drigagarffitrnatigxrffiage
556 3922 764 3992 ῗξόἳὶιῐξῗέιὲῑξῗέ
783 3969 905 4000 notum,
924 3963 1003 4000 quod
1022 3963 1140 3995 dileetus
1163 3963 1292 3995 Clericus

232 3996 348 4036 noster,
365 3999 502 4038 Magister
520 3999 658 4030 Radulfus
677 3998 858 4030 d'Alemaunt
869 4024 879 4038 ‚
902 4001 985 4031 nobis
1004 4002 1112 4039 plenius
1133 4002 1293 4041 intimavit,

255 4035 313 4065 uod
334 4047 386 4068 vos
407 4038 508 4068 similes
525 4038 645 4108 litteraisffi
659 4039 751 4076 quales
772 4038 855 4068 nobis
876 4039 1020 4070 transmisit
1034 4041 1198 4071 venerabilis
1211 4041 1294 4071 Pater

265 4075 377 4104 ominus
388 4074 550 4106 Albanensis
562 4076 607 4117 Ep
646 4085 733 4116 opus,
751 4076 833 4107 nobis
846 4086 896 4115 per
910 4076 1002 4116 ipsum
1025 4078 1180 4118 numetis,
1197 4079 1219 4111 fi
1235 4090 1295 4112 eas-

229 4110 300 4143 dem
311 4111 408 4145 debite
420 4114 600 4154 expectaffet.

1286 2646 1288 2648 v
1308 2623 1394 2661 driae,
1414 2623 1527 2653 salutem
1543 2631 1610 2652 cum
1626 2618 1779 2653 dilectione
1793 2624 1908 2654 fincerzi.

1273 223 1748 272 PUBLICA.
2253 247 2326 292 143

1312 310 1401 354 'Su-per
1415 322 1472 355 quo
1486 313 1582 351 vobis,
1602 323 1631 345 ut
1646 315 1707 359 illi,v
1720 327 1768 354 per
1782 321 1869 356 quem
1882 328 1941 349 non
1956 319 2047 358 stetit,
2065 330 2125 359 quo
2137 323 2230 352 minus
2243 323 2325 353 nobis
2340 321 2413 352 Ann.
2424 318 2470 355 D,

1269 347 1429 393 hujusmodi.
1451 351 1551 393 litteras
1573 355 1749 384 maridassetis
1765 380 1774 393 ,
1799 366 1882 387 tanta»
1904 367 1992 397 grates
2012 360 2157 390 referimus
2175 383 2184 398 ,
2209 371 2321 398 quantas
2366 371 2448 399 12954

1270 387 1366 455 {Zigali}
1361 389 1514 456 eigiti‘ei1‘i·iis,
1534 393 1553 418 ll
1569 390 1602 419 ad
1617 401 1668 421 iios
1680 403 1729 429 pet
1743 394 1832 432 ipsum
1846 396 2004 434 hujuiinodi
2018 397 2116 428 vestrae
2138 399 2237 429 littera:
2258 410 2321 437 per-
2336 405 2401 428 Eav.
2425 410 2434 426 1
2444 423 2450 428 .

1339 444 1346 454 Δ
1411 449 1416 454 =

1311 463 1370 493 Vos
1386 465 1486 494 intime
1498 468 1667 510 requirentes
1682 478 1832 508 quatenus,
1849 471 1928 509 super
1942 471 2012 502 statu
2027 473 2125 504 nostro
2138 476 2172 506 &
2187 477 2321 512 negotio-

1269 511 1335 569 bug}
1354 501 1544 570 nss'gffiuffh
1554 505 1643 534 charis
1666 505 1784 537 Clerici>
1798 509 1912 547 nostris,
1931 511 2092 549 Magistris,
2111 513 2262 544 Bertrando
2276 514 2323 544 del

1343 563 1352 576 ἱ
1464 558 1477 570 0⁴
1494 566 1499 570 .

1545 552 1605 581 apae
1627 543 1798 584 Capeliano,
1823 548 1856 578 δε
1875 551 2037 587 praeicripto
2056 551 2209 590 Radulpho
2230 552 2321 583 velitis

1268 577 1399 616 credere,
1418 579 1463 608 vel
1479 579 1565 610 altero
1580 584 1753 613 eorumdem.

1312 656 1379 688 Dat.
1399 667 1430 689 ut
1444 658 1531 696 supra.

1419 791 1528 822 Sana-re
1546 793 1658 823 Mariae
1677 796 1707 824 in
1727 796 1849 825 Portica
1864 797 1996 828 Diacono
2012 798 2179 833 Cardinali.

1275 873 1337 933 V
1348 872 1488 917 Enerabili
1511 876 1541 904 in
1563 874 1681 918 Christo
1699 877 1793 923 *Pati-i,
1811 879 1871 921 &o
1888 879 2020 912 Domino
2034 882 2081 912 M.
2099 883 2210 915 Santstae
2228 886 2328 918 Mariae
2348 896 2448 923 ibidem.

1353 921 1381 940 in
1398 912 1512 942 Porticu
1529 913 1664 944 Diacono
1677 915 1832 954 Lardiiiali,
1851 917 2020 958 Edzvardus,
2035 923 2093 952 &c
2115 922 2237 953 salutem.

1321 949 1438 979 Litteras
1451 951 1570 993 vestras,
1586 954 1666 982 nobis
1678 963 1727 990 per
1741 954 1875 985 dilectum
1890 956 2037 989 Clericum
2052 959 2181 991 nostrum
2195 985 2205 1000 ,
2224 962 2329 1002 lN'lagis-

1279 995 1355 1017 trum
1373 988 1527 1018 Radulrum
1540 989 1719 1021 d’Alemaunt
1738 992 1855 1031 delatas,
1873 996 2072 1027 intelleximus:
2093 1000 2126 1029 ὃς
2141 1001 2225 1037 quain
2244 1003 2328 1031 bonae

1279 1026 1429 1068 voluntatis
1445 1027 1477 1057 ὃ(
1497 1027 1617 1058 affectus
1631 1029 1728 1059 linceri
1742 1039 1806 1069 erga
1822 1042 1873 1061 iios
1888 1034 2016 1073 existitis,
2035 1037 2117 1073 plene
2131 1040 2330 1076 perpendimus

1281 1074 1330 1102 per
1346 1064 1464 1094 ealdem.

1318 1102 1408 1139 Super
1428 1112 1485 1146 quo
1507 1104 1589 1134 vobis
1603 1129 1612 1142 ,
1631 1114 1745 1142 quantas
1758 1106 1903 1143 possumus
1919 1111 2068 1145 gratiarum
2084 1113 2228 1144 referimus
2241 1116 2331 1146 astio-

1280 1150 1346 1179 nes,
1364 1150 1556 1180 paternitatem
1571 1143 1691 1173 vestram
1706 1145 1829 1175 corditer
1844 1144 2041 1187 deprecantes,
2060 1154 2185 1188 quatinus·
2197 1155 2265 1183 caris
2273 1155 2331 1184 cle-

1278 1181 1343 1210 ricis
1362 1179 1462 1209 nostris
1484 1180 1625 1219 Magistris
1638 1204 1648 1219 ,
1674 1183 1692 1201 *
1712 1182 1865 1213 Bertraudo
1880 1185 2016 1224 delGot,
2041 1188 2160 1218 Domini
2176 1191 2260 1228 Papae
2273 1192 2332 1222 Czi-
2354 1196 2486 1230 “H.673.-

1279 1218 1407 1261 pellano,
1425 1219 1458 1248 &
1474 1219 1612 1256 praedi&o
1630 1219 1800 1259 Radulpho,
1817 1223 1893 1259 super
1910 1223 1979 1253 statu
1993 1227 2092 1256 nostro
2112 1228 2332 1269 nostrorumque

1282 1266 1481 1296 negotiorum,
1501 1258 1589 1288 velitis
1604 1257 1690 1288 fidem
1706 1259 1848 1290 credulam
1865 1260 2006 1292 adhibere.

1323 1333 1391 1363 Dat.
1409 1334 1469 1364 &c.
1490 1342 1519 1364 ut
1533 1333 1620 1372 supra.

1357 1461 1522 1504 Constmiles
1540 1463 1638 1495 litterae
1656 1463 1830 1510 diriguntur
1850 1466 2061 1501 Cardinaelibns
2073 1468 2265 1519 ficbfi‘riptis,

1328 1553 1443 1580 Domino
1454 1550 1590 1588 Gerardo,
1609 1550 1744 1590 Sabinenfi
1760 1552 1895 1593 Epifiopo,

1328 1592 1443 1618 Domino
1458 1588 1573 1617 Berals'u
1582 1613 1591 1627 ,
1614 1592 1701 1629 Fprsto
1716 1590 1856 1621 Albunea.

1329 1630 1444 1656 Domino
1463 1626 1591 1665 Jos'oamri
1609 1629 1693 1657 Tituli
1713 1630 1807 1658 §ancli
1828 1632 1924 1661 Vitalis
1945 1634 2094 1664 Presbitero
2115 1636 2256 1668 Cardinalz'
2298 1639 2336 1675 ὦ·

1367 1666 1474 1695 Samsz‘ae
1487 1668 1614 1695 Romame
1629 1666 1747 1705 Ecclefiae
1762 1670 1992 1710 Vicecasicellmio,
2269 1663 2279 1677 ²

1331 1707 1445 1734 Domino
1460 1706 1540 1733 Petro
1549 1727 1557 1742 ,
1571 1705 1657 1734 Ttulz'
1670 1709 1773 1734 Martii
1791 1707 1937 1738 presbitero
1950 1711 2092 1741 cardinali

1331 1745 1447 1773 Domino
1460 1744 1555 1781 Petro,
1573 1744 1666 1772 Sanili
1678 1743 1815 1783 Eustachii
1829 1749 1948 1777 Diacono
1961 1735 2119 1788 cardinali,

1333 1822 1448 1849 Domino
1461 1821 1542 1848 Petro
1552 1842 1561 1857 ,
1580 1818 1780 1860 Archieptstopo
1796 1825 1902 1852 Montis
1913 1824 2026 1862 Regalis.

1332 1894 1598 1942 Magistro‘fllisatheo
1617 1896 1649 1925 de
1668 1897 1790 1942 *Neapoli
1802 1922 1812 1936 ,
1834 1902 1947 1930 Domini
1968 1903 2050 1939 Papae
2073 1904 2193 1933 Notario
2205 1929 2215 1943 ‚
2239 1914 2349 1936 mutata

1372 1940 1493 1964 amantia
1501 1943 1551 1972 pro
1559 1941 1747 1974 paternitate,
1765 1943 1823 1971 &a

1337 2009 1564 2040 Memorandum
1578 2011 1656 2048 quod
1669 2011 1796 2050 praediffl
1814 2013 1960 2053 Magistri,
1977 2015 2142 2048 Bertrandus
2156 2018 2200 2049 del
2212 2019 2292 2058 Got,
2317 2022 2351 2052 &

1299 2049 1466 2093 Radulphus
1478 2049 1675 2088 d'Alemaunt,
1695 2061 1709 2080 a
1724 2050 1806 2089 Rege
1819 2053 1892 2090 apud
1907 2054 2279 2096 Aberconweyelicenriati,
2289 2070 2353 2089 vera

1298 2087 1339 2118 sus
1353 2098 1460 2118 curiam
1481 2086 1648 2117 Romanam
1670 2088 1843 2121 diverterunt
1860 2114 1869 2129 ,
1894 2091 1990 2122 secum
2003 2094 2155 2125 deferentes
2173 2096 2274 2126 litteras
2290 2098 2353 2127 istas

1300 2126 1385 2164 usque
1400 2125 1541 2156 Cestriam
1555 2126 1589 2156 ad
1604 2125 1810 2158 Cancellarium
1826 2129 1989 2168 sigillandas:
2011 2132 2091 2171 Qias
2107 2134 2226 2173 sigillatas
2242 2146 2356 2173 recepe-

1299 2174 1364 2195 runt
1379 2174 1428 2202 per
1449 2174 1546 2194 manus
1568 2164 1637 2195 dieti
1660 2165 1790 2206 Magistri
1813 2167 1942 2207 Radiilfi,
1963 2171 2017 2199 una
2031 2181 2099 2206 cum
2116 2175 2171 2210 pari
2183 2173 2354 2215 litterarum²

1310 2205 1349 2233 cri
1371 2211 1463 2233 tarum
1481 2204 1511 2233 in
1539 2203 1632 2246 uallico
1733 2205 1780 2234 Re
1800 2206 1808 2234 i
1828 2206 1930 2237 Sicilia:
1944 2232 1953 2245 ,
1974 2219 2021 2245 per
2036 2209 2147 2248 Regem
2161 2211 2289 2250 Aiigize,
2308 2223 2355 2250 per

1300 2242 1352 2272 eos
1367 2252 1413 2271 em
1433 2241 1674 2279 transmisiarum3
1699 2244 1777 2281 cujus
1798 2244 1896 2275 litterae
1915 2246 2109 2284 transcriptum
2123 2251 2300 2281 irrotulatum
2315 2250 2356 2280 est

1301 2281 1331 2310 in
1344 2279 1499 2320 garderobsi
1513 2280 1616 2319 Regis,
1634 2281 1668 2312 &
1683 2291 1743 2312 non
1757 2283 1813 2312 hic.

1303 2411 1432 2461 Ifizbellae
1459 2412 1607 2447 Flanclriae
1634 2413 1801 2458 Comitiffie,
1827 2423 1861 2445 ut
1880 2414 1916 2460 β’
1932 2419 2097 2462 interponat
2114 2429 2184 2450 cum
2204 2421 2359 2466 Con-sarto,

1668 2472 1724 2506 pro
1742 2463 1854 2494 Comite
1878 2463 1990 2497 Gelriae.

1378 2546 1442 2577 EX
1467 2545 1557 2576 nobili
1579 2544 1738 2584 Dominae,
1764 2547 1798 2577 ὃς
1820 2548 1848 2577 in
1864 2547 1982 2578 Christo
2000 2549 2050 2579 sibi
2073 2549 2200 2589 dileffle,
2223 2551 2362 2584 Dominae
2383 2555 2458 2586 Ann.
2474 2552 2515 2587 D„

1391 2584 1512 2615 [fabellae
1527 2609 1536 2622 ,
1562 2582 1699 2614 Consorti
1720 2587 1821 2625 egregii
1843 2587 1895 2616 viri
1910 2609 1920 2626 ,
1940 2587 2066 2617 Domini
2081 2589 2122 2619 G.
2141 2589 2264 2621 Comitis
2279 2592 2362 2623 Flan-
2404 2604 2489 2633 1295.

2398 2648 2406 2661 1
2430 2656 2434 2661 .
2457 2645 2470 2660 2
2495 2656 2502 2662 .

1345 2661 1424 2691 Cum
1438 2662 1584 2699 praeiatum
1599 2659 1762 2691 Dominum
1776 2662 1900 2693 vestrum
1914 2663 2062 2694 Comitem
2072 2688 2081 2703 ‚
2094 2667 2218 2697 amicum
2232 2667 2360 2700 nostrum
2383 2637 2424 2699 {n
2440 2683 2462 2700 i.
2477 2645 2489 2671 3

1307 2699 1478 2731 carissimum
1493 2722 1503 2737 ,
1524 2700 1715 2738 rogaverimus
1727 2723 1737 2737 ,
1760 2709 1791 2730 ut
1813 2711 1880 2731 curn
1893 2702 2026 2732 Domino
2043 2703 2222 2744 Reginaldo,
2242 2705 2363 2738 Comite
2384 2716 2438 2738 Rot.
2453 2711 2517 2737 Ala·

1310 2738 1419 2769 Gelriae
1439 2738 1505 2768 velit
1524 2737 1618 2767 facere
1640 2739 1799 2775 computari
1814 2739 1893 2778 super
1907 2740 2005 2771 debito
2017 2765 2027 2780 ,
2045 2743 2074 2771 in
2088 2752 2146 2780 quo
2158 2743 2234 2775 idem
2249 2744 2359 2776 Comes
2387 2760 2457 2778 mm.
2474 2759 2519 2785 ις,

1312 2777 1405 2807 eidem
1419 2776 1554 2807 Domino
1569 2775 1666 2807 vestro
1678 2777 1835 2815 obligatur3
2389 2793 2418 2815 Ε.
2438 2797 2461 2815 r.
2483 2797 2519 2815 mi

1349 2815 1386 2845 Et
1407 2824 1439 2845 ut
1459 2815 1496 2845 de
1515 2824 1551 2845 eo
1564 2839 1574 2852 ,
1599 2814 1677 2852 quod
1699 2816 1767 2845 ultra
1779 2825 1897 2846 centum
1912 2817 1988 2847 milia
2003 2817 2135 2849 librarum
2151 2820 2364 2853 Turonensium
2392 2826 2433 2855 18.

1310 2855 1458 2893 nigrorum
1471 2877 1481 2891 ,
1505 2852 1540 2883 de
1564 2853 1664 2891 quibus
1686 2853 1788 2884 litteras
1809 2854 1915 2885 nostras
1937 2857 2097 2893 quietantiae
2117 2858 2213 2889 eidem>
2230 2859 2365 2892 Domino

1311 2892 1408 2924 vestro
1427 2891 1635 2923 transmittimus
1648 2915 1658 2928 ,
1678 2899 1820 2931 teneatur,
1838 2892 2030 2924 remissionem
2053 2897 2082 2925 in
2097 2905 2173 2933 parte
2188 2898 2254 2928 velit
2271 2898 2365 2930 facete

1314 2931 1422 2969 eidem,
1441 2930 1531 2961 nostri
1543 2930 1643 2960 intuitu
1656 2930 1690 2960 δε
1705 2940 1820 2969 amore,

1354 2969 1392 2999 Et
1410 2970 1493 2998 etiarn
1515 2967 1592 3006 quod
1608 2967 1644 2997 de
1657 2968 1702 2998 illa
1714 2971 1841 3006 pecuniae
1860 2970 1982 3008 summa,
1999 2980 2062 3009 quae
2076 2971 2197 3010 superest
2212 2973 2282 3005 ultra
2295 2975 2370 3007 diffisa

1316 3017 1432 3039 centum
1447 3007 1521 3037 milia
1534 3007 1682 3044 librarum,
1699 3007 1733 3038 ὃς
1747 3008 1956 3046 remissionem,
1976 3020 2061 3048 quam
2076 3011 2103 3039 in
2119 3011 2171 3041 hac
2187 3022 2266 3049 parte
2279 3013 2371 3045 facere

1317 3046 1438 3078 voluerit
1450 3045 1582 3085 gratiose,
1600 3045 1774 3075 rationabiles
1789 3048 1923 3077 terminos
1941 3047 2034 3078 eidem
2054 3047 2167 3080 Comiti
2183 3050 2290 3081 Gelriae
2303 3053 2372 3084 velit

1318 3084 1478 3115 concedere
1493 3107 1502 3122 ,
1527 3084 1560 3114 ὅ(
1580 3083 1663 3126 talem
1684 3083 1750 3126 iride
1771 3085 1806 3114 ab
1822 3095 1858 3115 eo
1871 3086 2043 3117 securitatem
2058 3089 2183 3125 recipere
2198 3099 2262 3127 quae
2277 3090 2372 3120 eidem

1318 3123 1430 3153 Comiti
1451 3122 1558 3152 Gelriae
1580 3131 1662 3150 nimis
1682 3122 1805 3152 difficilis
1827 3134 1886 3153 nori
1906 3125 2018 3163 existat,
2039 3127 2072 3156 &
2086 3135 2190 3157 eittunc
2204 3135 2288 3159 terras
2301 3130 2373 3168 ejus*

1317 3162 1385 3193 dem
1399 3160 1522 3191 Comitis
1538 3160 1586 3190 fibi
1601 3159 1744 3191 restituere
1759 3161 1969 3193 conditionibus
1981 3163 2150 3201 supradietis.

1355 3199 1424 3230 Nos
1434 3224 1444 3238 ,
1459 3198 1570 3229 firmam
1582 3197 1659 3238 spem
1674 3199 1851 3238 obtinentes,
1870 3211 1918 3238 per
1933 3201 2017 3232 vestri
2033 3202 2371 3242 mediationem,di6turn

1320 3248 1339 3268 n
1359 3239 1469 3269 vonum
1483 3248 1534 3275 pro
1549 3236 1630 3266 dieto
1643 3235 1763 3268 Comite
1775 3238 1854 3276 poffe
1866 3240 2049 3271 commodius
2064 3242 2199 3280 expediri,

1383 3276 1580 3307 enivolentiam
1594 3274 1716 3305 vestram
1730 3276 1880 3316 specialiter
1904 3280 2070 3316 requirimus
2086 3282 2119 3310 ὃς
2140 3289 2286 3319 rogamu5‚
2305 3290 2374 3320 qua-

1321 3316 1395 3347 tinus
1409 3325 1476 3351 erga
1489 3314 1653 3344 Dominum
1667 3313 1794 3344 vestrum
1808 3317 1837 3345 in
1850 3317 1923 3355 hoc,
1941 3317 2042 3347 nostris
2083 3319 2192 3348 recibus
2202 3343 2210 3355 ,
2227 3319 2315 3350 velitis
2332 3321 2376 3350 iii-

1320 3363 1470 3393 terponere
1491 3353 1576 3383 taliter
1596 3360 1685 3390 partes
1708 3352 1811 3383 vestras
1826 3379 1835 3392 ,
1862 3364 1893 3385 ut
1909 3356 2037 3392 praefatus
2078 3366 2157 3386 omes
2171 3356 2280 3386 Gelriae
2293 3369 2325 3388 ro
2346 3369 2373 3388 aa

1325 3402 1387 3424 tum
1403 3391 1549 3429 nostrum,
1568 3400 1652 3427 penes
1666 3390 1776 3420 dietum
1793 3391 1959 3424 Dominum
1973 3394 2097 3425 vestrum
2115 3396 2147 3425 &
2160 3405 2227 3432 vos,
2247 3395 2296 3426 sibi
2327 3407 2377 3428 en=

1322 3433 1370 3462 tiat
1382 3431 1576 3470 profuturum,
1592 3439 1646 3466 pro
1658 3438 1716 3467 quo
1729 3431 1810 3461 vobis
1822 3432 1975 3464 debeamus
1988 3433 2138 3470 specialiter
2154 3434 2273 3472 gratiari.

1361 3511 1430 3544 Dat.
1448 3509 1520 3550 apud
1536 3509 1736 3549 Aberconwey
1752 3511 1779 3540 6.
1800 3510 1846 3541 die
1858 3511 1969 3550 Aprilis.

1326 3650 1384 3681 Pro
1399 3639 1552 3678 amicabili
1572 3643 1775 3689 Compcfitione
1799 3647 1877 3676 inter
1898 3643 2044 3676 flandri-e
2061 3647 2097 3682 (ῤ’
2118 3644 2222 3678 Getriae
2242 3648 2378 3681 Comises.

1397 3732 1458 3763 EX
1484 3730 1574 3761 nobili
1589 3732 1653 3762 viro
1668 3732 1701 3762 &
1714 3734 1810 3762 amico
1823 3732 1873 3762 suo
1892 3732 2051 3770 carissimo,
2070 3732 2205 3765 Domino
2221 3735 2262 3766 G.
2277 3736 2381 3766 Corni-
2404 3743 2481 3778 Ami.
2497 3742 2530 3778 Ῐ)

1408 3773 1427 3801 ti
1445 3770 1467 3800 F
1468 3768 1579 3799 landriae
1590 3793 1600 3807 ,
1626 3770 1740 3800 salutem
1755 3771 1787 3801 ὃς
1802 3770 1916 3800 sincerae
1929 3770 2088 3801 dileetionis
2102 3774 2274 3805 continuum
2288 3776 2380 3806 incre-
2430 3790 2513 3825 1295,

1328 3819 1466 3842 mentum.
2399 3829 2451 3853 An.
2470 3836 2516 3862 23,

1364 3847 1557 3878 Nobilitatem
1572 3845 1695 3876 vestram
1709 3845 1866 3877 affetifflose
1887 3847 2070 3885 requirimus,
2089 3858 2222 3888 quatenus
2236 3859 2383 3888 computa—
2402 3868 2422 3890 E
2458 3874 2466 3890 1

1327 3889 1350 3918 ri
1370 3887 1463 3916 facere
1477 3885 1565 3914 velitis
1583 3894 1652 3914 cum
1667 3885 1758 3915 nobili
1772 3886 1836 3916 viro
1850 3885 1883 3914 &
1895 3887 1990 3915 amico
2004 3885 2103 3918 nostro
2117 3889 2276 3927 carissimo,
2294 3890 2383 3928 Regi·
2400 3886 2455 3928 R&-
2467 3886 2536 3929 alla&

1328 3925 1413 3955 naldo
1434 3924 1555 3953 Comite
1575 3922 1684 3953 Gelriae
1697 3948 1706 3962 ,
1732 3924 1811 3962 super
1824 3923 1943 3962 debito,
1962 3925 1990 3953 in
2004 3935 2063 3963 quo
2077 3927 2159 3958 vobis
2173 3928 2310 3967 obligatus
2325 3930 2382 3957 exi-
2404 3950 2473 3966 man.
2489 3949 2535 3975 ²3-

1332 3964 1391 3995 stit¹
2529 3994 2531 3997 .

1370 3988 1420 4032 De
1440 4010 1476 4030 eo
1488 4024 1498 4038 ,
1525 3999 1603 4038 quod
1622 3998 1693 4030 ultra
1708 4008 1825 4030 centum
1842 3999 1928 4030 millia
1942 3999 2075 4033 librarum
2089 4003 2202 4034 Turon.
2220 4005 2385 4041 nigrorum,
2405 3982 2447 4044 ξε,
2459 3987 2480 4004 r.
2494 3989 2529 4005 ἠ’

1332 4041 1368 4071 de
1390 4039 1490 4077 quibus
1508 4037 1610 4068 litteras
1632 4038 1738 4069 nostras
1759 4040 1918 4076 quietantiae
1940 4040 2022 4070 vobis
2047 4042 2254 4073 transmittimus
2268 4066 2277 4080 ,
2295 4042 2384 4082 ipsum

1332 4079 1415 4111 vobis
1434 4077 1537 4107 debere
1558 4078 1576 4096 *³
1601 4078 1777 4116 contigerit,
1803 4077 1968 4108 remissionis
1987 4080 2033 4109 seu
2050 4081 2255 4119 pardonationis
2268 4082 2382 4121 gratiam
2406 4090 2537 4125 ῡηρμ,

1334 4119 1363 4149 in
1378 4124 1455 4156 parte
1469 4115 1561 4147 facere
1573 4114 1664 4148 velitis
1675 4116 1787 4154 eidem,
1803 4115 1905 4147 nostris
1919 4118 2049 4156 precibus
2065 4120 2099 4152 ὃς
2114 4128 2229 4152 amore:

2359 4149 2396 4185 Et
