<?xml version="1.0" encoding="UTF-8"?>
<!DOCTYPE html PUBLIC "-//W3C//DTD XHTML 1.0 Transitional//EN"
    "http://www.w3.org/TR/xhtml1/DTD/xhtml1-transitional.dtd">
<html xmlns="http://www.w3.org/1999/xhtml" xml:lang="en" lang="en">
 <head>
  <title>
</title>
<meta http-equiv="Content-Type" content="text/html;charset=utf-8" />
  <meta name='ocr-system' content='tesseract 3.04.00' />
  <meta name='ocr-capabilities' content='ocr_page ocr_carea ocr_par ocr_line ocrx_word'/>
</head>
<body>
  <div class='ocr_page' id='page_1' title='image "./fderaconventione01ryme/fderaconventione01ryme_0924.png"; bbox 0 0 2570 4261; ppageno 0'>
   <div class='ocr_carea' id='block_1_1' title="bbox 17 209 147 243">
    <p class='ocr_par' dir='ltr' id='par_1_1' title="bbox 17 209 147 243">
     <span class='ocr_line' id='line_1_1' title="bbox 17 209 147 243; baseline -0.015 0"><span class='ocrx_word' id='word_1_1' title='bbox 17 211 94 243; x_wconf 76' lang='lat' dir='ltr'>Anu.</span> <span class='ocrx_word' id='word_1_2' title='bbox 106 209 147 241; x_wconf 89' lang='lat' dir='ltr'>D.</span> 
     </span>
    </p>
   </div>
   <div class='ocr_carea' id='block_1_2' title="bbox 16 259 131 318">
    <p class='ocr_par' dir='ltr' id='par_1_2' title="bbox 16 259 131 318">
     <span class='ocr_line' id='line_1_2' title="bbox 38 259 123 289; baseline -0.012 -9"><span class='ocrx_word' id='word_1_3' title='bbox 38 259 89 289; x_wconf 85' lang='lat'>131</span> <span class='ocrx_word' id='word_1_4' title='bbox 98 259 123 279; x_wconf 82' lang='grc'>1.</span> 
     </span>
     <span class='ocr_line' id='line_1_3' title="bbox 16 291 131 318; baseline -0.017 -2"><span class='ocrx_word' id='word_1_5' title='bbox 16 291 83 318; x_wconf 77' lang='lat' dir='ltr'>Edv.</span> <span class='ocrx_word' id='word_1_6' title='bbox 104 297 131 318; x_wconf 84' lang='lat'>2.</span> 
     </span>
    </p>
   </div>
   <div class='ocr_carea' id='block_1_3' title="bbox 16 367 112 430">
    <p class='ocr_par' dir='ltr' id='par_1_3' title="bbox 16 367 112 430">
     <span class='ocr_line' id='line_1_4' title="bbox 17 367 112 400; baseline 0 -9"><span class='ocrx_word' id='word_1_7' title='bbox 17 367 70 394; x_wconf 74' lang='lat' dir='ltr'>An.</span> <span class='ocrx_word' id='word_1_8' title='bbox 84 373 112 400; x_wconf 92' lang='lat'>5.</span> 
     </span>
     <span class='ocr_line' id='line_1_5' title="bbox 16 407 90 430; baseline -0.014 0"><span class='ocrx_word' id='word_1_9' title='bbox 16 407 49 430; x_wconf 76' lang='lat' dir='ltr'>E.</span> <span class='ocrx_word' id='word_1_10' title='bbox 64 412 90 429; x_wconf 86' lang='lat'>2.</span> 
     </span>
    </p>
   </div>
   <div class='ocr_carea' id='block_1_4' title="bbox 14 440 152 506">
    <p class='ocr_par' dir='ltr' id='par_1_4' title="bbox 14 440 152 506">
     <span class='ocr_line' id='line_1_6' title="bbox 14 440 150 477; baseline -0.015 -9"><span class='ocrx_word' id='word_1_11' title='bbox 14 440 104 477; x_wconf 79' lang='lat' dir='ltr'>Claus-</span> <span class='ocrx_word' id='word_1_12' title='bbox 122 448 150 475; x_wconf 87' lang='lat'>5.</span> 
     </span>
     <span class='ocr_line' id='line_1_7' title="bbox 16 482 152 506; baseline 0 0"><span class='ocrx_word' id='word_1_13' title='bbox 16 482 48 506; x_wconf 76' lang='grc' dir='ltr'>Ε.</span> <span class='ocrx_word' id='word_1_14' title='bbox 69 487 96 506; x_wconf 87' lang='lat'>2.</span> <span class='ocrx_word' id='word_1_15' title='bbox 115 487 152 506; x_wconf 88' lang='lat' dir='ltr'>m.</span> 
     </span>
    </p>
   </div>
   <div class='ocr_carea' id='block_1_5' title="bbox 19 516 133 553">
    <p class='ocr_par' dir='ltr' id='par_1_5' title="bbox 19 516 133 553">
     <span class='ocr_line' id='line_1_8' title="bbox 19 516 133 553; baseline -0.009 -9"><span class='ocrx_word' id='word_1_16' title='bbox 19 525 64 553; x_wconf 86' lang='lat'>23.</span> <span class='ocrx_word' id='word_1_17' title='bbox 80 516 133 544; x_wconf 70' lang='lat' dir='ltr'>dor.</span> 
     </span>
    </p>
   </div>
   <div class='ocr_carea' id='block_1_6' title="bbox 28 1807 110 1876">
    <p class='ocr_par' dir='ltr' id='par_1_6' title="bbox 28 1807 110 1876">
     <span class='ocr_line' id='line_1_9' title="bbox 28 1807 110 1837; baseline -0.012 0"><span class='ocrx_word' id='word_1_18' title='bbox 28 1807 110 1837; x_wconf 61' lang='lat'>³111.</span> 
     </span>
     <span class='ocr_line' id='line_1_10' title="bbox 40 1847 104 1876; baseline 0.016 -1"><span class='ocrx_word' id='word_1_19' title='bbox 40 1847 104 1876; x_wconf 77' lang='lat'><em>280.</em></span> 
     </span>
    </p>
   </div>
   <div class='ocr_carea' id='block_1_7' title="bbox 12 2331 139 2365">
    <p class='ocr_par' dir='ltr' id='par_1_7' title="bbox 12 2331 139 2365">
     <span class='ocr_line' id='line_1_11' title="bbox 12 2331 139 2365; baseline -0.016 0"><span class='ocrx_word' id='word_1_20' title='bbox 12 2331 139 2365; x_wconf 68' lang='lat' dir='ltr'>AnnD.</span> 
     </span>
    </p>
   </div>
   <div class='ocr_carea' id='block_1_8' title="bbox 9 2380 138 2557">
    <p class='ocr_par' dir='ltr' id='par_1_8' title="bbox 9 2380 138 2557">
     <span class='ocr_line' id='line_1_12' title="bbox 34 2380 121 2411; baseline 0.011 -10"><span class='ocrx_word' id='word_1_21' title='bbox 34 2380 121 2411; x_wconf 81' lang='lat'><strong>1311.</strong></span> 
     </span>
     <span class='ocr_line' id='line_1_13' title="bbox 9 2414 104 2447; baseline -0.011 -7"><span class='ocrx_word' id='word_1_22' title='bbox 9 2414 63 2440; x_wconf 69' lang='lat' dir='ltr'>An.</span> <span class='ocrx_word' id='word_1_23' title='bbox 76 2420 104 2447; x_wconf 83' lang='lat'>5.</span> 
     </span>
     <span class='ocr_line' id='line_1_14' title="bbox 9 2470 123 2525; baseline 0 -9"><span class='ocrx_word' id='word_1_24' title='bbox 9 2470 123 2525; x_wconf 41' lang='lat' dir='ltr'>fian-5.</span> 
     </span>
     <span class='ocr_line' id='line_1_15' title="bbox 10 2529 138 2557; baseline 0.016 -3"><span class='ocrx_word' id='word_1_25' title='bbox 10 2529 43 2555; x_wconf 77' lang='grc' dir='ltr'>Ε.</span> <span class='ocrx_word' id='word_1_26' title='bbox 57 2535 85 2556; x_wconf 86' lang='lat'>2.</span> <span class='ocrx_word' id='word_1_27' title='bbox 101 2538 138 2557; x_wconf 83' lang='lat' dir='ltr'>m.</span> 
     </span>
    </p>
   </div>
   <div class='ocr_carea' id='block_1_9' title="bbox 15 3621 143 3654">
    <p class='ocr_par' dir='ltr' id='par_1_9' title="bbox 15 3621 143 3654">
     <span class='ocr_line' id='line_1_16' title="bbox 15 3621 143 3654; baseline 0 0"><span class='ocrx_word' id='word_1_28' title='bbox 15 3621 91 3654; x_wconf 83' lang='lat' dir='ltr'>Ann.</span> <span class='ocrx_word' id='word_1_29' title='bbox 103 3622 143 3654; x_wconf 90' lang='lat' dir='ltr'>D.</span> 
     </span>
    </p>
   </div>
   <div class='ocr_carea' id='block_1_10' title="bbox 38 3670 121 3701">
    <p class='ocr_par' dir='ltr' id='par_1_10' title="bbox 38 3670 121 3701">
     <span class='ocr_line' id='line_1_17' title="bbox 38 3670 121 3701; baseline 0.012 -10"><span class='ocrx_word' id='word_1_30' title='bbox 38 3670 121 3701; x_wconf 87' lang='lat'>1311.</span> 
     </span>
    </p>
   </div>
   <div class='ocr_carea' id='block_1_11' title="bbox 113 3780 809 3822">
    <p class='ocr_par' dir='ltr' id='par_1_11' title="bbox 113 3780 809 3822">
     <span class='ocr_line' id='line_1_18' title="bbox 113 3780 809 3822; baseline 0.004 -12"><span class='ocrx_word' id='word_1_31' title='bbox 113 3797 119 3805; x_wconf 91' lang='lat'>-</span> <span class='ocrx_word' id='word_1_32' title='bbox 161 3780 311 3814; x_wconf 89' lang='lat' dir='ltr'>Baronibus</span> <span class='ocrx_word' id='word_1_33' title='bbox 323 3783 423 3819; x_wconf 74' lang='lat' dir='ltr'>Regni</span> <span class='ocrx_word' id='word_1_34' title='bbox 436 3784 539 3822; x_wconf 86' lang='lat' dir='ltr'>nostri,</span> <span class='ocrx_word' id='word_1_35' title='bbox 555 3782 631 3821; x_wconf 89' lang='lat' dir='ltr'>quod</span> <span class='ocrx_word' id='word_1_36' title='bbox 644 3791 728 3813; x_wconf 77' lang='lat' dir='ltr'>certae</span> <span class='ocrx_word' id='word_1_37' title='bbox 743 3781 809 3820; x_wconf 83' lang='lat' dir='ltr'>pers</span> 
     </span>
    </p>
   </div>
   <div class='ocr_carea' id='block_1_12' title="bbox 163 104 242 154">
    <p class='ocr_par' dir='ltr' id='par_1_12' title="bbox 163 104 242 154">
     <span class='ocr_line' id='line_1_19' title="bbox 163 104 242 154; baseline 0 -13"><span class='ocrx_word' id='word_1_38' title='bbox 163 104 242 154; x_wconf 85' lang='lat'>196</span> 
     </span>
    </p>
   </div>
   <div class='ocr_carea' id='block_1_13' title="bbox 558 217 1060 225">
    <p class='ocr_par' dir='ltr' id='par_1_13' title="bbox 558 217 1060 225">
     <span class='ocr_line' id='line_1_20' title="bbox 558 217 1060 225; baseline 0 0"><span class='ocrx_word' id='word_1_39' title='bbox 558 217 1060 225; x_wconf 95' lang='lat' dir='ltr'> </span> 
     </span>
    </p>
   </div>
   <div class='ocr_carea' id='block_1_14' title="bbox 361 223 486 229">
    <p class='ocr_par' dir='ltr' id='par_1_14' title="bbox 361 223 486 229">
     <span class='ocr_line' id='line_1_21' title="bbox 361 223 486 229; baseline 0 0"><span class='ocrx_word' id='word_1_40' title='bbox 361 223 486 229; x_wconf 95' lang='lat' dir='ltr'> </span> 
     </span>
    </p>
   </div>
   <div class='ocr_carea' id='block_1_15' title="bbox 224 260 1117 314">
    <p class='ocr_par' dir='ltr' id='par_1_15' title="bbox 224 260 1117 314">
     <span class='ocr_line' id='line_1_22' title="bbox 224 260 1117 314; baseline -0.011 -8"><span class='ocrx_word' id='word_1_41' title='bbox 224 280 243 301; x_wconf 64' lang='grc' dir='ltr'>*ι’</span> <span class='ocrx_word' id='word_1_42' title='bbox 278 271 336 307; x_wconf 83' lang='lat' dir='ltr'>Ad</span> <span class='ocrx_word' id='word_1_43' title='bbox 354 267 520 304; x_wconf 74' lang='lat' dir='ltr'>Brabantiae</span> <span class='ocrx_word' id='word_1_44' title='bbox 541 270 681 310; x_wconf 82' lang='lat' dir='ltr'><em>Ducem,</em></span> <span class='ocrx_word' id='word_1_45' title='bbox 699 276 756 314; x_wconf 77' lang='lat' dir='ltr'>pro</span> <span class='ocrx_word' id='word_1_46' title='bbox 779 268 866 300; x_wconf 86' lang='lat' dir='ltr'>Petro</span> <span class='ocrx_word' id='word_1_47' title='bbox 891 263 928 298; x_wconf 82' lang='lat' dir='ltr'>de</span> <span class='ocrx_word' id='word_1_48' title='bbox 953 260 1117 307; x_wconf 79' lang='lat' dir='ltr'>Gavaston.</span> 
     </span>
    </p>
   </div>
   <div class='ocr_carea' id='block_1_16' title="bbox 165 348 1238 549">
    <p class='ocr_par' dir='ltr' id='par_1_16' title="bbox 231 348 1238 440">
     <span class='ocr_line' id='line_1_23' title="bbox 231 348 1237 394; baseline -0.01 -6"><span class='ocrx_word' id='word_1_49' title='bbox 231 355 296 389; x_wconf 71' lang='lat' dir='ltr'>Ex</span> <span class='ocrx_word' id='word_1_50' title='bbox 315 356 418 387; x_wconf 87' lang='lat' dir='ltr'>Nobili</span> <span class='ocrx_word' id='word_1_51' title='bbox 438 356 520 394; x_wconf 90' lang='lat' dir='ltr'>viro,</span> <span class='ocrx_word' id='word_1_52' title='bbox 537 353 669 385; x_wconf 89' lang='lat' dir='ltr'>Domino</span> <span class='ocrx_word' id='word_1_53' title='bbox 708 376 715 383; x_wconf 96' lang='lat'><strong>.</strong></span> <span class='ocrx_word' id='word_1_54' title='bbox 735 350 815 383; x_wconf 90' lang='lat' dir='ltr'>Duci</span> <span class='ocrx_word' id='word_1_55' title='bbox 838 351 990 388; x_wconf 84' lang='lat' dir='ltr'>Lotriciae,</span> <span class='ocrx_word' id='word_1_56' title='bbox 1013 348 1185 386; x_wconf 82' lang='lat' dir='ltr'>Brabantiae,</span> <span class='ocrx_word' id='word_1_57' title='bbox 1203 348 1237 379; x_wconf 74' lang='grc' dir='ltr'>δε</span> 
     </span>
     <span class='ocr_line' id='line_1_24' title="bbox 248 387 1238 440; baseline -0.009 -14"><span class='ocrx_word' id='word_1_58' title='bbox 248 395 427 440; x_wconf 72' lang='lat' dir='ltr'>Limburgh,</span> <span class='ocrx_word' id='word_1_59' title='bbox 446 394 532 424; x_wconf 84' lang='lat' dir='ltr'>Fran-i</span> <span class='ocrx_word' id='word_1_60' title='bbox 545 393 593 424; x_wconf 91' lang='lat' dir='ltr'>suo</span> <span class='ocrx_word' id='word_1_61' title='bbox 607 392 664 423; x_wconf 83' lang='lat' dir='ltr'>kar&#39;</span> <span class='ocrx_word' id='word_1_62' title='bbox 690 401 766 429; x_wconf 86' lang='lat' dir='ltr'>imo,</span> <span class='ocrx_word' id='word_1_63' title='bbox 783 389 916 429; x_wconf 85' lang='lat' dir='ltr'>salutem,</span> <span class='ocrx_word' id='word_1_64' title='bbox 933 390 967 420; x_wconf 88' lang='lat'>&amp;</span> <span class='ocrx_word' id='word_1_65' title='bbox 981 389 1094 419; x_wconf 84' lang='lat' dir='ltr'>fineerae</span> <span class='ocrx_word' id='word_1_66' title='bbox 1108 387 1238 419; x_wconf 62' lang='lat' dir='ltr'>dileetio-</span> 
     </span>
    </p>

    <p class='ocr_par' dir='ltr' id='par_1_17' title="bbox 165 440 1237 549">
     <span class='ocr_line' id='line_1_25' title="bbox 167 440 551 466; baseline -0.01 0"><span class='ocrx_word' id='word_1_67' title='bbox 167 445 208 466; x_wconf 88' lang='lat' dir='ltr'>nis</span> <span class='ocrx_word' id='word_1_68' title='bbox 221 443 355 465; x_wconf 87' lang='lat' dir='ltr'>continua</span> <span class='ocrx_word' id='word_1_69' title='bbox 369 440 551 465; x_wconf 85' lang='lat' dir='ltr'>incrementa.</span> 
     </span>
     <span class='ocr_line' id='line_1_26' title="bbox 201 464 1236 510; baseline -0.009 -7"><span class='ocrx_word' id='word_1_70' title='bbox 201 473 295 503; x_wconf 83' lang='lat' dir='ltr'>Habet</span> <span class='ocrx_word' id='word_1_71' title='bbox 314 472 405 503; x_wconf 86' lang='lat' dir='ltr'>nostra</span> <span class='ocrx_word' id='word_1_72' title='bbox 426 470 528 502; x_wconf 83' lang='lat' dir='ltr'>fiducia</span> <span class='ocrx_word' id='word_1_73' title='bbox 539 493 549 510; x_wconf 93' lang='lat'>,</span> <span class='ocrx_word' id='word_1_74' title='bbox 573 469 729 508; x_wconf 88' lang='lat' dir='ltr'>opinioque</span> <span class='ocrx_word' id='word_1_75' title='bbox 751 466 846 498; x_wconf 90' lang='lat' dir='ltr'>nostra</span> <span class='ocrx_word' id='word_1_76' title='bbox 864 474 939 499; x_wconf 77' lang='lat' dir='ltr'>tenet</span> <span class='ocrx_word' id='word_1_77' title='bbox 960 465 1036 504; x_wconf 90' lang='lat' dir='ltr'>quod</span> <span class='ocrx_word' id='word_1_78' title='bbox 1057 475 1105 503; x_wconf 87' lang='lat' dir='ltr'>ea,</span> <span class='ocrx_word' id='word_1_79' title='bbox 1125 475 1188 504; x_wconf 86' lang='lat' dir='ltr'>quae</span> <span class='ocrx_word' id='word_1_80' title='bbox 1205 464 1236 495; x_wconf 88' lang='lat' dir='ltr'>in</span> 
     </span>
     <span class='ocr_line' id='line_1_27' title="bbox 165 503 1237 549; baseline -0.008 -7"><span class='ocrx_word' id='word_1_81' title='bbox 165 510 266 542; x_wconf 89' lang='lat' dir='ltr'>nostris</span> <span class='ocrx_word' id='word_1_82' title='bbox 277 512 401 549; x_wconf 84' lang='lat' dir='ltr'>gerimus</span> <span class='ocrx_word' id='word_1_83' title='bbox 412 510 567 548; x_wconf 87' lang='lat' dir='ltr'>desideriis,</span> <span class='ocrx_word' id='word_1_84' title='bbox 584 508 652 540; x_wconf 85' lang='lat' dir='ltr'>velit</span> <span class='ocrx_word' id='word_1_85' title='bbox 663 507 753 540; x_wconf 86' lang='lat' dir='ltr'>vestra</span> <span class='ocrx_word' id='word_1_86' title='bbox 765 506 913 538; x_wconf 80' lang='lat' dir='ltr'>fraternalis</span> <span class='ocrx_word' id='word_1_87' title='bbox 932 505 1046 536; x_wconf 65' lang='lat' dir='ltr'>affectio</span> <span class='ocrx_word' id='word_1_88' title='bbox 1061 505 1180 543; x_wconf 83' lang='lat' dir='ltr'>propriis</span> <span class='ocrx_word' id='word_1_89' title='bbox 1195 503 1237 534; x_wconf 85' lang='lat' dir='ltr'>af-</span> 
     </span>
    </p>
   </div>
   <div class='ocr_carea' id='block_1_17' title="bbox 165 549 1237 626">
    <p class='ocr_par' dir='ltr' id='par_1_18' title="bbox 165 549 1237 626">
     <span class='ocr_line' id='line_1_28' title="bbox 165 549 912 587; baseline -0.004 -6"><span class='ocrx_word' id='word_1_90' title='bbox 165 550 286 582; x_wconf 66' lang='lat' dir='ltr'>secribus</span> <span class='ocrx_word' id='word_1_91' title='bbox 297 549 458 587; x_wconf 87' lang='lat' dir='ltr'>adimplere.</span> <span class='ocrx_word' id='word_1_92' title='bbox 907 564 912 569; x_wconf 82' lang='lat'><em>-</em></span> 
     </span>
     <span class='ocr_line' id='line_1_29' title="bbox 202 580 1237 626; baseline -0.009 -6"><span class='ocrx_word' id='word_1_93' title='bbox 202 587 283 619; x_wconf 89' lang='lat' dir='ltr'>Cum</span> <span class='ocrx_word' id='word_1_94' title='bbox 297 590 389 626; x_wconf 88' lang='lat' dir='ltr'>itaque</span> <span class='ocrx_word' id='word_1_95' title='bbox 409 587 555 619; x_wconf 84' lang='lat' dir='ltr'>Nobilem</span> <span class='ocrx_word' id='word_1_96' title='bbox 568 586 681 624; x_wconf 87' lang='lat' dir='ltr'>virum,</span> <span class='ocrx_word' id='word_1_97' title='bbox 696 584 860 616; x_wconf 81' lang='lat' dir='ltr'>Dominum</span> <span class='ocrx_word' id='word_1_98' title='bbox 882 583 998 614; x_wconf 87' lang='lat' dir='ltr'>Petrum</span> <span class='ocrx_word' id='word_1_99' title='bbox 1017 581 1054 612; x_wconf 88' lang='lat' dir='ltr'>de</span> <span class='ocrx_word' id='word_1_100' title='bbox 1069 580 1237 620; x_wconf 87' lang='lat' dir='ltr'>Gavaston,</span> 
     </span>
    </p>
   </div>
   <div class='ocr_carea' id='block_1_18' title="bbox 160 620 1237 1161">
    <p class='ocr_par' dir='ltr' id='par_1_19' title="bbox 164 620 1237 743">
     <span class='ocr_line' id='line_1_30' title="bbox 164 620 1237 665; baseline -0.007 -7"><span class='ocrx_word' id='word_1_101' title='bbox 164 626 315 658; x_wconf 86' lang='lat' dir='ltr'>Comitem</span> <span class='ocrx_word' id='word_1_102' title='bbox 330 627 505 665; x_wconf 89' lang='lat' dir='ltr'>Cornubiae,</span> <span class='ocrx_word' id='word_1_103' title='bbox 523 635 608 664; x_wconf 88' lang='lat' dir='ltr'>quem</span> <span class='ocrx_word' id='word_1_104' title='bbox 627 625 657 655; x_wconf 93' lang='lat' dir='ltr'>in</span> <span class='ocrx_word' id='word_1_105' title='bbox 671 623 790 664; x_wconf 87' lang='lat' dir='ltr'>quadam</span> <span class='ocrx_word' id='word_1_106' title='bbox 806 623 935 662; x_wconf 85' lang='lat' dir='ltr'>peculiari</span> <span class='ocrx_word' id='word_1_107' title='bbox 954 620 1147 658; x_wconf 61' lang='lat' dir='ltr'>praerogativa</span> <span class='ocrx_word' id='word_1_108' title='bbox 1166 620 1237 650; x_wconf 89' lang='lat' dir='ltr'>dile-</span> 
     </span>
     <span class='ocr_line' id='line_1_31' title="bbox 164 659 1237 705; baseline -0.007 -9"><span class='ocrx_word' id='word_1_109' title='bbox 164 666 268 697; x_wconf 64' lang='lat' dir='ltr'>&amp;ionis</span> <span class='ocrx_word' id='word_1_110' title='bbox 284 666 425 705; x_wconf 88' lang='lat' dir='ltr'>hucusque</span> <span class='ocrx_word' id='word_1_111' title='bbox 440 666 642 703; x_wconf 86' lang='lat' dir='ltr'>concepimus,</span> <span class='ocrx_word' id='word_1_112' title='bbox 658 674 675 694; x_wconf 88' lang='lat' dir='ltr'>a</span> <span class='ocrx_word' id='word_1_113' title='bbox 690 663 799 701; x_wconf 83' lang='lat' dir='ltr'>Regno</span> <span class='ocrx_word' id='word_1_114' title='bbox 813 661 913 692; x_wconf 90' lang='lat' dir='ltr'>nostro</span> <span class='ocrx_word' id='word_1_115' title='bbox 933 660 968 692; x_wconf 88' lang='lat' dir='ltr'>ad</span> <span class='ocrx_word' id='word_1_116' title='bbox 989 668 1077 701; x_wconf 83' lang='lat' dir='ltr'>partes</span> <span class='ocrx_word' id='word_1_117' title='bbox 1091 667 1195 690; x_wconf 83' lang='lat' dir='ltr'>exteras</span> <span class='ocrx_word' id='word_1_118' title='bbox 1209 659 1237 690; x_wconf 89' lang='lat' dir='ltr'>se</span> 
     </span>
     <span class='ocr_line' id='line_1_32' title="bbox 164 705 681 743; baseline -0.006 -8"><span class='ocrx_word' id='word_1_119' title='bbox 164 706 194 735; x_wconf 89' lang='lat' dir='ltr'>in</span> <span class='ocrx_word' id='word_1_120' title='bbox 210 705 292 736; x_wconf 83' lang='lat' dir='ltr'>brevi</span> <span class='ocrx_word' id='word_1_121' title='bbox 306 705 443 736; x_wconf 86' lang='lat' dir='ltr'>divertere</span> <span class='ocrx_word' id='word_1_122' title='bbox 454 705 512 743; x_wconf 86' lang='lat' dir='ltr'>jam</span> <span class='ocrx_word' id='word_1_123' title='bbox 528 710 681 742; x_wconf 84' lang='lat' dir='ltr'>proponat,</span> 
     </span>
    </p>

    <p class='ocr_par' dir='ltr' id='par_1_20' title="bbox 161 736 1237 1014">
     <span class='ocr_line' id='line_1_33' title="bbox 201 736 1236 778; baseline -0.009 -3"><span class='ocrx_word' id='word_1_124' title='bbox 201 743 332 775; x_wconf 87' lang='lat' dir='ltr'>Vestram</span> <span class='ocrx_word' id='word_1_125' title='bbox 345 744 499 774; x_wconf 84' lang='lat' dir='ltr'>amicitiam</span> <span class='ocrx_word' id='word_1_126' title='bbox 512 740 682 773; x_wconf 75' lang='lat' dir='ltr'>karissimam</span> <span class='ocrx_word' id='word_1_127' title='bbox 695 737 852 771; x_wconf 67' lang='lat' dir='ltr'>affeeruofis</span> <span class='ocrx_word' id='word_1_128' title='bbox 874 738 1002 778; x_wconf 84' lang='lat' dir='ltr'>precibus</span> <span class='ocrx_word' id='word_1_129' title='bbox 1022 737 1187 776; x_wconf 85' lang='lat' dir='ltr'>requirimus</span> <span class='ocrx_word' id='word_1_130' title='bbox 1202 736 1236 768; x_wconf 86' lang='lat'>&amp;</span> 
     </span>
     <span class='ocr_line' id='line_1_34' title="bbox 161 775 1237 821; baseline -0.008 -7"><span class='ocrx_word' id='word_1_131' title='bbox 161 791 311 820; x_wconf 80' lang='lat' dir='ltr'>rogamus,</span> <span class='ocrx_word' id='word_1_132' title='bbox 330 784 455 821; x_wconf 87' lang='lat' dir='ltr'>quatinus</span> <span class='ocrx_word' id='word_1_133' title='bbox 470 780 618 820; x_wconf 74' lang='lat' dir='ltr'>praefatum</span> <span class='ocrx_word' id='word_1_134' title='bbox 633 779 784 810; x_wconf 87' lang='lat' dir='ltr'>Comitem</span> <span class='ocrx_word' id='word_1_135' title='bbox 800 779 830 808; x_wconf 87' lang='lat' dir='ltr'>in</span> <span class='ocrx_word' id='word_1_136' title='bbox 844 786 945 808; x_wconf 87' lang='lat' dir='ltr'>terram</span> <span class='ocrx_word' id='word_1_137' title='bbox 961 777 994 808; x_wconf 89' lang='lat'>&amp;</span> <span class='ocrx_word' id='word_1_138' title='bbox 1010 775 1172 814; x_wconf 87' lang='lat' dir='ltr'>potestatem</span> <span class='ocrx_word' id='word_1_139' title='bbox 1186 786 1237 806; x_wconf 85' lang='lat' dir='ltr'>ve-</span> 
     </span>
     <span class='ocr_line' id='line_1_35' title="bbox 162 813 1235 858; baseline -0.008 -5"><span class='ocrx_word' id='word_1_140' title='bbox 162 821 249 853; x_wconf 86' lang='lat' dir='ltr'>stram</span> <span class='ocrx_word' id='word_1_141' title='bbox 260 821 350 853; x_wconf 87' lang='lat' dir='ltr'>velitis</span> <span class='ocrx_word' id='word_1_142' title='bbox 363 822 489 858; x_wconf 75' lang='lat' dir='ltr'>benigne</span> <span class='ocrx_word' id='word_1_143' title='bbox 504 819 666 858; x_wconf 83' lang='lat' dir='ltr'>admittere,</span> <span class='ocrx_word' id='word_1_144' title='bbox 685 818 718 848; x_wconf 88' lang='lat'>&amp;</span> <span class='ocrx_word' id='word_1_145' title='bbox 733 817 886 855; x_wconf 81' lang='lat' dir='ltr'>praecipere</span> <span class='ocrx_word' id='word_1_146' title='bbox 907 815 1017 854; x_wconf 87' lang='lat' dir='ltr'>ipsum,</span> <span class='ocrx_word' id='word_1_147' title='bbox 1034 814 1106 845; x_wconf 90' lang='lat' dir='ltr'>dum</span> <span class='ocrx_word' id='word_1_148' title='bbox 1124 813 1235 845; x_wconf 84' lang='lat' dir='ltr'>ibidem</span> 
     </span>
     <span class='ocr_line' id='line_1_36' title="bbox 162 852 1236 898; baseline -0.008 -7"><span class='ocrx_word' id='word_1_149' title='bbox 162 870 276 892; x_wconf 88' lang='lat' dir='ltr'>moram</span> <span class='ocrx_word' id='word_1_150' title='bbox 288 861 415 898; x_wconf 77' lang='lat' dir='ltr'>traxerit,</span> <span class='ocrx_word' id='word_1_151' title='bbox 434 870 484 898; x_wconf 89' lang='lat' dir='ltr'>per</span> <span class='ocrx_word' id='word_1_152' title='bbox 498 857 619 889; x_wconf 88' lang='lat' dir='ltr'>subditos</span> <span class='ocrx_word' id='word_1_153' title='bbox 632 856 739 888; x_wconf 87' lang='lat' dir='ltr'>vestros</span> <span class='ocrx_word' id='word_1_154' title='bbox 753 855 908 886; x_wconf 86' lang='lat' dir='ltr'>honoribus</span> <span class='ocrx_word' id='word_1_155' title='bbox 921 853 1074 890; x_wconf 88' lang='lat' dir='ltr'>condignis</span> <span class='ocrx_word' id='word_1_156' title='bbox 1082 854 1115 884; x_wconf 91' lang='lat'>&amp;</span> <span class='ocrx_word' id='word_1_157' title='bbox 1129 852 1236 883; x_wconf 89' lang='lat' dir='ltr'>favori-</span> 
     </span>
     <span class='ocr_line' id='line_1_37' title="bbox 163 891 1237 938; baseline -0.008 -8"><span class='ocrx_word' id='word_1_158' title='bbox 163 899 218 930; x_wconf 85' lang='lat' dir='ltr'>bus</span> <span class='ocrx_word' id='word_1_159' title='bbox 235 899 361 938; x_wconf 84' lang='lat' dir='ltr'>propitiis</span> <span class='ocrx_word' id='word_1_160' title='bbox 374 921 383 937; x_wconf 85' lang='lat'>,</span> <span class='ocrx_word' id='word_1_161' title='bbox 401 898 500 929; x_wconf 85' lang='lat' dir='ltr'>nostris</span> <span class='ocrx_word' id='word_1_162' title='bbox 519 897 647 935; x_wconf 88' lang='lat' dir='ltr'>precibus</span> <span class='ocrx_word' id='word_1_163' title='bbox 662 918 672 934; x_wconf 90' lang='lat'>,</span> <span class='ocrx_word' id='word_1_164' title='bbox 698 903 779 933; x_wconf 85' lang='lat' dir='ltr'>prout</span> <span class='ocrx_word' id='word_1_165' title='bbox 802 893 884 925; x_wconf 89' lang='lat' dir='ltr'>cordi</span> <span class='ocrx_word' id='word_1_166' title='bbox 923 894 1042 931; x_wconf 86' lang='lat' dir='ltr'>erimus,</span> <span class='ocrx_word' id='word_1_167' title='bbox 1061 891 1237 930; x_wconf 59' lang='lat' dir='ltr'>pertraitari5</span> 
     </span>
     <span class='ocr_line' id='line_1_38' title="bbox 162 903 1235 975; baseline -0.007 -7"><span class='ocrx_word' id='word_1_168' title='bbox 162 947 216 975; x_wconf 86' lang='lat' dir='ltr'>pro</span> <span class='ocrx_word' id='word_1_169' title='bbox 238 938 354 975; x_wconf 87' lang='lat' dir='ltr'>quibus,</span> <span class='ocrx_word' id='word_1_170' title='bbox 380 936 450 967; x_wconf 88' lang='lat' dir='ltr'>infra</span> <span class='ocrx_word' id='word_1_171' title='bbox 468 935 610 967; x_wconf 63' lang='lat' dir='ltr'>districtus</span> <span class='ocrx_word' id='word_1_172' title='bbox 629 933 754 973; x_wconf 79' lang='lat' dir='ltr'>nostros,</span> <span class='ocrx_word' id='word_1_173' title='bbox 771 933 833 972; x_wconf 83' lang='lat' dir='ltr'>ipfis</span> <span class='ocrx_word' id='word_1_174' title='bbox 848 903 963 964; x_wconf 39' lang='lat' dir='ltr'>subditis</span> <span class='ocrx_word' id='word_1_175' title='bbox 976 930 1073 963; x_wconf 81' lang='lat' dir='ltr'>vestris</span> <span class='ocrx_word' id='word_1_176' title='bbox 1094 931 1235 970; x_wconf 84' lang='lat' dir='ltr'>majorem</span> 
     </span>
     <span class='ocr_line' id='line_1_39' title="bbox 163 973 702 1014; baseline -0.007 -8"><span class='ocrx_word' id='word_1_177' title='bbox 163 976 222 1006; x_wconf 87' lang='lat' dir='ltr'>fieri</span> <span class='ocrx_word' id='word_1_178' title='bbox 237 976 367 1007; x_wconf 86' lang='lat' dir='ltr'>volumus</span> <span class='ocrx_word' id='word_1_179' title='bbox 380 977 497 1014; x_wconf 76' lang='lat' dir='ltr'>gratiam</span> <span class='ocrx_word' id='word_1_180' title='bbox 513 975 547 1005; x_wconf 89' lang='lat'>&amp;</span> <span class='ocrx_word' id='word_1_181' title='bbox 565 973 702 1004; x_wconf 74' lang='lat' dir='ltr'>favorem.</span> 
     </span>
    </p>

    <p class='ocr_par' dir='ltr' id='par_1_21' title="bbox 160 1006 1235 1161">
     <span class='ocr_line' id='line_1_40' title="bbox 198 1006 1235 1053; baseline -0.007 -8"><span class='ocrx_word' id='word_1_182' title='bbox 198 1014 235 1045; x_wconf 85' lang='lat' dir='ltr'>Et</span> <span class='ocrx_word' id='word_1_183' title='bbox 251 1013 286 1044; x_wconf 90' lang='lat' dir='ltr'>de</span> <span class='ocrx_word' id='word_1_184' title='bbox 300 1024 353 1053; x_wconf 87' lang='lat' dir='ltr'>eo,</span> <span class='ocrx_word' id='word_1_185' title='bbox 371 1014 449 1052; x_wconf 84' lang='lat' dir='ltr'>quod</span> <span class='ocrx_word' id='word_1_186' title='bbox 462 1013 541 1052; x_wconf 88' lang='lat' dir='ltr'>super</span> <span class='ocrx_word' id='word_1_187' title='bbox 557 1010 718 1051; x_wconf 83' lang='lat' dir='ltr'>praemiffis,</span> <span class='ocrx_word' id='word_1_188' title='bbox 735 1009 769 1041; x_wconf 85' lang='lat' dir='ltr'>ad</span> <span class='ocrx_word' id='word_1_189' title='bbox 785 1008 871 1041; x_wconf 85' lang='lat' dir='ltr'>nostri</span> <span class='ocrx_word' id='word_1_190' title='bbox 886 1016 1037 1047; x_wconf 85' lang='lat' dir='ltr'>rogatum,</span> <span class='ocrx_word' id='word_1_191' title='bbox 1054 1007 1184 1039; x_wconf 82' lang='lat' dir='ltr'>duxeritis</span> <span class='ocrx_word' id='word_1_192' title='bbox 1192 1006 1235 1038; x_wconf 90' lang='lat' dir='ltr'>fa-</span> 
     </span>
     <span class='ocr_line' id='line_1_41' title="bbox 160 1046 1234 1092; baseline -0.006 -9"><span class='ocrx_word' id='word_1_193' title='bbox 160 1052 314 1092; x_wconf 81' lang='lat' dir='ltr'>ciendum,</span> <span class='ocrx_word' id='word_1_194' title='bbox 332 1054 415 1084; x_wconf 91' lang='lat' dir='ltr'>nobis</span> <span class='ocrx_word' id='word_1_195' title='bbox 428 1063 478 1091; x_wconf 91' lang='lat' dir='ltr'>per</span> <span class='ocrx_word' id='word_1_196' title='bbox 498 1051 634 1082; x_wconf 64' lang='lat' dir='ltr'>dilectum</span> <span class='ocrx_word' id='word_1_197' title='bbox 655 1051 690 1081; x_wconf 91' lang='lat'>&amp;</span> <span class='ocrx_word' id='word_1_198' title='bbox 709 1049 820 1080; x_wconf 65' lang='lat' dir='ltr'>fidelffln</span> <span class='ocrx_word' id='word_1_199' title='bbox 843 1047 970 1080; x_wconf 81' lang='lat' dir='ltr'>nostrum</span> <span class='ocrx_word' id='word_1_200' title='bbox 985 1046 1179 1078; x_wconf 82' lang='lat' dir='ltr'>willielmum</span> <span class='ocrx_word' id='word_1_201' title='bbox 1197 1046 1234 1077; x_wconf 87' lang='lat' dir='ltr'>de</span> 
     </span>
     <span class='ocr_line' id='line_1_42' title="bbox 161 1085 1234 1161; baseline -0.004 -40"><span class='ocrx_word' id='word_1_202' title='bbox 161 1090 272 1161; x_wconf 43' lang='lat' dir='ltr'>(greyz’</span> <span class='ocrx_word' id='word_1_203' title='bbox 290 1091 410 1136; x_wconf 75' lang='lat' dir='ltr'>latorum</span> <span class='ocrx_word' id='word_1_204' title='bbox 426 1089 619 1130; x_wconf 81' lang='lat' dir='ltr'>praesentium,</span> <span class='ocrx_word' id='word_1_205' title='bbox 643 1098 711 1120; x_wconf 88' lang='lat' dir='ltr'>cum</span> <span class='ocrx_word' id='word_1_206' title='bbox 728 1087 865 1121; x_wconf 86' lang='lat' dir='ltr'>celeritate</span> <span class='ocrx_word' id='word_1_207' title='bbox 886 1086 1050 1125; x_wconf 87' lang='lat' dir='ltr'>desiderata,</span> <span class='ocrx_word' id='word_1_208' title='bbox 1067 1086 1088 1117; x_wconf 82' lang='lat' dir='ltr'>sl</span> <span class='ocrx_word' id='word_1_209' title='bbox 1107 1085 1234 1126; x_wconf 78' lang='lat' dir='ltr'>placeat,</span> 
     </span>
     <span class='ocr_line' id='line_1_43' title="bbox 161 1139 325 1161; baseline -0.006 0"><span class='ocrx_word' id='word_1_210' title='bbox 161 1140 176 1161; x_wconf 84' lang='lat' dir='ltr'>a</span> <span class='ocrx_word' id='word_1_211' title='bbox 208 1140 247 1161; x_wconf 77' lang='lat' dir='ltr'>cri</span> <span class='ocrx_word' id='word_1_212' title='bbox 268 1139 325 1161; x_wconf 86' lang='lat' dir='ltr'>atis.</span> 
     </span>
    </p>
   </div>
   <div class='ocr_carea' id='block_1_19' title="bbox 198 1205 699 1247">
    <p class='ocr_par' dir='ltr' id='par_1_22' title="bbox 198 1205 699 1247">
     <span class='ocr_line' id='line_1_44' title="bbox 198 1205 699 1247; baseline -0.006 -9"><span class='ocrx_word' id='word_1_213' title='bbox 198 1205 266 1238; x_wconf 77' lang='lat' dir='ltr'>Dat.</span> <span class='ocrx_word' id='word_1_214' title='bbox 285 1206 419 1239; x_wconf 87' lang='lat' dir='ltr'>London.</span> <span class='ocrx_word' id='word_1_215' title='bbox 437 1217 464 1247; x_wconf 88' lang='lat'>9.</span> <span class='ocrx_word' id='word_1_216' title='bbox 481 1207 528 1238; x_wconf 92' lang='lat' dir='ltr'>die</span> <span class='ocrx_word' id='word_1_217' title='bbox 543 1205 699 1244; x_wconf 66' lang='lat' dir='ltr'>octobris,</span> 
     </span>
    </p>
   </div>
   <div class='ocr_carea' id='block_1_20' title="bbox 425 1290 967 1332">
    <p class='ocr_par' dir='ltr' id='par_1_23' title="bbox 425 1290 967 1332">
     <span class='ocr_line' id='line_1_45' title="bbox 425 1290 967 1332; baseline -0.009 -6"><span class='ocrx_word' id='word_1_218' title='bbox 425 1296 482 1326; x_wconf 89' lang='lat' dir='ltr'>Ad</span> <span class='ocrx_word' id='word_1_219' title='bbox 490 1297 591 1325; x_wconf 84' lang='lat' dir='ltr'>Locum</span> <span class='ocrx_word' id='word_1_220' title='bbox 604 1299 740 1324; x_wconf 81' lang='lat' dir='ltr'>tenentem</span> <span class='ocrx_word' id='word_1_221' title='bbox 746 1290 863 1332; x_wconf 73' lang='lat' dir='ltr'>praefliti</span> <span class='ocrx_word' id='word_1_222' title='bbox 875 1294 967 1322; x_wconf 79' lang='lat' dir='ltr'>Ducis.</span> 
     </span>
    </p>
   </div>
   <div class='ocr_carea' id='block_1_21' title="bbox 157 1366 1235 1762">
    <p class='ocr_par' dir='ltr' id='par_1_24' title="bbox 161 1366 1232 1427">
     <span class='ocr_line' id='line_1_46' title="bbox 161 1366 1232 1427; baseline -0.003 -25"><span class='ocrx_word' id='word_1_223' title='bbox 161 1370 242 1427; x_wconf 70' lang='lat' dir='ltr'>RE</span> <span class='ocrx_word' id='word_1_224' title='bbox 251 1370 283 1402; x_wconf 91' lang='lat' dir='ltr'>X</span> <span class='ocrx_word' id='word_1_225' title='bbox 345 1370 428 1403; x_wconf 85' lang='lat' dir='ltr'>aefato</span> <span class='ocrx_word' id='word_1_226' title='bbox 441 1371 521 1404; x_wconf 90' lang='lat' dir='ltr'>Duci</span> <span class='ocrx_word' id='word_1_227' title='bbox 529 1395 539 1411; x_wconf 92' lang='lat'>,</span> <span class='ocrx_word' id='word_1_228' title='bbox 556 1370 601 1402; x_wconf 92' lang='lat' dir='ltr'>vel</span> <span class='ocrx_word' id='word_1_229' title='bbox 616 1372 673 1410; x_wconf 89' lang='lat' dir='ltr'>ejus</span> <span class='ocrx_word' id='word_1_230' title='bbox 688 1371 803 1402; x_wconf 85' lang='lat' dir='ltr'>Locum</span> <span class='ocrx_word' id='word_1_231' title='bbox 816 1370 922 1401; x_wconf 86' lang='lat' dir='ltr'>tenenti</span> <span class='ocrx_word' id='word_1_232' title='bbox 935 1370 1049 1412; x_wconf 71' lang='lat' dir='ltr'>interra</span> <span class='ocrx_word' id='word_1_233' title='bbox 1062 1366 1232 1408; x_wconf 75' lang='lat' dir='ltr'>Brabantiae,</span> 
     </span>
    </p>

    <p class='ocr_par' dir='ltr' id='par_1_25' title="bbox 229 1407 1231 1449">
     <span class='ocr_line' id='line_1_47' title="bbox 229 1407 1231 1449; baseline -0.002 -9"><span class='ocrx_word' id='word_1_234' title='bbox 229 1409 288 1448; x_wconf 90' lang='lat' dir='ltr'>ipso</span> <span class='ocrx_word' id='word_1_235' title='bbox 341 1420 394 1442; x_wconf 84' lang='lat' dir='ltr'>uce</span> <span class='ocrx_word' id='word_1_236' title='bbox 413 1412 442 1441; x_wconf 87' lang='lat' dir='ltr'>in</span> <span class='ocrx_word' id='word_1_237' title='bbox 457 1412 571 1442; x_wconf 89' lang='lat' dir='ltr'>remotis</span> <span class='ocrx_word' id='word_1_238' title='bbox 584 1418 700 1449; x_wconf 80' lang='lat' dir='ltr'>agente,</span> <span class='ocrx_word' id='word_1_239' title='bbox 717 1409 828 1440; x_wconf 89' lang='lat' dir='ltr'>salutern</span> <span class='ocrx_word' id='word_1_240' title='bbox 838 1430 848 1445; x_wconf 88' lang='lat'>,</span> <span class='ocrx_word' id='word_1_241' title='bbox 865 1417 933 1438; x_wconf 89' lang='lat' dir='ltr'>cum</span> <span class='ocrx_word' id='word_1_242' title='bbox 949 1407 1102 1438; x_wconf 71' lang='lat' dir='ltr'>dileetione</span> <span class='ocrx_word' id='word_1_243' title='bbox 1117 1407 1231 1438; x_wconf 72' lang='lat' dir='ltr'>sincera.</span> 
     </span>
    </p>

    <p class='ocr_par' dir='ltr' id='par_1_26' title="bbox 158 1446 1234 1528">
     <span class='ocr_line' id='line_1_48' title="bbox 195 1446 1234 1519; baseline -0.003 -38"><span class='ocrx_word' id='word_1_244' title='bbox 195 1450 307 1486; x_wconf 75' lang='lat' dir='ltr'>Habet,</span> <span class='ocrx_word' id='word_1_245' title='bbox 325 1448 384 1485; x_wconf 63' lang='lat' dir='ltr'>&amp;a</span> <span class='ocrx_word' id='word_1_246' title='bbox 398 1451 475 1519; x_wconf 52' lang='grc' dir='ltr'>πέει(</span> <span class='ocrx_word' id='word_1_247' title='bbox 493 1460 526 1479; x_wconf 90' lang='lat' dir='ltr'>ra</span> <span class='ocrx_word' id='word_1_248' title='bbox 539 1449 620 1490; x_wconf 70' lang='lat' dir='ltr'>usque</span> <span class='ocrx_word' id='word_1_249' title='bbox 636 1448 693 1488; x_wconf 88' lang='lat' dir='ltr'>ibi,</span> <span class='ocrx_word' id='word_1_250' title='bbox 711 1452 772 1479; x_wconf 79' lang='lat' dir='ltr'>viz.</span> <span class='ocrx_word' id='word_1_251' title='bbox 807 1446 922 1478; x_wconf 86' lang='lat' dir='ltr'>Nostris</span> <span class='ocrx_word' id='word_1_252' title='bbox 937 1447 1061 1485; x_wconf 86' lang='lat' dir='ltr'>gerimus</span> <span class='ocrx_word' id='word_1_253' title='bbox 1078 1446 1234 1485; x_wconf 82' lang='lat' dir='ltr'>defideriiS,</span> 
     </span>
     <span class='ocr_line' id='line_1_49' title="bbox 158 1487 698 1528; baseline -0.007 -6"><span class='ocrx_word' id='word_1_254' title='bbox 158 1490 247 1522; x_wconf 81' lang='lat' dir='ltr'>velitis</span> <span class='ocrx_word' id='word_1_255' title='bbox 263 1489 356 1526; x_wconf 87' lang='lat' dir='ltr'>pronis</span> <span class='ocrx_word' id='word_1_256' title='bbox 375 1487 430 1519; x_wconf 87' lang='lat' dir='ltr'>affe</span> <span class='ocrx_word' id='word_1_257' title='bbox 465 1490 468 1494; x_wconf 92' lang='lat'>&#39;</span> <span class='ocrx_word' id='word_1_258' title='bbox 494 1499 523 1528; x_wconf 70' lang='lat' dir='ltr'>us</span> <span class='ocrx_word' id='word_1_259' title='bbox 537 1487 698 1526; x_wconf 86' lang='lat' dir='ltr'>adimplere.</span> 
     </span>
    </p>

    <p class='ocr_par' dir='ltr' id='par_1_27' title="bbox 157 1522 1235 1723">
     <span class='ocr_line' id='line_1_50' title="bbox 197 1522 1232 1567; baseline -0.004 -9"><span class='ocrx_word' id='word_1_260' title='bbox 197 1527 276 1559; x_wconf 87' lang='lat' dir='ltr'>Cum</span> <span class='ocrx_word' id='word_1_261' title='bbox 290 1528 398 1566; x_wconf 77' lang='lat' dir='ltr'>imque,</span> <span class='ocrx_word' id='word_1_262' title='bbox 415 1526 476 1563; x_wconf 65' lang='lat' dir='ltr'>dyc.</span> <span class='ocrx_word' id='word_1_263' title='bbox 489 1526 614 1567; x_wconf 82' lang='lat' dir='ltr'>utsupra</span> <span class='ocrx_word' id='word_1_264' title='bbox 628 1524 706 1567; x_wconf 83' lang='lat' dir='ltr'>usque</span> <span class='ocrx_word' id='word_1_265' title='bbox 726 1524 779 1564; x_wconf 74' lang='lat' dir='ltr'>ibi,</span> <span class='ocrx_word' id='word_1_266' title='bbox 799 1528 862 1555; x_wconf 82' lang='lat' dir='ltr'>viz.</span> <span class='ocrx_word' id='word_1_267' title='bbox 881 1522 1002 1555; x_wconf 87' lang='lat' dir='ltr'>vestram</span> <span class='ocrx_word' id='word_1_268' title='bbox 1019 1524 1174 1555; x_wconf 87' lang='lat' dir='ltr'>amicitiam</span> <span class='ocrx_word' id='word_1_269' title='bbox 1189 1534 1232 1555; x_wconf 84' lang='lat' dir='ltr'>re-</span> 
     </span>
     <span class='ocr_line' id='line_1_51' title="bbox 158 1563 1233 1607; baseline -0.003 -9"><span class='ocrx_word' id='word_1_270' title='bbox 158 1568 294 1607; x_wconf 83' lang='lat' dir='ltr'>quirimus</span> <span class='ocrx_word' id='word_1_271' title='bbox 309 1566 341 1598; x_wconf 74' lang='grc' dir='ltr'>ὃ(</span> <span class='ocrx_word' id='word_1_272' title='bbox 357 1576 505 1605; x_wconf 80' lang='lat' dir='ltr'>rogamus,</span> <span class='ocrx_word' id='word_1_273' title='bbox 522 1566 648 1604; x_wconf 88' lang='lat' dir='ltr'>quatinus</span> <span class='ocrx_word' id='word_1_274' title='bbox 662 1563 808 1603; x_wconf 82' lang='lat' dir='ltr'>praefatum</span> <span class='ocrx_word' id='word_1_275' title='bbox 815 1563 1002 1594; x_wconf 86' lang='lat' dir='ltr'>Comitemin</span> <span class='ocrx_word' id='word_1_276' title='bbox 1015 1570 1116 1593; x_wconf 82' lang='lat' dir='ltr'>terram</span> <span class='ocrx_word' id='word_1_277' title='bbox 1129 1564 1165 1595; x_wconf 91' lang='lat'>&amp;</span> <span class='ocrx_word' id='word_1_278' title='bbox 1181 1572 1233 1600; x_wconf 84' lang='lat' dir='ltr'>po-</span> 
     </span>
     <span class='ocr_line' id='line_1_52' title="bbox 160 1600 1235 1644; baseline -0.005 -7"><span class='ocrx_word' id='word_1_279' title='bbox 160 1606 287 1637; x_wconf 84' lang='lat' dir='ltr'>testatem</span> <span class='ocrx_word' id='word_1_280' title='bbox 300 1605 431 1643; x_wconf 69' lang='lat' dir='ltr'>praediffi</span> <span class='ocrx_word' id='word_1_281' title='bbox 447 1604 558 1644; x_wconf 86' lang='lat' dir='ltr'>Ducis,</span> <span class='ocrx_word' id='word_1_282' title='bbox 576 1603 670 1635; x_wconf 85' lang='lat' dir='ltr'>vestro</span> <span class='ocrx_word' id='word_1_283' title='bbox 683 1603 819 1640; x_wconf 81' lang='lat' dir='ltr'>regimini</span> <span class='ocrx_word' id='word_1_284' title='bbox 831 1603 890 1641; x_wconf 84' lang='lat' dir='ltr'>jam</span> <span class='ocrx_word' id='word_1_285' title='bbox 906 1600 1110 1640; x_wconf 84' lang='lat' dir='ltr'>commiffam,</span> <span class='ocrx_word' id='word_1_286' title='bbox 1127 1601 1235 1640; x_wconf 83' lang='lat' dir='ltr'>velitis,</span> 
     </span>
     <span class='ocr_line' id='line_1_53' title="bbox 158 1639 1234 1682; baseline -0.007 -5"><span class='ocrx_word' id='word_1_287' title='bbox 158 1646 219 1677; x_wconf 89' lang='lat' dir='ltr'>&amp;c.</span> <span class='ocrx_word' id='word_1_288' title='bbox 237 1644 270 1676; x_wconf 75' lang='grc' dir='ltr'>ὅ(</span> <span class='ocrx_word' id='word_1_289' title='bbox 286 1654 335 1682; x_wconf 86' lang='lat' dir='ltr'>per</span> <span class='ocrx_word' id='word_1_290' title='bbox 350 1644 480 1676; x_wconf 85' lang='lat' dir='ltr'>homines</span> <span class='ocrx_word' id='word_1_291' title='bbox 496 1645 615 1682; x_wconf 88' lang='lat' dir='ltr'>partium</span> <span class='ocrx_word' id='word_1_292' title='bbox 629 1642 738 1673; x_wconf 84' lang='lat' dir='ltr'>illarum</span> <span class='ocrx_word' id='word_1_293' title='bbox 760 1640 914 1671; x_wconf 87' lang='lat' dir='ltr'>honoribus</span> <span class='ocrx_word' id='word_1_294' title='bbox 930 1639 1104 1679; x_wconf 87' lang='lat' dir='ltr'>condignis,</span> <span class='ocrx_word' id='word_1_295' title='bbox 1121 1640 1183 1673; x_wconf 67' lang='grc' dir='ltr'>ἃς.</span> <span class='ocrx_word' id='word_1_296' title='bbox 1199 1641 1234 1672; x_wconf 88' lang='lat'>&amp;</span> 
     </span>
     <span class='ocr_line' id='line_1_54' title="bbox 157 1677 1050 1723; baseline -0.006 -8"><span class='ocrx_word' id='word_1_297' title='bbox 157 1684 218 1723; x_wconf 73' lang='lat' dir='ltr'>ipsis</span> <span class='ocrx_word' id='word_1_298' title='bbox 235 1683 401 1715; x_wconf 84' lang='lat' dir='ltr'>hominibus</span> <span class='ocrx_word' id='word_1_299' title='bbox 417 1683 574 1722; x_wconf 87' lang='lat' dir='ltr'>majorem,</span> <span class='ocrx_word' id='word_1_300' title='bbox 591 1682 653 1715; x_wconf 88' lang='lat' dir='ltr'>&amp;c.</span> <span class='ocrx_word' id='word_1_301' title='bbox 669 1681 703 1713; x_wconf 90' lang='lat'>&amp;</span> <span class='ocrx_word' id='word_1_302' title='bbox 716 1679 753 1712; x_wconf 89' lang='lat' dir='ltr'>de</span> <span class='ocrx_word' id='word_1_303' title='bbox 768 1690 822 1719; x_wconf 88' lang='lat' dir='ltr'>eo,</span> <span class='ocrx_word' id='word_1_304' title='bbox 839 1678 900 1716; x_wconf 62' lang='lat' dir='ltr'>&amp;a</span> <span class='ocrx_word' id='word_1_305' title='bbox 914 1686 946 1709; x_wconf 83' lang='lat' dir='ltr'>ut</span> <span class='ocrx_word' id='word_1_306' title='bbox 952 1677 1050 1718; x_wconf 69' lang='lat' dir='ltr'>fiaepra.</span> 
     </span>
    </p>

    <p class='ocr_par' dir='ltr' id='par_1_28' title="bbox 193 1721 428 1762">
     <span class='ocr_line' id='line_1_55' title="bbox 193 1721 428 1762; baseline 0 -7"><span class='ocrx_word' id='word_1_307' title='bbox 193 1721 282 1755; x_wconf 89' lang='lat' dir='ltr'>Teste</span> <span class='ocrx_word' id='word_1_308' title='bbox 294 1731 325 1754; x_wconf 89' lang='lat' dir='ltr'>ut</span> <span class='ocrx_word' id='word_1_309' title='bbox 337 1721 428 1762; x_wconf 81' lang='lat' dir='ltr'>supra.</span> 
     </span>
    </p>
   </div>
   <div class='ocr_carea' id='block_1_22' title="bbox 395 1798 957 1842">
    <p class='ocr_par' dir='ltr' id='par_1_29' title="bbox 395 1798 957 1842">
     <span class='ocr_line' id='line_1_56' title="bbox 395 1798 957 1842; baseline -0.007 -8"><span class='ocrx_word' id='word_1_310' title='bbox 395 1802 415 1824; x_wconf 66' lang='lat'>²*</span> <span class='ocrx_word' id='word_1_311' title='bbox 430 1803 487 1833; x_wconf 85' lang='lat' dir='ltr'>Ad</span> <span class='ocrx_word' id='word_1_312' title='bbox 497 1798 635 1842; x_wconf 78' lang='lat' dir='ltr'>Duciffivn</span> <span class='ocrx_word' id='word_1_313' title='bbox 643 1824 653 1840; x_wconf 90' lang='lat'>,</span> <span class='ocrx_word' id='word_1_314' title='bbox 667 1808 717 1840; x_wconf 85' lang='lat' dir='ltr'>pro</span> <span class='ocrx_word' id='word_1_315' title='bbox 724 1800 856 1839; x_wconf 60' lang='lat' dir='ltr'>predisto</span> <span class='ocrx_word' id='word_1_316' title='bbox 866 1800 957 1830; x_wconf 79' lang='lat' dir='ltr'>Petro.</span> 
     </span>
    </p>
   </div>
   <div class='ocr_carea' id='block_1_23' title="bbox 156 1874 1235 2074">
    <p class='ocr_par' dir='ltr' id='par_1_30' title="bbox 206 1874 1235 1925">
     <span class='ocr_line' id='line_1_57' title="bbox 206 1874 1235 1925; baseline -0.005 -13"><span class='ocrx_word' id='word_1_317' title='bbox 206 1881 304 1925; x_wconf 84' lang='lat' dir='ltr'>Odem</span> <span class='ocrx_word' id='word_1_318' title='bbox 319 1880 409 1912; x_wconf 91' lang='lat' dir='ltr'>modo</span> <span class='ocrx_word' id='word_1_319' title='bbox 423 1880 550 1911; x_wconf 81' lang='lat' dir='ltr'>scribitur</span> <span class='ocrx_word' id='word_1_320' title='bbox 574 1878 715 1910; x_wconf 69' lang='lat' dir='ltr'>Domina».</span> <span class='ocrx_word' id='word_1_321' title='bbox 736 1876 786 1922; x_wconf 90' lang='lat' dir='ltr'>M.</span> <span class='ocrx_word' id='word_1_322' title='bbox 801 1874 931 1908; x_wconf 82' lang='lat' dir='ltr'>Ducissae</span> <span class='ocrx_word' id='word_1_323' title='bbox 948 1875 1119 1915; x_wconf 84' lang='lat' dir='ltr'>Brabantiae,</span> <span class='ocrx_word' id='word_1_324' title='bbox 1136 1875 1235 1908; x_wconf 86' lang='lat' dir='ltr'>Sorori</span> 
     </span>
    </p>

    <p class='ocr_par' dir='ltr' id='par_1_31' title="bbox 158 1889 1234 1958">
     <span class='ocr_line' id='line_1_58' title="bbox 158 1889 1234 1958; baseline -0.006 -7"><span class='ocrx_word' id='word_1_325' title='bbox 158 1889 205 1952; x_wconf 81' lang='lat' dir='ltr'>E</span> <span class='ocrx_word' id='word_1_326' title='bbox 227 1920 334 1958; x_wconf 84' lang='lat' dir='ltr'>Regis,</span> <span class='ocrx_word' id='word_1_327' title='bbox 353 1919 429 1958; x_wconf 88' lang='lat' dir='ltr'>quod</span> <span class='ocrx_word' id='word_1_328' title='bbox 444 1919 500 1958; x_wconf 78' lang='lat' dir='ltr'>ipsa</span> <span class='ocrx_word' id='word_1_329' title='bbox 513 1919 579 1949; x_wconf 86' lang='lat' dir='ltr'>velit</span> <span class='ocrx_word' id='word_1_330' title='bbox 595 1927 661 1955; x_wconf 84' lang='lat' dir='ltr'>erga</span> <span class='ocrx_word' id='word_1_331' title='bbox 684 1915 1009 1958; x_wconf 59' lang='lat' dir='ltr'>prcedffiumDucem,</span> <span class='ocrx_word' id='word_1_332' title='bbox 1026 1915 1071 1946; x_wconf 88' lang='lat' dir='ltr'>vel</span> <span class='ocrx_word' id='word_1_333' title='bbox 1094 1917 1151 1952; x_wconf 82' lang='lat' dir='ltr'>ejus</span> <span class='ocrx_word' id='word_1_334' title='bbox 1173 1915 1234 1946; x_wconf 82' lang='lat' dir='ltr'>Lo-</span> 
     </span>
    </p>

    <p class='ocr_par' dir='ltr' id='par_1_32' title="bbox 157 1953 1234 1998">
     <span class='ocr_line' id='line_1_59' title="bbox 157 1953 1234 1998; baseline -0.004 -8"><span class='ocrx_word' id='word_1_335' title='bbox 157 1969 226 1990; x_wconf 92' lang='lat' dir='ltr'>cum</span> <span class='ocrx_word' id='word_1_336' title='bbox 239 1967 403 1998; x_wconf 88' lang='lat' dir='ltr'>tenentem,</span> <span class='ocrx_word' id='word_1_337' title='bbox 420 1958 439 1988; x_wconf 84' lang='lat' dir='ltr'>si</span> <span class='ocrx_word' id='word_1_338' title='bbox 456 1958 532 1989; x_wconf 91' lang='lat' dir='ltr'>idem</span> <span class='ocrx_word' id='word_1_339' title='bbox 553 1956 622 1988; x_wconf 86' lang='lat' dir='ltr'>Dux</span> <span class='ocrx_word' id='word_1_340' title='bbox 638 1964 703 1994; x_wconf 86' lang='lat' dir='ltr'>agat</span> <span class='ocrx_word' id='word_1_341' title='bbox 716 1957 746 1986; x_wconf 92' lang='lat' dir='ltr'>in</span> <span class='ocrx_word' id='word_1_342' title='bbox 763 1962 896 1997; x_wconf 80' lang='lat' dir='ltr'>remotis,</span> <span class='ocrx_word' id='word_1_343' title='bbox 913 1964 982 1986; x_wconf 88' lang='lat' dir='ltr'>cum</span> <span class='ocrx_word' id='word_1_344' title='bbox 1001 1954 1084 1984; x_wconf 90' lang='lat' dir='ltr'>omni</span> <span class='ocrx_word' id='word_1_345' title='bbox 1103 1953 1234 1986; x_wconf 84' lang='lat' dir='ltr'>efficacia</span> 
     </span>
    </p>

    <p class='ocr_par' dir='ltr' id='par_1_33' title="bbox 156 1992 1231 2074">
     <span class='ocr_line' id='line_1_60' title="bbox 156 1992 1231 2074; baseline -0.007 -4"><span class='ocrx_word' id='word_1_346' title='bbox 156 1992 954 2074; x_wconf 41' lang='lat' dir='ltr'>3333&amp;ssssssssssflffidqfiffiniffssofiffis‘cc&#39;um</span> <span class='ocrx_word' id='word_1_347' title='bbox 972 2001 1104 2032; x_wconf 54' lang='grc' dir='ltr'>’ΘΒΜ</span> <span class='ocrx_word' id='word_1_348' title='bbox 1122 1992 1231 2033; x_wconf 46' lang='lat'>&amp;⁸5⁵²</span> 
     </span>
     <span class='ocr_line' id='line_1_61' title="bbox 543 2055 895 2073; baseline -0.006 -7"><span class='ocrx_word' id='word_1_349' title='bbox 543 2059 549 2066; x_wconf 92' lang='lat'><strong>.</strong></span> <span class='ocrx_word' id='word_1_350' title='bbox 804 2055 816 2073; x_wconf 85' lang='lat'>,</span> <span class='ocrx_word' id='word_1_351' title='bbox 888 2055 895 2064; x_wconf 87' lang='lat'><strong>.</strong></span> 
     </span>
    </p>
   </div>
   <div class='ocr_carea' id='block_1_24' title="bbox 193 2113 407 2154">
    <p class='ocr_par' dir='ltr' id='par_1_34' title="bbox 193 2113 407 2154">
     <span class='ocr_line' id='line_1_62' title="bbox 193 2113 407 2154; baseline -0.009 -7"><span class='ocrx_word' id='word_1_352' title='bbox 193 2113 260 2147; x_wconf 88' lang='lat' dir='ltr'>Dat.</span> <span class='ocrx_word' id='word_1_353' title='bbox 275 2122 306 2146; x_wconf 86' lang='lat' dir='ltr'>ut</span> <span class='ocrx_word' id='word_1_354' title='bbox 320 2114 407 2154; x_wconf 84' lang='lat' dir='ltr'>supra.</span> 
     </span>
    </p>
   </div>
   <div class='ocr_carea' id='block_1_25' title="bbox 994 2187 1230 2194">
    <p class='ocr_par' dir='ltr' id='par_1_35' title="bbox 994 2187 1230 2194">
     <span class='ocr_line' id='line_1_63' title="bbox 994 2187 1230 2194; baseline 0 2067"><span class='ocrx_word' id='word_1_355' title='bbox 994 2187 1230 2194; x_wconf 95' lang='lat' dir='ltr'> </span> 
     </span>
    </p>
   </div>
   <div class='ocr_carea' id='block_1_26' title="bbox 165 2192 337 2200">
    <p class='ocr_par' dir='ltr' id='par_1_36' title="bbox 165 2192 337 2200">
     <span class='ocr_line' id='line_1_64' title="bbox 165 2192 337 2200; baseline 0 0"><span class='ocrx_word' id='word_1_356' title='bbox 165 2192 337 2200; x_wconf 95' lang='lat' dir='ltr'> </span> 
     </span>
    </p>
   </div>
   <div class='ocr_carea' id='block_1_27' title="bbox 336 2235 1046 2286">
    <p class='ocr_par' dir='ltr' id='par_1_37' title="bbox 336 2235 1046 2286">
     <span class='ocr_line' id='line_1_65' title="bbox 336 2235 1046 2286; baseline -0.004 -12"><span class='ocrx_word' id='word_1_357' title='bbox 336 2242 387 2275; x_wconf 81' lang='lat' dir='ltr'>De</span> <span class='ocrx_word' id='word_1_358' title='bbox 402 2239 488 2284; x_wconf 82' lang='lat' dir='ltr'>statu</span> <span class='ocrx_word' id='word_1_359' title='bbox 511 2243 548 2280; x_wconf 61' lang='grc' dir='ltr'>ῤ’</span> <span class='ocrx_word' id='word_1_360' title='bbox 566 2250 642 2286; x_wconf 81' lang='lat' dir='ltr'>pace</span> <span class='ocrx_word' id='word_1_361' title='bbox 663 2236 816 2273; x_wconf 72' lang='lat' dir='ltr'>Iliberniae</span> <span class='ocrx_word' id='word_1_362' title='bbox 836 2235 1046 2283; x_wconf 81' lang='lat' dir='ltr'>refhrmandis.</span> 
     </span>
    </p>
   </div>
   <div class='ocr_carea' id='block_1_28' title="bbox 153 2321 1234 3093">
    <p class='ocr_par' dir='ltr' id='par_1_38' title="bbox 158 2321 1119 2384">
     <span class='ocr_line' id='line_1_66' title="bbox 158 2321 1119 2384; baseline -0.004 -28"><span class='ocrx_word' id='word_1_363' title='bbox 158 2324 270 2384; x_wconf 82' lang='lat' dir='ltr'>REX</span> <span class='ocrx_word' id='word_1_364' title='bbox 287 2324 393 2356; x_wconf 66' lang='lat' dir='ltr'>dilecto</span> <span class='ocrx_word' id='word_1_365' title='bbox 414 2327 447 2358; x_wconf 88' lang='lat'>&amp;</span> <span class='ocrx_word' id='word_1_366' title='bbox 462 2323 537 2356; x_wconf 83' lang='lat' dir='ltr'>fideli</span> <span class='ocrx_word' id='word_1_367' title='bbox 553 2324 619 2363; x_wconf 89' lang='lat' dir='ltr'>suo,</span> <span class='ocrx_word' id='word_1_368' title='bbox 636 2323 793 2355; x_wconf 85' lang='lat' dir='ltr'>Edmundo</span> <span class='ocrx_word' id='word_1_369' title='bbox 806 2322 833 2353; x_wconf 91' lang='lat' dir='ltr'>le</span> <span class='ocrx_word' id='word_1_370' title='bbox 850 2322 977 2360; x_wconf 86' lang='lat' dir='ltr'>Butiller,</span> <span class='ocrx_word' id='word_1_371' title='bbox 995 2321 1119 2353; x_wconf 81' lang='lat' dir='ltr'>salutem.</span> 
     </span>
    </p>

    <p class='ocr_par' dir='ltr' id='par_1_39' title="bbox 153 2361 1231 2832">
     <span class='ocr_line' id='line_1_67' title="bbox 259 2361 1231 2406; baseline -0.005 -10"><span class='ocrx_word' id='word_1_372' title='bbox 259 2364 403 2403; x_wconf 81' lang='lat' dir='ltr'>Qaedam</span> <span class='ocrx_word' id='word_1_373' title='bbox 418 2365 549 2403; x_wconf 86' lang='lat' dir='ltr'>negotia,</span> <span class='ocrx_word' id='word_1_374' title='bbox 567 2363 670 2394; x_wconf 89' lang='lat' dir='ltr'>statum</span> <span class='ocrx_word' id='word_1_375' title='bbox 686 2371 768 2393; x_wconf 80' lang='lat' dir='ltr'>terrae</span> <span class='ocrx_word' id='word_1_376' title='bbox 780 2361 885 2406; x_wconf 74' lang='lat' dir='ltr'>nostrae</span> <span class='ocrx_word' id='word_1_377' title='bbox 906 2361 1070 2405; x_wconf 76' lang='lat' dir='ltr'>Hiberniae,</span> <span class='ocrx_word' id='word_1_378' title='bbox 1087 2369 1140 2399; x_wconf 90' lang='lat' dir='ltr'>pro</span> <span class='ocrx_word' id='word_1_379' title='bbox 1160 2369 1231 2400; x_wconf 89' lang='lat' dir='ltr'>pace</span> 
     </span>
     <span class='ocr_line' id='line_1_68' title="bbox 156 2397 1230 2443; baseline -0.007 -8"><span class='ocrx_word' id='word_1_380' title='bbox 156 2402 190 2434; x_wconf 91' lang='lat'>&amp;</span> <span class='ocrx_word' id='word_1_381' title='bbox 205 2405 312 2443; x_wconf 86' lang='lat' dir='ltr'>quiete,</span> <span class='ocrx_word' id='word_1_382' title='bbox 330 2404 401 2434; x_wconf 90' lang='lat' dir='ltr'>inter</span> <span class='ocrx_word' id='word_1_383' title='bbox 415 2403 538 2434; x_wconf 89' lang='lat' dir='ltr'>subditos</span> <span class='ocrx_word' id='word_1_384' title='bbox 551 2401 659 2433; x_wconf 87' lang='lat' dir='ltr'>nostros</span> <span class='ocrx_word' id='word_1_385' title='bbox 674 2400 857 2432; x_wconf 87' lang='lat' dir='ltr'>reformandis</span> <span class='ocrx_word' id='word_1_386' title='bbox 869 2399 1000 2430; x_wconf 81' lang='lat' dir='ltr'>salubrius</span> <span class='ocrx_word' id='word_1_387' title='bbox 1017 2400 1051 2431; x_wconf 89' lang='lat'>&amp;</span> <span class='ocrx_word' id='word_1_388' title='bbox 1064 2397 1230 2429; x_wconf 87' lang='lat' dir='ltr'>conservan-</span> 
     </span>
     <span class='ocr_line' id='line_1_69' title="bbox 157 2436 1231 2482; baseline -0.005 -9"><span class='ocrx_word' id='word_1_389' title='bbox 157 2442 217 2482; x_wconf 84' lang='lat' dir='ltr'>dis,</span> <span class='ocrx_word' id='word_1_390' title='bbox 231 2442 342 2473; x_wconf 65' lang='lat' dir='ltr'>dilectis</span> <span class='ocrx_word' id='word_1_391' title='bbox 360 2443 393 2473; x_wconf 89' lang='lat'>&amp;</span> <span class='ocrx_word' id='word_1_392' title='bbox 407 2441 534 2473; x_wconf 87' lang='lat' dir='ltr'>fidelibus</span> <span class='ocrx_word' id='word_1_393' title='bbox 547 2440 666 2478; x_wconf 86' lang='lat' dir='ltr'>nostris,</span> <span class='ocrx_word' id='word_1_394' title='bbox 685 2438 846 2470; x_wconf 87' lang='lat' dir='ltr'>Alexandro</span> <span class='ocrx_word' id='word_1_395' title='bbox 867 2438 903 2469; x_wconf 90' lang='lat' dir='ltr'>de</span> <span class='ocrx_word' id='word_1_396' title='bbox 923 2437 1061 2469; x_wconf 87' lang='lat' dir='ltr'>Bikenore</span> <span class='ocrx_word' id='word_1_397' title='bbox 1075 2436 1231 2468; x_wconf 84' lang='lat' dir='ltr'>Thesaura-</span> 
     </span>
     <span class='ocr_line' id='line_1_70' title="bbox 157 2475 1230 2550; baseline -0.005 -38"><span class='ocrx_word' id='word_1_398' title='bbox 157 2481 202 2526; x_wconf 76' lang='lat' dir='ltr'>rio</span> <span class='ocrx_word' id='word_1_399' title='bbox 216 2481 313 2526; x_wconf 81' lang='lat' dir='ltr'>nostro</span> <span class='ocrx_word' id='word_1_400' title='bbox 324 2481 452 2520; x_wconf 82' lang='lat' dir='ltr'>ibidem,</span> <span class='ocrx_word' id='word_1_401' title='bbox 466 2481 501 2550; x_wconf 60' lang='grc' dir='ltr'>ἓξ</span> <span class='ocrx_word' id='word_1_402' title='bbox 514 2480 635 2520; x_wconf 86' lang='lat' dir='ltr'>Johanni</span> <span class='ocrx_word' id='word_1_403' title='bbox 655 2479 690 2510; x_wconf 93' lang='lat' dir='ltr'>de</span> <span class='ocrx_word' id='word_1_404' title='bbox 706 2477 857 2516; x_wconf 88' lang='lat' dir='ltr'>Mutford,</span> <span class='ocrx_word' id='word_1_405' title='bbox 876 2478 958 2508; x_wconf 89' lang='lat' dir='ltr'>vobis</span> <span class='ocrx_word' id='word_1_406' title='bbox 975 2486 1009 2508; x_wconf 86' lang='lat' dir='ltr'>ex</span> <span class='ocrx_word' id='word_1_407' title='bbox 1032 2484 1109 2516; x_wconf 87' lang='lat' dir='ltr'>parte</span> <span class='ocrx_word' id='word_1_408' title='bbox 1133 2475 1230 2508; x_wconf 70' lang='lat' dir='ltr'>nostra</span> 
     </span>
     <span class='ocr_line' id='line_1_71' title="bbox 155 2528 1227 2599; baseline -0.006 -8"><span class='ocrx_word' id='word_1_409' title='bbox 155 2528 522 2597; x_wconf 38' lang='lat' dir='ltr'>mlfflbffiliigffigjii’i</span> <span class='ocrx_word' id='word_1_410' title='bbox 540 2556 595 2588; x_wconf 87' lang='lat' dir='ltr'>fide</span> <span class='ocrx_word' id='word_1_411' title='bbox 611 2557 645 2588; x_wconf 91' lang='lat'>&amp;</span> <span class='ocrx_word' id='word_1_412' title='bbox 667 2556 822 2594; x_wconf 84' lang='lat' dir='ltr'>homagio,</span> <span class='ocrx_word' id='word_1_413' title='bbox 842 2555 941 2594; x_wconf 90' lang='lat' dir='ltr'>quibus</span> <span class='ocrx_word' id='word_1_414' title='bbox 963 2555 1052 2599; x_wconf 34' lang='lat' dir='ltr'>nobis.</span> <span class='ocrx_word' id='word_1_415' title='bbox 1070 2553 1227 2594; x_wconf 91' lang='lat' dir='ltr'>tenemini,</span> 
     </span>
     <span class='ocr_line' id='line_1_72' title="bbox 155 2592 1228 2637; baseline -0.005 -7"><span class='ocrx_word' id='word_1_416' title='bbox 155 2598 233 2637; x_wconf 88' lang='lat' dir='ltr'>quod</span> <span class='ocrx_word' id='word_1_417' title='bbox 248 2598 379 2637; x_wconf 85' lang='lat' dir='ltr'>praefatis,</span> <span class='ocrx_word' id='word_1_418' title='bbox 404 2596 564 2629; x_wconf 86' lang='lat' dir='ltr'>Alexandro</span> <span class='ocrx_word' id='word_1_419' title='bbox 580 2596 613 2627; x_wconf 90' lang='lat'>&amp;</span> <span class='ocrx_word' id='word_1_420' title='bbox 623 2596 763 2635; x_wconf 87' lang='lat' dir='ltr'>Johanni,</span> <span class='ocrx_word' id='word_1_421' title='bbox 779 2604 814 2625; x_wconf 89' lang='lat' dir='ltr'>ac</span> <span class='ocrx_word' id='word_1_422' title='bbox 823 2603 923 2625; x_wconf 90' lang='lat' dir='ltr'>eorum</span> <span class='ocrx_word' id='word_1_423' title='bbox 936 2592 1028 2632; x_wconf 87' lang='lat' dir='ltr'>alteri,</span> <span class='ocrx_word' id='word_1_424' title='bbox 1045 2603 1074 2624; x_wconf 92' lang='lat' dir='ltr'>in</span> <span class='ocrx_word' id='word_1_425' title='bbox 1088 2593 1228 2637; x_wconf 66' lang='lat' dir='ltr'>ljiiis,quae</span> 
     </span>
     <span class='ocr_line' id='line_1_73' title="bbox 154 2631 1229 2707; baseline -0.007 -38"><span class='ocrx_word' id='word_1_426' title='bbox 154 2638 223 2707; x_wconf 66' lang='lat' dir='ltr'>isPfis’</span> <span class='ocrx_word' id='word_1_427' title='bbox 240 2637 364 2707; x_wconf 38' lang='lat' dir='ltr'>vell-alter</span> <span class='ocrx_word' id='word_1_428' title='bbox 378 2636 642 2706; x_wconf 43' lang='lat' dir='ltr'>eorffEQVOP-lffi&#39;ex</span> <span class='ocrx_word' id='word_1_429' title='bbox 656 2643 737 2704; x_wconf 54' lang='grc' dir='ltr'><strong>ρῗτιξὲ</strong></span> <span class='ocrx_word' id='word_1_430' title='bbox 748 2632 859 2702; x_wconf 57' lang='grc' dir='ltr'><strong>ηοίὶὲᾂ,</strong></span> <span class='ocrx_word' id='word_1_431' title='bbox 876 2632 952 2702; x_wconf 50' lang='grc' dir='ltr'>[ἔρα</span> <span class='ocrx_word' id='word_1_432' title='bbox 968 2631 1160 2701; x_wconf 49' lang='lat' dir='ltr'>discoffliis&amp;&amp;</span> <span class='ocrx_word' id='word_1_433' title='bbox 1174 2632 1229 2663; x_wconf 89' lang='lat' dir='ltr'>dis-</span> 
     </span>
     <span class='ocr_line' id='line_1_74' title="bbox 155 2679 1230 2754; baseline -0.004 -9"><span class='ocrx_word' id='word_1_434' title='bbox 155 2686 275 2746; x_wconf 58' lang='lat'>5511212}</span> <span class='ocrx_word' id='word_1_435' title='bbox 290 2685 562 2745; x_wconf 48' lang='lat' dir='ltr'>rfsaznffissnadffssss</span> <span class='ocrx_word' id='word_1_436' title='bbox 576 2679 1134 2754; x_wconf 49' lang='lat' dir='ltr'>cgfflzv‘sndicfflcsssspei{fiissj&#39;istum</span> <span class='ocrx_word' id='word_1_437' title='bbox 1142 2680 1230 2741; x_wconf 56' lang='lat' dir='ltr'>iffi</span> 
     </span>
     <span class='ocr_line' id='line_1_75' title="bbox 153 2747 1230 2791; baseline -0.004 -6"><span class='ocrx_word' id='word_1_438' title='bbox 153 2761 234 2785; x_wconf 81' lang='lat' dir='ltr'>terrae</span> <span class='ocrx_word' id='word_1_439' title='bbox 256 2756 305 2784; x_wconf 76' lang='lat' dir='ltr'>nos</span> <span class='ocrx_word' id='word_1_440' title='bbox 333 2765 358 2785; x_wconf 88' lang='lat' dir='ltr'>ae</span> <span class='ocrx_word' id='word_1_441' title='bbox 371 2762 382 2784; x_wconf 91' lang='lat' dir='ltr'>t</span> <span class='ocrx_word' id='word_1_442' title='bbox 437 2754 562 2791; x_wconf 70' lang='lat' dir='ltr'>entibus,</span> <span class='ocrx_word' id='word_1_443' title='bbox 579 2751 772 2790; x_wconf 86' lang='lat' dir='ltr'>exposuerint,</span> <span class='ocrx_word' id='word_1_444' title='bbox 789 2749 835 2781; x_wconf 91' lang='lat' dir='ltr'>vel</span> <span class='ocrx_word' id='word_1_445' title='bbox 848 2748 1004 2787; x_wconf 79' lang='lat' dir='ltr'>exposuerit</span> <span class='ocrx_word' id='word_1_446' title='bbox 1022 2747 1138 2779; x_wconf 89' lang='lat' dir='ltr'>oraculo</span> <span class='ocrx_word' id='word_1_447' title='bbox 1153 2749 1230 2781; x_wconf 85' lang='lat' dir='ltr'>vivae</span> 
     </span>
     <span class='ocr_line' id='line_1_76' title="bbox 155 2791 676 2832; baseline -0.008 -8"><span class='ocrx_word' id='word_1_448' title='bbox 155 2794 254 2832; x_wconf 91' lang='lat' dir='ltr'>vocis,</span> <span class='ocrx_word' id='word_1_449' title='bbox 271 2792 357 2824; x_wconf 85' lang='lat' dir='ltr'>fidem</span> <span class='ocrx_word' id='word_1_450' title='bbox 371 2803 417 2824; x_wconf 91' lang='lat' dir='ltr'>cre</span> <span class='ocrx_word' id='word_1_451' title='bbox 438 2793 513 2824; x_wconf 86' lang='lat' dir='ltr'>ulam</span> <span class='ocrx_word' id='word_1_452' title='bbox 527 2791 676 2830; x_wconf 76' lang='lat' dir='ltr'>praebeatis.</span> 
     </span>
    </p>

    <p class='ocr_par' dir='ltr' id='par_1_40' title="bbox 155 2824 1234 3093">
     <span class='ocr_line' id='line_1_77' title="bbox 192 2824 1231 2871; baseline -0.003 -10"><span class='ocrx_word' id='word_1_453' title='bbox 192 2830 246 2871; x_wconf 89' lang='lat' dir='ltr'>Et,</span> <span class='ocrx_word' id='word_1_454' title='bbox 263 2840 294 2863; x_wconf 93' lang='lat' dir='ltr'>ut</span> <span class='ocrx_word' id='word_1_455' title='bbox 308 2831 446 2870; x_wconf 74' lang='lat' dir='ltr'>praemissa</span> <span class='ocrx_word' id='word_1_456' title='bbox 460 2830 542 2870; x_wconf 86' lang='lat' dir='ltr'>fiant,</span> <span class='ocrx_word' id='word_1_457' title='bbox 559 2830 593 2861; x_wconf 92' lang='lat'>&amp;</span> <span class='ocrx_word' id='word_1_458' title='bbox 607 2829 687 2860; x_wconf 74' lang='lat' dir='ltr'>status</span> <span class='ocrx_word' id='word_1_459' title='bbox 699 2837 780 2860; x_wconf 86' lang='lat' dir='ltr'>terrae</span> <span class='ocrx_word' id='word_1_460' title='bbox 792 2826 894 2858; x_wconf 77' lang='lat' dir='ltr'>nostrae</span> <span class='ocrx_word' id='word_1_461' title='bbox 905 2824 1050 2865; x_wconf 73' lang='lat' dir='ltr'>praedietae</span> <span class='ocrx_word' id='word_1_462' title='bbox 1063 2825 1175 2857; x_wconf 75' lang='lat' dir='ltr'>uberius</span> <span class='ocrx_word' id='word_1_463' title='bbox 1186 2836 1231 2858; x_wconf 92' lang='lat' dir='ltr'>re-</span> 
     </span>
     <span class='ocr_line' id='line_1_78' title="bbox 155 2864 1230 2909; baseline -0.004 -10"><span class='ocrx_word' id='word_1_464' title='bbox 155 2869 309 2909; x_wconf 83' lang='lat' dir='ltr'>formetur,</span> <span class='ocrx_word' id='word_1_465' title='bbox 326 2871 359 2902; x_wconf 88' lang='lat'>&amp;</span> <span class='ocrx_word' id='word_1_466' title='bbox 373 2872 403 2900; x_wconf 92' lang='lat' dir='ltr'>in</span> <span class='ocrx_word' id='word_1_467' title='bbox 417 2870 558 2908; x_wconf 85' lang='lat' dir='ltr'>futurum,</span> <span class='ocrx_word' id='word_1_468' title='bbox 575 2868 609 2899; x_wconf 83' lang='lat' dir='ltr'>ad</span> <span class='ocrx_word' id='word_1_469' title='bbox 631 2868 777 2907; x_wconf 87' lang='lat' dir='ltr'>nostrum,</span> <span class='ocrx_word' id='word_1_470' title='bbox 795 2868 829 2898; x_wconf 90' lang='lat'>&amp;</span> <span class='ocrx_word' id='word_1_471' title='bbox 849 2865 989 2904; x_wconf 88' lang='lat' dir='ltr'>vestrum,</span> <span class='ocrx_word' id='word_1_472' title='bbox 1003 2874 1037 2895; x_wconf 89' lang='lat' dir='ltr'>ac</span> <span class='ocrx_word' id='word_1_473' title='bbox 1059 2864 1180 2896; x_wconf 87' lang='lat' dir='ltr'>aliorum</span> <span class='ocrx_word' id='word_1_474' title='bbox 1196 2864 1230 2895; x_wconf 85' lang='lat' dir='ltr'>fi-</span> 
     </span>
     <span class='ocr_line' id='line_1_79' title="bbox 156 2903 1230 2953; baseline -0.006 -14"><span class='ocrx_word' id='word_1_475' title='bbox 156 2908 262 2953; x_wconf 77' lang='lat' dir='ltr'>delium</span> <span class='ocrx_word' id='word_1_476' title='bbox 275 2909 437 2952; x_wconf 73' lang='lat' dir='ltr'>nostrorum</span> <span class='ocrx_word' id='word_1_477' title='bbox 450 2910 573 2947; x_wconf 82' lang='lat' dir='ltr'>partium</span> <span class='ocrx_word' id='word_1_478' title='bbox 589 2907 697 2938; x_wconf 80' lang='lat' dir='ltr'>illarum</span> <span class='ocrx_word' id='word_1_479' title='bbox 712 2905 919 2944; x_wconf 89' lang='lat' dir='ltr'>commodum,</span> <span class='ocrx_word' id='word_1_480' title='bbox 936 2906 966 2935; x_wconf 87' lang='lat' dir='ltr'>in</span> <span class='ocrx_word' id='word_1_481' title='bbox 981 2903 1091 2943; x_wconf 89' lang='lat' dir='ltr'>pace&amp;</span> <span class='ocrx_word' id='word_1_482' title='bbox 1105 2906 1230 2942; x_wconf 88' lang='lat' dir='ltr'>tranqui-</span> 
     </span>
     <span class='ocr_line' id='line_1_80' title="bbox 156 2942 1229 2986; baseline -0.003 -11"><span class='ocrx_word' id='word_1_483' title='bbox 156 2946 232 2976; x_wconf 79' lang='lat' dir='ltr'>litate</span> <span class='ocrx_word' id='word_1_484' title='bbox 246 2947 411 2986; x_wconf 75' lang='lat' dir='ltr'>desideratis,</span> <span class='ocrx_word' id='word_1_485' title='bbox 432 2956 514 2986; x_wconf 87' lang='lat' dir='ltr'>prout</span> <span class='ocrx_word' id='word_1_486' title='bbox 527 2945 708 2984; x_wconf 64' lang='lat' dir='ltr'>affectamus,</span> <span class='ocrx_word' id='word_1_487' title='bbox 727 2944 849 2976; x_wconf 85' lang='lat' dir='ltr'>corditer</span> <span class='ocrx_word' id='word_1_488' title='bbox 863 2943 1015 2981; x_wconf 85' lang='lat' dir='ltr'>dirigatur,</span> <span class='ocrx_word' id='word_1_489' title='bbox 1033 2951 1151 2973; x_wconf 88' lang='lat' dir='ltr'>omnem</span> <span class='ocrx_word' id='word_1_490' title='bbox 1165 2942 1229 2973; x_wconf 89' lang='lat' dir='ltr'>dili-</span> 
     </span>
     <span class='ocr_line' id='line_1_81' title="bbox 157 2980 1229 3031; baseline -0.004 -16"><span class='ocrx_word' id='word_1_491' title='bbox 157 2986 301 3029; x_wconf 75' lang='lat' dir='ltr'>genti-am,</span> <span class='ocrx_word' id='word_1_492' title='bbox 319 2997 402 3030; x_wconf 71' lang='lat' dir='ltr'>quam</span> <span class='ocrx_word' id='word_1_493' title='bbox 417 2988 555 3031; x_wconf 79' lang='lat' dir='ltr'>poteritis,</span> <span class='ocrx_word' id='word_1_494' title='bbox 571 2986 728 3030; x_wconf 63' lang='lat' dir='ltr'>apponatis,</span> <span class='ocrx_word' id='word_1_495' title='bbox 746 2986 784 3015; x_wconf 91' lang='lat' dir='ltr'>ita</span> <span class='ocrx_word' id='word_1_496' title='bbox 800 2982 876 3023; x_wconf 89' lang='lat' dir='ltr'>quod</span> <span class='ocrx_word' id='word_1_497' title='bbox 889 2981 988 3026; x_wconf 78' lang='lat' dir='ltr'>vestrae</span> <span class='ocrx_word' id='word_1_498' title='bbox 1002 2980 1137 3028; x_wconf 64' lang='lat' dir='ltr'>fidelitatis</span> <span class='ocrx_word' id='word_1_499' title='bbox 1157 2991 1229 3012; x_wconf 88' lang='lat' dir='ltr'>con-</span> 
     </span>
     <span class='ocr_line' id='line_1_82' title="bbox 157 3020 1234 3092; baseline -0.001 -38"><span class='ocrx_word' id='word_1_500' title='bbox 157 3020 285 3092; x_wconf 48' lang='lat' dir='ltr'>stantffm</span> <span class='ocrx_word' id='word_1_501' title='bbox 294 3025 327 3055; x_wconf 88' lang='lat'>&amp;</span> <span class='ocrx_word' id='word_1_502' title='bbox 335 3025 596 3065; x_wconf 69' lang='lat' dir='ltr'>circumspec‘cionis</span> <span class='ocrx_word' id='word_1_503' title='bbox 609 3023 772 3055; x_wconf 89' lang='lat' dir='ltr'>industriam</span> <span class='ocrx_word' id='word_1_504' title='bbox 787 3022 940 3054; x_wconf 59' lang='lat' dir='ltr'>debeamus</span> <span class='ocrx_word' id='word_1_505' title='bbox 950 3020 1018 3052; x_wconf 88' lang='lat' dir='ltr'>inde</span> <span class='ocrx_word' id='word_1_506' title='bbox 1032 3022 1135 3052; x_wconf 76' lang='lat' dir='ltr'>merito</span> <span class='ocrx_word' id='word_1_507' title='bbox 1145 3030 1234 3054; x_wconf 88' lang='lat' dir='ltr'>com-</span> 
     </span>
     <span class='ocr_line' id='line_1_83' title="bbox 159 3071 300 3093; baseline -0.007 0"><span class='ocrx_word' id='word_1_508' title='bbox 159 3071 227 3093; x_wconf 86' lang='lat' dir='ltr'>men</span> <span class='ocrx_word' id='word_1_509' title='bbox 248 3072 300 3092; x_wconf 81' lang='lat' dir='ltr'>are.</span> 
     </span>
    </p>
   </div>
   <div class='ocr_carea' id='block_1_29' title="bbox 195 3139 1007 3257">
    <p class='ocr_par' dir='ltr' id='par_1_41' title="bbox 195 3139 1007 3257">
     <span class='ocr_line' id='line_1_84' title="bbox 195 3139 882 3180; baseline -0.003 -9"><span class='ocrx_word' id='word_1_510' title='bbox 195 3139 285 3171; x_wconf 87' lang='lat' dir='ltr'>Teste</span> <span class='ocrx_word' id='word_1_511' title='bbox 298 3139 385 3180; x_wconf 87' lang='lat' dir='ltr'>Rege</span> <span class='ocrx_word' id='word_1_512' title='bbox 397 3141 470 3179; x_wconf 82' lang='lat' dir='ltr'>apud</span> <span class='ocrx_word' id='word_1_513' title='bbox 485 3140 617 3172; x_wconf 85' lang='lat' dir='ltr'>London.</span> <span class='ocrx_word' id='word_1_514' title='bbox 633 3149 661 3180; x_wconf 86' lang='lat'>9.</span> <span class='ocrx_word' id='word_1_515' title='bbox 675 3139 722 3171; x_wconf 88' lang='lat' dir='ltr'>die</span> <span class='ocrx_word' id='word_1_516' title='bbox 735 3139 882 3171; x_wconf 70' lang='lat' dir='ltr'>OCtobris.</span> 
     </span>
     <span class='ocr_line' id='line_1_85' title="bbox 373 3214 1007 3257; baseline -0.003 -9"><span class='ocrx_word' id='word_1_517' title='bbox 373 3216 539 3248; x_wconf 85' lang='lat' dir='ltr'>Consimiles</span> <span class='ocrx_word' id='word_1_518' title='bbox 553 3217 651 3250; x_wconf 80' lang='lat' dir='ltr'>litterae</span> <span class='ocrx_word' id='word_1_519' title='bbox 664 3217 819 3257; x_wconf 86' lang='lat' dir='ltr'>diriguntur</span> <span class='ocrx_word' id='word_1_520' title='bbox 834 3214 1007 3255; x_wconf 71' lang='lat' dir='ltr'>subscriptis,</span> 
     </span>
    </p>
   </div>
   <div class='ocr_carea' id='block_1_30' title="bbox 191 3293 752 3450">
    <p class='ocr_par' dir='ltr' id='par_1_42' title="bbox 196 3293 513 3333">
     <span class='ocr_line' id='line_1_86' title="bbox 196 3293 513 3333; baseline 0 -9"><span class='ocrx_word' id='word_1_521' title='bbox 196 3293 340 3324; x_wconf 70' lang='lat' dir='ltr'>Willielmo</span> <span class='ocrx_word' id='word_1_522' title='bbox 355 3295 386 3324; x_wconf 79' lang='lat' dir='ltr'>de</span> <span class='ocrx_word' id='word_1_523' title='bbox 403 3297 513 3333; x_wconf 85' lang='lat' dir='ltr'>Burgo,</span> 
     </span>
    </p>

    <p class='ocr_par' dir='ltr' id='par_1_43' title="bbox 191 3333 539 3373">
     <span class='ocr_line' id='line_1_87' title="bbox 191 3333 539 3373; baseline 0 -10"><span class='ocrx_word' id='word_1_524' title='bbox 191 3333 320 3371; x_wconf 72' lang='lat' dir='ltr'>Johanni</span> <span class='ocrx_word' id='word_1_525' title='bbox 335 3333 402 3364; x_wconf 85' lang='lat' dir='ltr'>Filio</span> <span class='ocrx_word' id='word_1_526' title='bbox 413 3333 539 3373; x_wconf 83' lang='lat' dir='ltr'>Thomae,</span> 
     </span>
    </p>

    <p class='ocr_par' dir='ltr' id='par_1_44' title="bbox 194 3371 493 3411">
     <span class='ocr_line' id='line_1_88' title="bbox 194 3371 493 3411; baseline 0.007 -12"><span class='ocrx_word' id='word_1_527' title='bbox 194 3371 329 3401; x_wconf 80' lang='lat' dir='ltr'>Richardo</span> <span class='ocrx_word' id='word_1_528' title='bbox 348 3374 379 3402; x_wconf 82' lang='lat' dir='ltr'>de</span> <span class='ocrx_word' id='word_1_529' title='bbox 398 3376 419 3402; x_wconf 84' lang='lat' dir='ltr'><em>C</em></span> <span class='ocrx_word' id='word_1_530' title='bbox 420 3372 493 3411; x_wconf 79' lang='lat' dir='ltr'>lare,</span> 
     </span>
    </p>

    <p class='ocr_par' dir='ltr' id='par_1_45' title="bbox 198 3408 752 3450">
     <span class='ocr_line' id='line_1_89' title="bbox 198 3408 752 3450; baseline 0 -11"><span class='ocrx_word' id='word_1_531' title='bbox 198 3409 331 3441; x_wconf 73' lang='lat' dir='ltr'>Richardo</span> <span class='ocrx_word' id='word_1_532' title='bbox 345 3412 376 3442; x_wconf 83' lang='lat' dir='ltr'>de</span> <span class='ocrx_word' id='word_1_533' title='bbox 391 3416 474 3449; x_wconf 76' lang='lat' dir='ltr'>Burgo</span> <span class='ocrx_word' id='word_1_534' title='bbox 483 3434 493 3450; x_wconf 95' lang='lat'>,</span> <span class='ocrx_word' id='word_1_535' title='bbox 513 3414 536 3441; x_wconf 79' lang='lat' dir='ltr'>C</span> <span class='ocrx_word' id='word_1_536' title='bbox 535 3412 609 3440; x_wconf 82' lang='lat' dir='ltr'>omiti</span> <span class='ocrx_word' id='word_1_537' title='bbox 626 3408 752 3440; x_wconf 77' lang='lat' dir='ltr'>Ultoniae.</span> 
     </span>
    </p>
   </div>
   <div class='ocr_carea' id='block_1_31' title="bbox 441 3538 942 3577">
    <p class='ocr_par' dir='ltr' id='par_1_46' title="bbox 441 3538 942 3577">
     <span class='ocr_line' id='line_1_90' title="bbox 441 3538 942 3577; baseline -0.01 0"><span class='ocrx_word' id='word_1_538' title='bbox 441 3546 491 3577; x_wconf 79' lang='lat' dir='ltr'>De</span> <span class='ocrx_word' id='word_1_539' title='bbox 514 3540 732 3576; x_wconf 75' lang='lat' dir='ltr'>Donasionibus</span> <span class='ocrx_word' id='word_1_540' title='bbox 753 3538 942 3575; x_wconf 70' lang='lat' dir='ltr'>revocandis.</span> 
     </span>
    </p>
   </div>
   <div class='ocr_carea' id='block_1_32' title="bbox 158 3623 1229 4061">
    <p class='ocr_par' dir='ltr' id='par_1_47' title="bbox 158 3623 1222 3697">
     <span class='ocr_line' id='line_1_91' title="bbox 158 3623 1222 3697; baseline -0.003 -37"><span class='ocrx_word' id='word_1_541' title='bbox 158 3625 467 3697; x_wconf 47' lang='lat' dir='ltr'>Rllssngenescallo</span> <span class='ocrx_word' id='word_1_542' title='bbox 485 3627 534 3660; x_wconf 92' lang='lat' dir='ltr'>suo</span> <span class='ocrx_word' id='word_1_543' title='bbox 556 3627 721 3677; x_wconf 80' lang='lat' dir='ltr'>Vasconiae,</span> <span class='ocrx_word' id='word_1_544' title='bbox 748 3626 794 3658; x_wconf 90' lang='lat' dir='ltr'>vel</span> <span class='ocrx_word' id='word_1_545' title='bbox 816 3627 874 3666; x_wconf 90' lang='lat' dir='ltr'>ejus</span> <span class='ocrx_word' id='word_1_546' title='bbox 900 3624 1014 3658; x_wconf 87' lang='lat' dir='ltr'>Locum</span> <span class='ocrx_word' id='word_1_547' title='bbox 1038 3625 1160 3665; x_wconf 86' lang='lat' dir='ltr'>tenenti,</span> <span class='ocrx_word' id='word_1_548' title='bbox 1181 3623 1222 3656; x_wconf 87' lang='lat' dir='ltr'>sa-</span> 
     </span>
    </p>

    <p class='ocr_par' dir='ltr' id='par_1_48' title="bbox 163 3702 1229 4061">
     <span class='ocr_line' id='line_1_92' title="bbox 197 3702 1227 3742; baseline -0.004 -6"><span class='ocrx_word' id='word_1_549' title='bbox 197 3705 276 3736; x_wconf 80' lang='lat' dir='ltr'>Cum</span> <span class='ocrx_word' id='word_1_550' title='bbox 293 3705 368 3736; x_wconf 74' lang='lat' dir='ltr'>sexto</span> <span class='ocrx_word' id='word_1_551' title='bbox 390 3705 506 3737; x_wconf 86' lang='lat' dir='ltr'>decimo</span> <span class='ocrx_word' id='word_1_552' title='bbox 525 3705 572 3736; x_wconf 89' lang='lat' dir='ltr'>die</span> <span class='ocrx_word' id='word_1_553' title='bbox 594 3704 691 3736; x_wconf 85' lang='lat' dir='ltr'>Martii</span> <span class='ocrx_word' id='word_1_554' title='bbox 727 3704 814 3735; x_wconf 89' lang='lat' dir='ltr'>Anno</span> <span class='ocrx_word' id='word_1_555' title='bbox 836 3703 933 3741; x_wconf 73' lang='lat' dir='ltr'>Regni</span> <span class='ocrx_word' id='word_1_556' title='bbox 956 3702 1044 3734; x_wconf 86' lang='lat' dir='ltr'>nostri</span> <span class='ocrx_word' id='word_1_557' title='bbox 1061 3703 1161 3742; x_wconf 82' lang='lat' dir='ltr'>tertio,</span> <span class='ocrx_word' id='word_1_558' title='bbox 1176 3711 1227 3741; x_wconf 83' lang='lat' dir='ltr'>per</span> 
     </span>
     <span class='ocr_line' id='line_1_93' title="bbox 163 3728 1227 3783; baseline -0.002 -9"><span class='ocrx_word' id='word_1_559' title='bbox 163 3743 274 3775; x_wconf 76' lang='lat' dir='ltr'>Litteras</span> <span class='ocrx_word' id='word_1_560' title='bbox 293 3744 395 3775; x_wconf 65' lang='grc' dir='ltr'>ῃοίὶηε</span> <span class='ocrx_word' id='word_1_561' title='bbox 416 3745 559 3783; x_wconf 75' lang='lat' dir='ltr'>Parentes,</span> <span class='ocrx_word' id='word_1_562' title='bbox 582 3728 811 3775; x_wconf 69' lang='lat' dir='ltr'>concessissemus</span> <span class='ocrx_word' id='word_1_563' title='bbox 835 3742 974 3781; x_wconf 78' lang='lat' dir='ltr'>Praeiatis,</span> <span class='ocrx_word' id='word_1_564' title='bbox 1001 3742 1168 3773; x_wconf 73' lang='lat' dir='ltr'>comitibus</span> <span class='ocrx_word' id='word_1_565' title='bbox 1191 3742 1227 3773; x_wconf 87' lang='lat'>&amp;</span> 
     </span>
     <span class='ocr_line' id='line_1_94' title="bbox 216 3778 1228 3825; baseline -0.005 -10"><span class='ocrx_word' id='word_1_566' title='bbox 216 3822 219 3825; x_wconf 26' lang='grc' dir='ltr'>Ι</span> <span class='ocrx_word' id='word_1_567' title='bbox 803 3791 868 3812; x_wconf 91' lang='lat' dir='ltr'>onae</span> <span class='ocrx_word' id='word_1_568' title='bbox 881 3782 915 3812; x_wconf 89' lang='lat' dir='ltr'>eli</span> <span class='ocrx_word' id='word_1_569' title='bbox 920 3789 1047 3819; x_wconf 75' lang='lat' dir='ltr'>gerentur</span> <span class='ocrx_word' id='word_1_570' title='bbox 1062 3780 1098 3811; x_wconf 89' lang='lat' dir='ltr'>de</span> <span class='ocrx_word' id='word_1_571' title='bbox 1118 3779 1179 3818; x_wconf 77' lang='lat' dir='ltr'>ipsis</span> <span class='ocrx_word' id='word_1_572' title='bbox 1191 3778 1228 3810; x_wconf 86' lang='lat' dir='ltr'>ad</span> 
     </span>
     <span class='ocr_line' id='line_1_95' title="bbox 163 3817 1228 3864; baseline -0.003 -13"><span class='ocrx_word' id='word_1_573' title='bbox 163 3819 345 3864; x_wconf 73' lang='lat' dir='ltr'>ordin-indum</span> <span class='ocrx_word' id='word_1_574' title='bbox 360 3822 395 3852; x_wconf 83' lang='lat' dir='ltr'>de</span> <span class='ocrx_word' id='word_1_575' title='bbox 412 3821 479 3853; x_wconf 75' lang='lat' dir='ltr'>statu</span> <span class='ocrx_word' id='word_1_576' title='bbox 488 3822 609 3862; x_wconf 72' lang='lat' dir='ltr'>Hospitii</span> <span class='ocrx_word' id='word_1_577' title='bbox 622 3822 656 3853; x_wconf 91' lang='lat'>&amp;</span> <span class='ocrx_word' id='word_1_578' title='bbox 671 3820 769 3859; x_wconf 87' lang='lat' dir='ltr'>Regni</span> <span class='ocrx_word' id='word_1_579' title='bbox 776 3819 877 3851; x_wconf 86' lang='lat' dir='ltr'>nostri:</span> <span class='ocrx_word' id='word_1_580' title='bbox 897 3820 935 3850; x_wconf 88' lang='lat' dir='ltr'>Et</span> <span class='ocrx_word' id='word_1_581' title='bbox 949 3818 1177 3850; x_wconf 70' lang='lat' dir='ltr'>concessissemus</span> <span class='ocrx_word' id='word_1_582' title='bbox 1193 3817 1228 3847; x_wconf 81' lang='lat' dir='ltr'>il-</span> 
     </span>
     <span class='ocr_line' id='line_1_96' title="bbox 163 3855 1228 3901; baseline 0 -13"><span class='ocrx_word' id='word_1_583' title='bbox 163 3856 212 3894; x_wconf 85' lang='lat' dir='ltr'>hs,</span> <span class='ocrx_word' id='word_1_584' title='bbox 229 3860 320 3901; x_wconf 53' lang='lat' dir='ltr'>qulssd</span> <span class='ocrx_word' id='word_1_585' title='bbox 340 3861 397 3891; x_wconf 81' lang='lat' dir='ltr'>hoc</span> <span class='ocrx_word' id='word_1_586' title='bbox 419 3860 603 3898; x_wconf 72' lang='lat' dir='ltr'>eligerentur,</span> <span class='ocrx_word' id='word_1_587' title='bbox 621 3860 734 3898; x_wconf 83' lang='lat' dir='ltr'>plenam</span> <span class='ocrx_word' id='word_1_588' title='bbox 754 3858 919 3897; x_wconf 83' lang='lat' dir='ltr'>potestatem</span> <span class='ocrx_word' id='word_1_589' title='bbox 934 3856 1081 3888; x_wconf 84' lang='lat' dir='ltr'>ordinandi</span> <span class='ocrx_word' id='word_1_590' title='bbox 1101 3856 1138 3886; x_wconf 92' lang='lat' dir='ltr'>de</span> <span class='ocrx_word' id='word_1_591' title='bbox 1158 3855 1228 3888; x_wconf 84' lang='lat' dir='ltr'>statu</span> 
     </span>
     <span class='ocr_line' id='line_1_97' title="bbox 164 3894 1229 3970; baseline -0.003 -41"><span class='ocrx_word' id='word_1_592' title='bbox 164 3894 452 3970; x_wconf 46' lang='lat' dir='ltr'>{igiffilcffiitiiffiffriz</span> <span class='ocrx_word' id='word_1_593' title='bbox 458 3898 677 3937; x_wconf 66' lang='lat' dir='ltr'>praedictorum,</span> <span class='ocrx_word' id='word_1_594' title='bbox 697 3905 778 3936; x_wconf 86' lang='lat' dir='ltr'>prout</span> <span class='ocrx_word' id='word_1_595' title='bbox 797 3898 829 3927; x_wconf 86' lang='lat' dir='ltr'>in</span> <span class='ocrx_word' id='word_1_596' title='bbox 851 3897 961 3928; x_wconf 88' lang='lat' dir='ltr'>Litteris</span> <span class='ocrx_word' id='word_1_597' title='bbox 975 3895 1075 3928; x_wconf 64' lang='lat' dir='ltr'>nostris</span> <span class='ocrx_word' id='word_1_598' title='bbox 1086 3894 1229 3934; x_wconf 63' lang='lat' dir='ltr'>praedietis</span> 
     </span>
     <span class='ocr_line' id='line_1_98' title="bbox 181 3971 1227 4014; baseline 0.001 -14"><span class='ocrx_word' id='word_1_599' title='bbox 181 4011 184 4014; x_wconf 21' lang='grc' dir='ltr'>ι</span> <span class='ocrx_word' id='word_1_600' title='bbox 205 3972 249 4001; x_wconf 74' lang='lat' dir='ltr'>Ac</span> <span class='ocrx_word' id='word_1_601' title='bbox 267 3971 434 4014; x_wconf 80' lang='lat' dir='ltr'>Venerabilis</span> <span class='ocrx_word' id='word_1_602' title='bbox 445 3973 543 4011; x_wconf 78' lang='lat' dir='ltr'>Pater,</span> <span class='ocrx_word' id='word_1_603' title='bbox 562 3974 599 4003; x_wconf 88' lang='lat' dir='ltr'>R.</span> <span class='ocrx_word' id='word_1_604' title='bbox 614 3973 814 4006; x_wconf 79' lang='lat' dir='ltr'>Cantuariensis</span> <span class='ocrx_word' id='word_1_605' title='bbox 827 3972 1077 4011; x_wconf 83' lang='lat' dir='ltr'>Archiepiscopus,</span> <span class='ocrx_word' id='word_1_606' title='bbox 1091 3971 1125 4002; x_wconf 92' lang='lat'>&amp;</span> <span class='ocrx_word' id='word_1_607' title='bbox 1143 3977 1227 4002; x_wconf 84' lang='lat' dir='ltr'>caete-</span> 
     </span>
     <span class='ocr_line' id='line_1_99' title="bbox 164 4008 1227 4061; baseline 0 -19"><span class='ocrx_word' id='word_1_608' title='bbox 164 4018 189 4042; x_wconf 81' lang='lat' dir='ltr'>ri</span> <span class='ocrx_word' id='word_1_609' title='bbox 204 4008 335 4061; x_wconf 61' lang='lat' dir='ltr'>Eraelati,</span> <span class='ocrx_word' id='word_1_610' title='bbox 350 4009 493 4049; x_wconf 84' lang='lat' dir='ltr'>Comites,</span> <span class='ocrx_word' id='word_1_611' title='bbox 508 4012 542 4043; x_wconf 64' lang='grc' dir='ltr'>ὃς</span> <span class='ocrx_word' id='word_1_612' title='bbox 555 4011 691 4053; x_wconf 83' lang='lat' dir='ltr'>Barones,</span> <span class='ocrx_word' id='word_1_613' title='bbox 707 4013 742 4046; x_wconf 90' lang='lat' dir='ltr'>ad</span> <span class='ocrx_word' id='word_1_614' title='bbox 765 4012 840 4050; x_wconf 84' lang='lat' dir='ltr'>hoc,</span> <span class='ocrx_word' id='word_1_615' title='bbox 856 4013 958 4045; x_wconf 84' lang='lat' dir='ltr'>virtute</span> <span class='ocrx_word' id='word_1_616' title='bbox 977 4011 1143 4044; x_wconf 70' lang='lat' dir='ltr'>Litterarum</span> <span class='ocrx_word' id='word_1_617' title='bbox 1158 4018 1227 4048; x_wconf 68' lang='lat' dir='ltr'>prae³</span> 
     </span>
    </p>
   </div>
   <div class='ocr_carea' id='block_1_33' title="bbox 592 88 1844 140">
    <p class='ocr_par' dir='ltr' id='par_1_49' title="bbox 592 88 1844 140">
     <span class='ocr_line' id='line_1_100' title="bbox 592 88 1844 140; baseline -0.003 -4"><span class='ocrx_word' id='word_1_618' title='bbox 592 90 1394 140; x_wconf 86' lang='lat' dir='ltr'>CONVENTIONES,</span> <span class='ocrx_word' id='word_1_619' title='bbox 1451 88 1844 140; x_wconf 81' lang='lat' dir='ltr'>LiTERAE,</span> 
     </span>
    </p>
   </div>
   <div class='ocr_carea' id='block_1_34' title="bbox 1270 175 2570 758">
    <p class='ocr_par' dir='ltr' id='par_1_50' title="bbox 1270 175 2570 758">
     <span class='ocr_line' id='line_1_101' title="bbox 1274 175 2570 218; baseline 0.005 -11"><span class='ocrx_word' id='word_1_620' title='bbox 1274 175 1429 216; x_wconf 67' lang='lat' dir='ltr'>dictarum,</span> <span class='ocrx_word' id='word_1_621' title='bbox 1448 177 1549 216; x_wconf 68' lang='lat' dir='ltr'>electi,</span> <span class='ocrx_word' id='word_1_622' title='bbox 1565 178 1636 208; x_wconf 88' lang='lat' dir='ltr'>inter</span> <span class='ocrx_word' id='word_1_623' title='bbox 1659 185 1771 208; x_wconf 85' lang='lat' dir='ltr'>caeteras</span> <span class='ocrx_word' id='word_1_624' title='bbox 1790 177 1991 209; x_wconf 88' lang='lat' dir='ltr'>Ordinationes</span> <span class='ocrx_word' id='word_1_625' title='bbox 2013 178 2091 218; x_wconf 87' lang='lat' dir='ltr'>(quas</span> <span class='ocrx_word' id='word_1_626' title='bbox 2105 177 2183 218; x_wconf 80' lang='lat' dir='ltr'>super</span> <span class='ocrx_word' id='word_1_627' title='bbox 2223 180 2352 212; x_wconf 85' lang='lat' dir='ltr'>raemisfis</span> <span class='ocrx_word' id='word_1_628' title='bbox 2366 179 2442 212; x_wconf 85' lang='lat' dir='ltr'>Ann.</span> <span class='ocrx_word' id='word_1_629' title='bbox 2455 179 2498 214; x_wconf 92' lang='lat' dir='ltr'>D.</span> <span class='ocrx_word' id='word_1_630' title='bbox 2562 184 2570 211; x_wconf 66' lang='lat' dir='ltr'>s</span> 
     </span>
     <span class='ocr_line' id='line_1_102' title="bbox 1274 214 2570 260; baseline 0.003 -15"><span class='ocrx_word' id='word_1_631' title='bbox 1274 214 1400 246; x_wconf 88' lang='lat' dir='ltr'>fecerunt</span> <span class='ocrx_word' id='word_1_632' title='bbox 1423 216 1456 247; x_wconf 73' lang='grc' dir='ltr'>ὃς</span> <span class='ocrx_word' id='word_1_633' title='bbox 1476 216 1670 260; x_wconf 64' lang='lat' dir='ltr'>publicarunt,</span> <span class='ocrx_word' id='word_1_634' title='bbox 1695 217 1728 247; x_wconf 91' lang='lat'>&amp;</span> <span class='ocrx_word' id='word_1_635' title='bbox 1752 227 1816 255; x_wconf 88' lang='lat' dir='ltr'>quas</span> <span class='ocrx_word' id='word_1_636' title='bbox 1829 218 1890 256; x_wconf 86' lang='lat' dir='ltr'>jam</span> <span class='ocrx_word' id='word_1_637' title='bbox 1914 226 1983 248; x_wconf 90' lang='lat' dir='ltr'>acce</span> <span class='ocrx_word' id='word_1_638' title='bbox 2004 217 2134 255; x_wconf 85' lang='lat' dir='ltr'>ravimus)</span> <span class='ocrx_word' id='word_1_639' title='bbox 2162 228 2194 249; x_wconf 90' lang='lat' dir='ltr'>or</span> <span class='ocrx_word' id='word_1_640' title='bbox 2215 219 2353 251; x_wconf 86' lang='lat' dir='ltr'>inaverint</span> <span class='ocrx_word' id='word_1_641' title='bbox 2394 227 2481 260; x_wconf 85' lang='lat'>1311.</span> <span class='ocrx_word' id='word_1_642' title='bbox 2566 232 2570 244; x_wconf 72' lang='grc' dir='ltr'><strong>ι</strong></span> 
     </span>
     <span class='ocr_line' id='line_1_103' title="bbox 1274 253 2478 297; baseline 0.002 -13"><span class='ocrx_word' id='word_1_643' title='bbox 1274 253 1465 297; x_wconf 31' lang='lat' dir='ltr'>quod-‘omnes</span> <span class='ocrx_word' id='word_1_644' title='bbox 1479 255 1671 292; x_wconf 79' lang='lat' dir='ltr'>Donationes,</span> <span class='ocrx_word' id='word_1_645' title='bbox 1689 265 1754 293; x_wconf 89' lang='lat' dir='ltr'>quas</span> <span class='ocrx_word' id='word_1_646' title='bbox 1769 255 1832 293; x_wconf 91' lang='lat' dir='ltr'>post</span> <span class='ocrx_word' id='word_1_647' title='bbox 1852 255 1962 286; x_wconf 67' lang='lat' dir='ltr'>dietum</span> <span class='ocrx_word' id='word_1_648' title='bbox 1987 264 2084 286; x_wconf 83' lang='lat' dir='ltr'>extum</span> <span class='ocrx_word' id='word_1_649' title='bbox 2103 256 2248 289; x_wconf 85' lang='lat' dir='ltr'>decimum</span> <span class='ocrx_word' id='word_1_650' title='bbox 2270 257 2350 290; x_wconf 89' lang='lat' dir='ltr'>diem</span> <span class='ocrx_word' id='word_1_651' title='bbox 2365 259 2478 288; x_wconf 57' lang='lat' dir='ltr'>Edwz.</span> 
     </span>
     <span class='ocr_line' id='line_1_104' title="bbox 1274 291 2351 336; baseline 0.005 -14"><span class='ocrx_word' id='word_1_652' title='bbox 1274 291 1376 336; x_wconf 80' lang='lat' dir='ltr'>Martii</span> <span class='ocrx_word' id='word_1_653' title='bbox 1394 292 1530 332; x_wconf 86' lang='lat' dir='ltr'>fecimus,</span> <span class='ocrx_word' id='word_1_654' title='bbox 1547 293 1583 324; x_wconf 92' lang='lat' dir='ltr'>de</span> <span class='ocrx_word' id='word_1_655' title='bbox 1606 292 1727 332; x_wconf 84' lang='lat' dir='ltr'>Castris,</span> <span class='ocrx_word' id='word_1_656' title='bbox 1745 294 1843 332; x_wconf 86' lang='lat' dir='ltr'>Villis,</span> <span class='ocrx_word' id='word_1_657' title='bbox 1860 293 1974 331; x_wconf 89' lang='lat' dir='ltr'>Terris,</span> <span class='ocrx_word' id='word_1_658' title='bbox 1995 293 2198 334; x_wconf 88' lang='lat' dir='ltr'>Tenementis,</span> <span class='ocrx_word' id='word_1_659' title='bbox 2223 294 2351 336; x_wconf 84' lang='lat' dir='ltr'>Ballivis,</span> 
     </span>
     <span class='ocr_line' id='line_1_105' title="bbox 1273 329 2350 376; baseline 0.006 -16"><span class='ocrx_word' id='word_1_660' title='bbox 1273 329 1405 376; x_wconf 75' lang='lat' dir='ltr'>WardiS,</span> <span class='ocrx_word' id='word_1_661' title='bbox 1432 331 1591 369; x_wconf 83' lang='lat' dir='ltr'>Maritagiis</span> <span class='ocrx_word' id='word_1_662' title='bbox 1604 354 1613 370; x_wconf 90' lang='lat'>,</span> <span class='ocrx_word' id='word_1_663' title='bbox 1635 331 1777 371; x_wconf 64' lang='lat' dir='ltr'>Escaeus,</span> <span class='ocrx_word' id='word_1_664' title='bbox 1803 333 1835 364; x_wconf 89' lang='lat'>&amp;</span> <span class='ocrx_word' id='word_1_665' title='bbox 1861 331 2083 363; x_wconf 80' lang='lat' dir='ltr'>Remiffionibus</span> <span class='ocrx_word' id='word_1_666' title='bbox 2107 333 2350 375; x_wconf 81' lang='lat' dir='ltr'>quibuscumque,</span> 
     </span>
     <span class='ocr_line' id='line_1_106' title="bbox 1273 369 2350 411; baseline 0.006 -13"><span class='ocrx_word' id='word_1_667' title='bbox 1273 376 1332 398; x_wconf 89' lang='lat' dir='ltr'>tam</span> <span class='ocrx_word' id='word_1_668' title='bbox 1354 379 1385 400; x_wconf 88' lang='lat' dir='ltr'>in</span> <span class='ocrx_word' id='word_1_669' title='bbox 1410 369 1567 409; x_wconf 73' lang='lat' dir='ltr'>Vasconia,</span> <span class='ocrx_word' id='word_1_670' title='bbox 1583 371 1740 410; x_wconf 75' lang='lat' dir='ltr'>Hibernia,</span> <span class='ocrx_word' id='word_1_671' title='bbox 1755 369 1878 409; x_wconf 70' lang='lat' dir='ltr'>Waiiia,</span> <span class='ocrx_word' id='word_1_672' title='bbox 1895 371 2013 410; x_wconf 75' lang='lat' dir='ltr'>scotia,</span> <span class='ocrx_word' id='word_1_673' title='bbox 2032 372 2118 410; x_wconf 75' lang='lat' dir='ltr'>quam</span> <span class='ocrx_word' id='word_1_674' title='bbox 2136 373 2166 403; x_wconf 90' lang='lat' dir='ltr'>in</span> <span class='ocrx_word' id='word_1_675' title='bbox 2188 372 2296 411; x_wconf 66' lang='lat' dir='ltr'>Anglii</span> <span class='ocrx_word' id='word_1_676' title='bbox 2306 383 2350 405; x_wconf 89' lang='lat' dir='ltr'>re-</span> 
     </span>
     <span class='ocr_line' id='line_1_107' title="bbox 1274 416 1426 439; baseline 0.013 -2"><span class='ocrx_word' id='word_1_677' title='bbox 1274 416 1426 439; x_wconf 88' lang='lat' dir='ltr'>vocentur·</span> 
     </span>
     <span class='ocr_line' id='line_1_108' title="bbox 1310 431 2352 491; baseline 0.007 -15"><span class='ocrx_word' id='word_1_678' title='bbox 1310 445 1402 477; x_wconf 91' lang='lat' dir='ltr'>Vobis</span> <span class='ocrx_word' id='word_1_679' title='bbox 1418 431 1597 491; x_wconf 74' lang='lat' dir='ltr'>’mandamus</span> <span class='ocrx_word' id='word_1_680' title='bbox 1627 447 1706 486; x_wconf 91' lang='lat' dir='ltr'>quod</span> <span class='ocrx_word' id='word_1_681' title='bbox 1725 457 1826 479; x_wconf 89' lang='lat' dir='ltr'>omnes</span> <span class='ocrx_word' id='word_1_682' title='bbox 1849 447 2042 486; x_wconf 88' lang='lat' dir='ltr'>Donationes,</span> <span class='ocrx_word' id='word_1_683' title='bbox 2065 458 2134 488; x_wconf 88' lang='lat' dir='ltr'>quas</span> <span class='ocrx_word' id='word_1_684' title='bbox 2152 448 2216 487; x_wconf 85' lang='lat' dir='ltr'>post</span> <span class='ocrx_word' id='word_1_685' title='bbox 2237 449 2352 483; x_wconf 64' lang='lat' dir='ltr'>dictum</span> 
     </span>
     <span class='ocr_line' id='line_1_109' title="bbox 1270 483 2334 526; baseline 0.005 -11"><span class='ocrx_word' id='word_1_686' title='bbox 1270 483 1381 515; x_wconf 71' lang='lat' dir='ltr'>seiitum</span> <span class='ocrx_word' id='word_1_687' title='bbox 1396 484 1546 516; x_wconf 87' lang='lat' dir='ltr'>decimum</span> <span class='ocrx_word' id='word_1_688' title='bbox 1561 486 1640 516; x_wconf 91' lang='lat' dir='ltr'>diem</span> <span class='ocrx_word' id='word_1_689' title='bbox 1657 487 1755 517; x_wconf 86' lang='lat' dir='ltr'>Martii</span> <span class='ocrx_word' id='word_1_690' title='bbox 1778 486 1914 525; x_wconf 86' lang='lat' dir='ltr'>fecimus,</span> <span class='ocrx_word' id='word_1_691' title='bbox 1930 486 1966 517; x_wconf 91' lang='lat' dir='ltr'>de</span> <span class='ocrx_word' id='word_1_692' title='bbox 1980 486 2100 526; x_wconf 86' lang='lat' dir='ltr'>Castris,</span> <span class='ocrx_word' id='word_1_693' title='bbox 2117 486 2199 518; x_wconf 90' lang='lat' dir='ltr'>Villis</span> <span class='ocrx_word' id='word_1_694' title='bbox 2233 488 2334 520; x_wconf 90' lang='lat' dir='ltr'>Terris</span> 
     </span>
     <span class='ocr_line' id='line_1_110' title="bbox 1272 511 2351 568; baseline 0.005 -15"><span class='ocrx_word' id='word_1_695' title='bbox 1272 523 1458 568; x_wconf 55' lang='lat' dir='ltr'>&#39;Ifenementis</span> <span class='ocrx_word' id='word_1_696' title='bbox 1501 524 1628 564; x_wconf 82' lang='lat' dir='ltr'>Ballivis,</span> <span class='ocrx_word' id='word_1_697' title='bbox 1647 525 1780 564; x_wconf 81' lang='lat' dir='ltr'>Wardis,</span> <span class='ocrx_word' id='word_1_698' title='bbox 1798 524 1974 564; x_wconf 82' lang='lat' dir='ltr'>Maritagiis,</span> <span class='ocrx_word' id='word_1_699' title='bbox 1989 524 2122 564; x_wconf 78' lang='lat' dir='ltr'>Escaetis,</span> <span class='ocrx_word' id='word_1_700' title='bbox 2140 526 2174 558; x_wconf 65' lang='grc' dir='ltr'>ὃς</span> <span class='ocrx_word' id='word_1_701' title='bbox 2194 511 2351 559; x_wconf 57' lang='grc' dir='ltr'>ᾗετηὶίῖῑοῖ</span> 
     </span>
     <span class='ocr_line' id='line_1_111' title="bbox 1273 547 2350 608; baseline 0.005 -16"><span class='ocrx_word' id='word_1_702' title='bbox 1273 562 1356 593; x_wconf 89' lang='lat' dir='ltr'>mbus</span> <span class='ocrx_word' id='word_1_703' title='bbox 1372 547 1597 608; x_wconf 66' lang='lat' dir='ltr'>quibuscunque,</span> <span class='ocrx_word' id='word_1_704' title='bbox 1617 564 1647 594; x_wconf 91' lang='lat' dir='ltr'>in</span> <span class='ocrx_word' id='word_1_705' title='bbox 1658 563 1735 608; x_wconf 60' lang='lat' dir='ltr'>dista</span> <span class='ocrx_word' id='word_1_706' title='bbox 1750 571 1821 608; x_wconf 76' lang='lat' dir='ltr'>terra</span> <span class='ocrx_word' id='word_1_707' title='bbox 1835 563 2004 603; x_wconf 73' lang='lat' dir='ltr'>Vaseoniae,</span> <span class='ocrx_word' id='word_1_708' title='bbox 2023 574 2068 602; x_wconf 80' lang='lat' dir='ltr'>pei</span> <span class='ocrx_word' id='word_1_709' title='bbox 2085 563 2182 596; x_wconf 86' lang='lat' dir='ltr'>Brevia</span> <span class='ocrx_word' id='word_1_710' title='bbox 2195 565 2246 596; x_wconf 88' lang='lat' dir='ltr'>sub</span> <span class='ocrx_word' id='word_1_711' title='bbox 2261 565 2350 604; x_wconf 86' lang='lat' dir='ltr'>Sigil-</span> 
     </span>
     <span class='ocr_line' id='line_1_112' title="bbox 1271 599 2349 642; baseline 0.006 -12"><span class='ocrx_word' id='word_1_712' title='bbox 1271 599 1301 631; x_wconf 90' lang='lat'>10</span> <span class='ocrx_word' id='word_1_713' title='bbox 1317 600 1415 632; x_wconf 87' lang='lat' dir='ltr'>nostro</span> <span class='ocrx_word' id='word_1_714' title='bbox 1430 601 1596 642; x_wconf 86' lang='lat' dir='ltr'>Vasconiae,</span> <span class='ocrx_word' id='word_1_715' title='bbox 1614 602 1670 633; x_wconf 88' lang='lat' dir='ltr'>fine</span> <span class='ocrx_word' id='word_1_716' title='bbox 1686 602 1822 634; x_wconf 88' lang='lat' dir='ltr'>dilatione</span> <span class='ocrx_word' id='word_1_717' title='bbox 1845 603 1989 642; x_wconf 73' lang='lat' dir='ltr'>revocari,</span> <span class='ocrx_word' id='word_1_718' title='bbox 2013 604 2046 634; x_wconf 90' lang='lat'>&amp;</span> <span class='ocrx_word' id='word_1_719' title='bbox 2067 612 2168 634; x_wconf 83' lang='lat' dir='ltr'>omnes</span> <span class='ocrx_word' id='word_1_720' title='bbox 2187 603 2349 641; x_wconf 84' lang='lat' dir='ltr'>hujusmodi</span> 
     </span>
     <span class='ocr_line' id='line_1_113' title="bbox 1272 640 2346 684; baseline 0.004 -14"><span class='ocrx_word' id='word_1_721' title='bbox 1272 649 1333 678; x_wconf 80' lang='lat' dir='ltr'>reS,</span> <span class='ocrx_word' id='word_1_722' title='bbox 1351 649 1400 684; x_wconf 73' lang='lat' dir='ltr'>per</span> <span class='ocrx_word' id='word_1_723' title='bbox 1413 650 1463 671; x_wconf 89' lang='lat' dir='ltr'>nos</span> <span class='ocrx_word' id='word_1_724' title='bbox 1475 640 1581 672; x_wconf 89' lang='lat' dir='ltr'>ibidem</span> <span class='ocrx_word' id='word_1_725' title='bbox 1597 641 1635 672; x_wconf 88' lang='lat' dir='ltr'>fic</span> <span class='ocrx_word' id='word_1_726' title='bbox 1651 641 1743 680; x_wconf 87' lang='lat' dir='ltr'>datas,</span> <span class='ocrx_word' id='word_1_727' title='bbox 1767 642 1797 672; x_wconf 91' lang='lat' dir='ltr'>in</span> <span class='ocrx_word' id='word_1_728' title='bbox 1822 651 1940 672; x_wconf 88' lang='lat' dir='ltr'>manum</span> <span class='ocrx_word' id='word_1_729' title='bbox 1960 640 2082 672; x_wconf 87' lang='lat' dir='ltr'>nostram</span> <span class='ocrx_word' id='word_1_730' title='bbox 2102 641 2201 673; x_wconf 86' lang='lat' dir='ltr'>resumi</span> <span class='ocrx_word' id='word_1_731' title='bbox 2222 642 2346 676; x_wconf 88' lang='lat' dir='ltr'>faciatis:</span> 
     </span>
     <span class='ocr_line' id='line_1_114' title="bbox 1272 677 2346 723; baseline 0.007 -15"><span class='ocrx_word' id='word_1_732' title='bbox 1272 677 1309 723; x_wconf 74' lang='lat' dir='ltr'>Et</span> <span class='ocrx_word' id='word_1_733' title='bbox 1322 678 1366 722; x_wconf 39' lang='lat' dir='ltr'>de·</span> <span class='ocrx_word' id='word_1_734' title='bbox 1374 677 1477 723; x_wconf 80' lang='lat' dir='ltr'>eisdem</span> <span class='ocrx_word' id='word_1_735' title='bbox 1492 678 1603 710; x_wconf 80' lang='lat' dir='ltr'>ulterius</span> <span class='ocrx_word' id='word_1_736' title='bbox 1616 679 1781 719; x_wconf 88' lang='lat' dir='ltr'>disponatis,</span> <span class='ocrx_word' id='word_1_737' title='bbox 1798 687 1879 718; x_wconf 89' lang='lat' dir='ltr'>prout</span> <span class='ocrx_word' id='word_1_738' title='bbox 1893 679 1928 711; x_wconf 87' lang='lat' dir='ltr'>ad</span> <span class='ocrx_word' id='word_1_739' title='bbox 1944 679 2136 712; x_wconf 82' lang='lat' dir='ltr'>commodum</span> <span class='ocrx_word' id='word_1_740' title='bbox 2145 680 2277 713; x_wconf 86' lang='lat' dir='ltr'>nostrum</span> <span class='ocrx_word' id='word_1_741' title='bbox 2283 692 2346 715; x_wconf 77' lang='lat' dir='ltr'>me-</span> 
     </span>
     <span class='ocr_line' id='line_1_115' title="bbox 1271 716 2132 758; baseline 0.006 -12"><span class='ocrx_word' id='word_1_742' title='bbox 1271 716 1325 747; x_wconf 89' lang='lat' dir='ltr'>lius</span> <span class='ocrx_word' id='word_1_743' title='bbox 1339 716 1461 749; x_wconf 86' lang='lat' dir='ltr'>videntis</span> <span class='ocrx_word' id='word_1_744' title='bbox 1474 717 1654 758; x_wconf 86' lang='lat' dir='ltr'>faciendum,</span> <span class='ocrx_word' id='word_1_745' title='bbox 1672 719 1705 750; x_wconf 90' lang='lat'>&amp;</span> <span class='ocrx_word' id='word_1_746' title='bbox 1721 719 1780 750; x_wconf 89' lang='lat' dir='ltr'>hoc</span> <span class='ocrx_word' id='word_1_747' title='bbox 1795 717 1873 750; x_wconf 90' lang='lat' dir='ltr'>nullo</span> <span class='ocrx_word' id='word_1_748' title='bbox 1887 718 1976 750; x_wconf 84' lang='lat' dir='ltr'>modo</span> <span class='ocrx_word' id='word_1_749' title='bbox 1988 720 2132 752; x_wconf 84' lang='lat' dir='ltr'>omittatis.</span> 
     </span>
    </p>
   </div>
   <div class='ocr_carea' id='block_1_35' title="bbox 1308 792 2043 836">
    <p class='ocr_par' dir='ltr' id='par_1_51' title="bbox 1308 792 2043 836">
     <span class='ocr_line' id='line_1_116' title="bbox 1308 792 2043 836; baseline 0.007 -12"><span class='ocrx_word' id='word_1_750' title='bbox 1308 792 1396 826; x_wconf 86' lang='lat' dir='ltr'>Teste</span> <span class='ocrx_word' id='word_1_751' title='bbox 1411 794 1498 834; x_wconf 88' lang='lat' dir='ltr'>Rege</span> <span class='ocrx_word' id='word_1_752' title='bbox 1511 795 1584 835; x_wconf 89' lang='lat' dir='ltr'>apud</span> <span class='ocrx_word' id='word_1_753' title='bbox 1597 795 1777 836; x_wconf 84' lang='lat' dir='ltr'>Londonias,</span> <span class='ocrx_word' id='word_1_754' title='bbox 1794 805 1822 836; x_wconf 91' lang='lat'>9.</span> <span class='ocrx_word' id='word_1_755' title='bbox 1835 795 1882 827; x_wconf 90' lang='lat' dir='ltr'>die</span> <span class='ocrx_word' id='word_1_756' title='bbox 1895 794 2043 829; x_wconf 65' lang='lat' dir='ltr'>Octobris.</span> 
     </span>
    </p>
   </div>
   <div class='ocr_carea' id='block_1_36' title="bbox 1501 921 2467 970">
    <p class='ocr_par' dir='ltr' id='par_1_52' title="bbox 1501 921 2467 970">
     <span class='ocr_line' id='line_1_117' title="bbox 1501 921 2467 970; baseline 0.006 -15"><span class='ocrx_word' id='word_1_757' title='bbox 1501 922 1530 950; x_wconf 51' lang='grc' dir='ltr'><strong><em>ἅ</em></strong></span> <span class='ocrx_word' id='word_1_758' title='bbox 1549 921 1610 956; x_wconf 80' lang='lat' dir='ltr'>Ad</span> <span class='ocrx_word' id='word_1_759' title='bbox 1631 924 1742 970; x_wconf 83' lang='lat' dir='ltr'>Regem</span> <span class='ocrx_word' id='word_1_760' title='bbox 1764 924 1897 957; x_wconf 71' lang='lat' dir='ltr'>Francia</span> <span class='ocrx_word' id='word_1_761' title='bbox 1917 921 1954 957; x_wconf 86' lang='lat' dir='ltr'>de</span> <span class='ocrx_word' id='word_1_762' title='bbox 1978 921 2150 961; x_wconf 76' lang='lat' dir='ltr'>credentia.</span> <span class='ocrx_word' id='word_1_763' title='bbox 2382 931 2467 962; x_wconf 68' lang='lat'>⁸111,</span> 
     </span>
    </p>
   </div>
   <div class='ocr_carea' id='block_1_37' title="bbox 1267 970 2522 1708">
    <p class='ocr_par' dir='ltr' id='par_1_53' title="bbox 1267 970 2522 1708">
     <span class='ocr_line' id='line_1_118' title="bbox 2392 970 2457 999; baseline 0.015 -1"><span class='ocrx_word' id='word_1_764' title='bbox 2392 970 2457 999; x_wconf 82' lang='lat'>281.</span> 
     </span>
     <span class='ocr_line' id='line_1_119' title="bbox 1270 1006 2487 1070; baseline 0.002 -30"><span class='ocrx_word' id='word_1_765' title='bbox 1270 1006 1561 1070; x_wconf 69' lang='lat' dir='ltr'>EXcellentisiimo</span> <span class='ocrx_word' id='word_1_766' title='bbox 1573 1007 1721 1048; x_wconf 86' lang='lat' dir='ltr'>Principi,</span> <span class='ocrx_word' id='word_1_767' title='bbox 1737 1007 1871 1040; x_wconf 91' lang='lat' dir='ltr'>Domino</span> <span class='ocrx_word' id='word_1_768' title='bbox 1882 1019 1916 1040; x_wconf 88' lang='lat' dir='ltr'>ac</span> <span class='ocrx_word' id='word_1_769' title='bbox 1929 1008 2005 1040; x_wconf 88' lang='lat' dir='ltr'>Patri</span> <span class='ocrx_word' id='word_1_770' title='bbox 2027 1008 2077 1040; x_wconf 90' lang='lat' dir='ltr'>suo</span> <span class='ocrx_word' id='word_1_771' title='bbox 2099 1009 2244 1041; x_wconf 84' lang='lat' dir='ltr'>kariffimo</span> <span class='ocrx_word' id='word_1_772' title='bbox 2279 1009 2346 1043; x_wconf 86' lang='lat' dir='ltr'>Do-</span> <span class='ocrx_word' id='word_1_773' title='bbox 2361 1021 2429 1053; x_wconf 71' lang='lat' dir='ltr'>Am,</span> <span class='ocrx_word' id='word_1_774' title='bbox 2453 1022 2487 1055; x_wconf 84' lang='lat' dir='ltr'>D</span> 
     </span>
     <span class='ocr_line' id='line_1_120' title="bbox 1347 1033 2495 1094; baseline 0.003 -16"><span class='ocrx_word' id='word_1_775' title='bbox 1347 1057 1428 1079; x_wconf 88' lang='lat' dir='ltr'>mino</span> <span class='ocrx_word' id='word_1_776' title='bbox 1443 1047 1596 1087; x_wconf 89' lang='lat' dir='ltr'>Philippo,</span> <span class='ocrx_word' id='word_1_777' title='bbox 1613 1047 1673 1078; x_wconf 87' lang='lat' dir='ltr'>Dei</span> <span class='ocrx_word' id='word_1_778' title='bbox 1689 1048 1796 1087; x_wconf 74' lang='lat' dir='ltr'>gratia,</span> <span class='ocrx_word' id='word_1_779' title='bbox 1816 1047 1897 1086; x_wconf 89' lang='lat' dir='ltr'>Regi</span> <span class='ocrx_word' id='word_1_780' title='bbox 1911 1048 2082 1079; x_wconf 86' lang='lat' dir='ltr'>Francorum</span> <span class='ocrx_word' id='word_1_781' title='bbox 2097 1047 2213 1088; x_wconf 88' lang='lat' dir='ltr'>Illustri,</span> <span class='ocrx_word' id='word_1_782' title='bbox 2230 1033 2347 1082; x_wconf 58' lang='lat' dir='ltr'>Eiiwar-</span> <span class='ocrx_word' id='word_1_783' title='bbox 2384 1071 2397 1091; x_wconf 79' lang='lat'>1</span> <span class='ocrx_word' id='word_1_784' title='bbox 2424 1072 2457 1094; x_wconf 86' lang='lat'>11</span> <span class='ocrx_word' id='word_1_785' title='bbox 2488 1045 2495 1053; x_wconf 82' lang='grc'>’</span> 
     </span>
     <span class='ocr_line' id='line_1_121' title="bbox 1269 1071 2470 1126; baseline 0.001 -8"><span class='ocrx_word' id='word_1_786' title='bbox 1269 1087 1321 1118; x_wconf 87' lang='lat' dir='ltr'>dus</span> <span class='ocrx_word' id='word_1_787' title='bbox 1355 1087 1415 1118; x_wconf 72' lang='grc' dir='ltr'>ὅτε.</span> <span class='ocrx_word' id='word_1_788' title='bbox 1433 1087 1563 1126; x_wconf 87' lang='lat' dir='ltr'>salutem,</span> <span class='ocrx_word' id='word_1_789' title='bbox 1578 1088 1612 1118; x_wconf 92' lang='lat'>&amp;</span> <span class='ocrx_word' id='word_1_790' title='bbox 1621 1110 1631 1125; x_wconf 92' lang='lat'>,</span> <span class='ocrx_word' id='word_1_791' title='bbox 1647 1086 1682 1118; x_wconf 89' lang='lat' dir='ltr'>ad</span> <span class='ocrx_word' id='word_1_792' title='bbox 1695 1095 1779 1125; x_wconf 87' lang='lat' dir='ltr'>vota,</span> <span class='ocrx_word' id='word_1_793' title='bbox 1796 1085 1933 1118; x_wconf 73' lang='lat' dir='ltr'>successus</span> <span class='ocrx_word' id='word_1_794' title='bbox 1947 1086 2090 1125; x_wconf 88' lang='lat' dir='ltr'>prosperos</span> <span class='ocrx_word' id='word_1_795' title='bbox 2105 1088 2138 1119; x_wconf 77' lang='grc' dir='ltr'>δε</span> <span class='ocrx_word' id='word_1_796' title='bbox 2153 1087 2256 1119; x_wconf 84' lang='lat' dir='ltr'>felices.</span> <span class='ocrx_word' id='word_1_797' title='bbox 2403 1071 2417 1102; x_wconf 77' lang='lat'>3</span> <span class='ocrx_word' id='word_1_798' title='bbox 2462 1085 2470 1093; x_wconf 76' lang='lat'><strong>⁴</strong></span> 
     </span>
     <span class='ocr_line' id='line_1_122' title="bbox 1308 1110 2419 1167; baseline 0.002 -11"><span class='ocrx_word' id='word_1_799' title='bbox 1308 1110 1357 1157; x_wconf 67' lang='lat' dir='ltr'>fic</span> <span class='ocrx_word' id='word_1_800' title='bbox 1372 1126 1466 1157; x_wconf 73' lang='lat' dir='ltr'>vestra</span> <span class='ocrx_word' id='word_1_801' title='bbox 1481 1125 1596 1164; x_wconf 71' lang='lat' dir='ltr'>paterna</span> <span class='ocrx_word' id='word_1_802' title='bbox 1611 1125 1803 1156; x_wconf 73' lang='lat' dir='ltr'>benivolentia</span> <span class='ocrx_word' id='word_1_803' title='bbox 1817 1125 2001 1156; x_wconf 85' lang='lat' dir='ltr'>indubitatam</span> <span class='ocrx_word' id='word_1_804' title='bbox 2014 1124 2147 1157; x_wconf 85' lang='lat' dir='ltr'>fiduciam</span> <span class='ocrx_word' id='word_1_805' title='bbox 2164 1134 2347 1167; x_wconf 88' lang='lat' dir='ltr'>reportantes,</span> <span class='ocrx_word' id='word_1_806' title='bbox 2365 1143 2385 1166; x_wconf 75' lang='lat' dir='ltr'>E</span> <span class='ocrx_word' id='word_1_807' title='bbox 2406 1149 2419 1166; x_wconf 75' lang='lat'>2</span> 
     </span>
     <span class='ocr_line' id='line_1_123' title="bbox 1268 1160 2477 1212; baseline 0.001 -16"><span class='ocrx_word' id='word_1_808' title='bbox 1268 1163 1458 1204; x_wconf 86' lang='lat' dir='ltr'>sperantesque</span> <span class='ocrx_word' id='word_1_809' title='bbox 1473 1164 1549 1203; x_wconf 91' lang='lat' dir='ltr'>quod</span> <span class='ocrx_word' id='word_1_810' title='bbox 1564 1174 1613 1208; x_wconf 80' lang='lat' dir='ltr'>ea,</span> <span class='ocrx_word' id='word_1_811' title='bbox 1629 1174 1694 1203; x_wconf 83' lang='lat' dir='ltr'>quae</span> <span class='ocrx_word' id='word_1_812' title='bbox 1707 1164 1807 1195; x_wconf 87' lang='lat' dir='ltr'>nostris</span> <span class='ocrx_word' id='word_1_813' title='bbox 1818 1163 1958 1195; x_wconf 80' lang='lat' dir='ltr'>desideriis</span> <span class='ocrx_word' id='word_1_814' title='bbox 1969 1162 2112 1203; x_wconf 87' lang='lat' dir='ltr'>insistunt,</span> <span class='ocrx_word' id='word_1_815' title='bbox 2130 1165 2219 1196; x_wconf 88' lang='lat' dir='ltr'>velitis</span> <span class='ocrx_word' id='word_1_816' title='bbox 2263 1167 2346 1198; x_wconf 86' lang='lat' dir='ltr'>ratio·</span> <span class='ocrx_word' id='word_1_817' title='bbox 2363 1160 2430 1206; x_wconf 47' lang='lat' dir='ltr'>Raim·</span> <span class='ocrx_word' id='word_1_818' title='bbox 2442 1178 2477 1212; x_wconf 72' lang='grc' dir='ltr'>ό,</span> 
     </span>
     <span class='ocr_line' id='line_1_124' title="bbox 1269 1199 2522 1245; baseline 0.001 -10"><span class='ocrx_word' id='word_1_819' title='bbox 1269 1205 1303 1235; x_wconf 85' lang='lat' dir='ltr'>sis</span> <span class='ocrx_word' id='word_1_820' title='bbox 1315 1203 1461 1235; x_wconf 63' lang='lat' dir='ltr'>affectibus</span> <span class='ocrx_word' id='word_1_821' title='bbox 1474 1203 1621 1242; x_wconf 85' lang='lat' dir='ltr'>exaudire,</span> <span class='ocrx_word' id='word_1_822' title='bbox 1639 1202 1790 1242; x_wconf 87' lang='lat' dir='ltr'>quaedam,</span> <span class='ocrx_word' id='word_1_823' title='bbox 1808 1202 1892 1234; x_wconf 82' lang='lat' dir='ltr'>cordi</span> <span class='ocrx_word' id='word_1_824' title='bbox 1906 1201 2002 1233; x_wconf 87' lang='lat' dir='ltr'>nostro</span> <span class='ocrx_word' id='word_1_825' title='bbox 2016 1202 2167 1241; x_wconf 87' lang='lat' dir='ltr'>specialiter</span> <span class='ocrx_word' id='word_1_826' title='bbox 2185 1204 2237 1234; x_wconf 78' lang='lat' dir='ltr'>infi</span> <span class='ocrx_word' id='word_1_827' title='bbox 2257 1206 2330 1236; x_wconf 88' lang='lat' dir='ltr'>entia</span> <span class='ocrx_word' id='word_1_828' title='bbox 2362 1219 2394 1243; x_wconf 84' lang='lat' dir='ltr'>Fr</span> <span class='ocrx_word' id='word_1_829' title='bbox 2427 1199 2432 1205; x_wconf 74' lang='grc'><strong><em>’</em></strong></span> <span class='ocrx_word' id='word_1_830' title='bbox 2461 1221 2484 1245; x_wconf 76' lang='lat' dir='ltr'><em>E</em></span> <span class='ocrx_word' id='word_1_831' title='bbox 2519 1234 2522 1235; x_wconf 14' lang='grc' dir='ltr'><em>γ</em></span> 
     </span>
     <span class='ocr_line' id='line_1_125' title="bbox 1270 1226 2493 1286; baseline 0.002 -13"><span class='ocrx_word' id='word_1_832' title='bbox 1270 1242 1380 1274; x_wconf 69' lang='lat' dir='ltr'>dilectis</span> <span class='ocrx_word' id='word_1_833' title='bbox 1400 1243 1433 1273; x_wconf 92' lang='lat'>&amp;</span> <span class='ocrx_word' id='word_1_834' title='bbox 1447 1241 1574 1272; x_wconf 85' lang='lat' dir='ltr'>fidelibus</span> <span class='ocrx_word' id='word_1_835' title='bbox 1589 1241 1707 1286; x_wconf 83' lang='lat' dir='ltr'>nostris,</span> <span class='ocrx_word' id='word_1_836' title='bbox 1725 1240 1859 1285; x_wconf 81' lang='lat' dir='ltr'>Gerardo</span> <span class='ocrx_word' id='word_1_837' title='bbox 1877 1240 1996 1282; x_wconf 88' lang='lat' dir='ltr'>Salveyn</span> <span class='ocrx_word' id='word_1_838' title='bbox 2017 1240 2126 1279; x_wconf 87' lang='lat' dir='ltr'>Militi,</span> <span class='ocrx_word' id='word_1_839' title='bbox 2145 1242 2179 1274; x_wconf 89' lang='lat'>&amp;</span> <span class='ocrx_word' id='word_1_840' title='bbox 2201 1228 2347 1280; x_wconf 61' lang='lat' dir='ltr'>Magistri}</span> <span class='ocrx_word' id='word_1_841' title='bbox 2365 1263 2380 1281; x_wconf 81' lang='lat'>2</span> <span class='ocrx_word' id='word_1_842' title='bbox 2397 1226 2493 1285; x_wconf 39' lang='grc' dir='ltr'>’ῥῖψ’</span> 
     </span>
     <span class='ocr_line' id='line_1_126' title="bbox 1268 1275 2494 1325; baseline 0.001 -13"><span class='ocrx_word' id='word_1_843' title='bbox 1268 1280 1425 1312; x_wconf 86' lang='lat' dir='ltr'>Edmundo</span> <span class='ocrx_word' id='word_1_844' title='bbox 1435 1280 1472 1311; x_wconf 90' lang='lat' dir='ltr'>de</span> <span class='ocrx_word' id='word_1_845' title='bbox 1489 1280 1644 1325; x_wconf 73' lang='lat' dir='ltr'>londoniis</span> <span class='ocrx_word' id='word_1_846' title='bbox 1659 1279 1793 1325; x_wconf 75' lang='lat' dir='ltr'>Clerim,</span> <span class='ocrx_word' id='word_1_847' title='bbox 1809 1281 1980 1319; x_wconf 75' lang='lat' dir='ltr'>injunximus</span> <span class='ocrx_word' id='word_1_848' title='bbox 1993 1280 2092 1319; x_wconf 89' lang='lat' dir='ltr'>vobis,</span> <span class='ocrx_word' id='word_1_849' title='bbox 2109 1289 2228 1320; x_wconf 86' lang='lat' dir='ltr'>exparte</span> <span class='ocrx_word' id='word_1_850' title='bbox 2240 1281 2347 1323; x_wconf 65' lang='lat' dir='ltr'>nostra,</span> <span class='ocrx_word' id='word_1_851' title='bbox 2385 1275 2392 1283; x_wconf 76' lang='grc'><strong>’</strong></span> <span class='ocrx_word' id='word_1_852' title='bbox 2431 1277 2437 1285; x_wconf 87' lang='grc'><strong>’</strong></span> <span class='ocrx_word' id='word_1_853' title='bbox 2487 1277 2494 1285; x_wconf 80' lang='grc'><strong><em>’</em></strong></span> 
     </span>
     <span class='ocr_line' id='line_1_127' title="bbox 1267 1319 2347 1403; baseline 0.001 -13"><span class='ocrx_word' id='word_1_854' title='bbox 1267 1319 1437 1391; x_wconf 47' lang='grc' dir='ltr'>αῗῖῗέξὲζῐξ</span> <span class='ocrx_word' id='word_1_855' title='bbox 1448 1319 1827 1403; x_wconf 48' lang='grc' dir='ltr'>(ἒέῑῖυτὲῖὶέἔῖἆξὲἕόηω</span> <span class='ocrx_word' id='word_1_856' title='bbox 1842 1355 2008 1402; x_wconf 62' lang='lat' dir='ltr'>⁸affedhofis</span> <span class='ocrx_word' id='word_1_857' title='bbox 2025 1357 2157 1395; x_wconf 86' lang='lat' dir='ltr'>precibus</span> <span class='ocrx_word' id='word_1_858' title='bbox 2177 1359 2347 1398; x_wconf 68' lang='lat' dir='ltr'>requirentes</span> 
     </span>
     <span class='ocr_line' id='line_1_128' title="bbox 1271 1395 2347 1438; baseline 0.002 -10"><span class='ocrx_word' id='word_1_859' title='bbox 1271 1397 1306 1429; x_wconf 91' lang='lat'>&amp;</span> <span class='ocrx_word' id='word_1_860' title='bbox 1319 1405 1465 1436; x_wconf 77' lang='lat' dir='ltr'>roganteS,</span> <span class='ocrx_word' id='word_1_861' title='bbox 1484 1405 1610 1436; x_wconf 80' lang='lat' dir='ltr'>quatinus</span> <span class='ocrx_word' id='word_1_862' title='bbox 1624 1396 1760 1435; x_wconf 76' lang='lat' dir='ltr'>praefirus,</span> <span class='ocrx_word' id='word_1_863' title='bbox 1779 1395 1870 1426; x_wconf 72' lang='lat' dir='ltr'>Militi</span> <span class='ocrx_word' id='word_1_864' title='bbox 1884 1396 1918 1426; x_wconf 73' lang='grc' dir='ltr'>δε</span> <span class='ocrx_word' id='word_1_865' title='bbox 1931 1395 2067 1435; x_wconf 89' lang='lat' dir='ltr'>Clerico,</span> <span class='ocrx_word' id='word_1_866' title='bbox 2083 1396 2117 1428; x_wconf 89' lang='lat'>&amp;</span> <span class='ocrx_word' id='word_1_867' title='bbox 2137 1406 2239 1428; x_wconf 82' lang='lat' dir='ltr'>eorum</span> <span class='ocrx_word' id='word_1_868' title='bbox 2251 1398 2347 1438; x_wconf 87' lang='lat' dir='ltr'>alteri,</span> 
     </span>
     <span class='ocr_line' id='line_1_129' title="bbox 1269 1434 2346 1483; baseline 0.002 -16"><span class='ocrx_word' id='word_1_869' title='bbox 1269 1437 1300 1467; x_wconf 93' lang='lat' dir='ltr'>in</span> <span class='ocrx_word' id='word_1_870' title='bbox 1314 1436 1385 1475; x_wconf 85' lang='lat' dir='ltr'>hiis,</span> <span class='ocrx_word' id='word_1_871' title='bbox 1422 1445 1467 1483; x_wconf 63' lang='lat' dir='ltr'>uae</span> <span class='ocrx_word' id='word_1_872' title='bbox 1481 1435 1550 1480; x_wconf 83' lang='lat' dir='ltr'>ipfi,</span> <span class='ocrx_word' id='word_1_873' title='bbox 1565 1435 1614 1480; x_wconf 75' lang='lat' dir='ltr'>vel</span> <span class='ocrx_word' id='word_1_874' title='bbox 1639 1444 1740 1466; x_wconf 89' lang='lat' dir='ltr'>eorum</span> <span class='ocrx_word' id='word_1_875' title='bbox 1754 1435 1838 1474; x_wconf 87' lang='lat' dir='ltr'>alter,</span> <span class='ocrx_word' id='word_1_876' title='bbox 1858 1444 1908 1466; x_wconf 91' lang='lat' dir='ltr'>vos</span> <span class='ocrx_word' id='word_1_877' title='bbox 1928 1434 2085 1478; x_wconf 78' lang='lat' dir='ltr'>requirent,</span> <span class='ocrx_word' id='word_1_878' title='bbox 2103 1434 2148 1465; x_wconf 86' lang='lat' dir='ltr'>vel</span> <span class='ocrx_word' id='word_1_879' title='bbox 2171 1437 2292 1474; x_wconf 83' lang='lat' dir='ltr'>requiret</span> <span class='ocrx_word' id='word_1_880' title='bbox 2309 1444 2346 1469; x_wconf 79' lang='lat' dir='ltr'>ex</span> 
     </span>
     <span class='ocr_line' id='line_1_130' title="bbox 1268 1472 2346 1559; baseline -0.005 -14"><span class='ocrx_word' id='word_1_881' title='bbox 1268 1483 1428 1559; x_wconf 51' lang='lat' dir='ltr'>ffiitgossi&#39;m</span> <span class='ocrx_word' id='word_1_882' title='bbox 1441 1474 1585 1558; x_wconf 54' lang='grc' dir='ltr'>ἓιίςὲξὲἑω</span> <span class='ocrx_word' id='word_1_883' title='bbox 1590 1473 1690 1557; x_wconf 39' lang='lat' dir='ltr'>figitis</span> <span class='ocrx_word' id='word_1_884' title='bbox 1699 1472 1850 1551; x_wconf 51' lang='lat' dir='ltr'>pcrffiffffi?</span> <span class='ocrx_word' id='word_1_885' title='bbox 1857 1472 2346 1557; x_wconf 41' lang='grc' dir='ltr'>,ἔῶηέἓῗῡῖᾈὲἆεῖἒῖᾌῖἓωῗὲἐῗῖῧὲ’</span> 
     </span>
     <span class='ocr_line' id='line_1_131' title="bbox 1269 1536 1982 1598; baseline -0.003 -14"><span class='ocrx_word' id='word_1_886' title='bbox 1269 1561 1298 1585; x_wconf 85' lang='lat' dir='ltr'>ta</span> <span class='ocrx_word' id='word_1_887' title='bbox 1309 1552 1396 1583; x_wconf 88' lang='lat' dir='ltr'>nostri</span> <span class='ocrx_word' id='word_1_888' title='bbox 1411 1551 1508 1583; x_wconf 88' lang='lat' dir='ltr'>cordis</span> <span class='ocrx_word' id='word_1_889' title='bbox 1519 1536 1702 1598; x_wconf 67' lang='lat' dir='ltr'>desiderium,</span> <span class='ocrx_word' id='word_1_890' title='bbox 1718 1561 1806 1589; x_wconf 87' lang='lat' dir='ltr'>opere</span> <span class='ocrx_word' id='word_1_891' title='bbox 1819 1550 1982 1595; x_wconf 74' lang='lat' dir='ltr'>adimplere.</span> 
     </span>
     <span class='ocr_line' id='line_1_132' title="bbox 1308 1588 2345 1630; baseline 0.001 -8"><span class='ocrx_word' id='word_1_892' title='bbox 1308 1590 1407 1622; x_wconf 87' lang='lat' dir='ltr'>Vestra</span> <span class='ocrx_word' id='word_1_893' title='bbox 1417 1589 1608 1630; x_wconf 86' lang='lat' dir='ltr'>beneplacita,</span> <span class='ocrx_word' id='word_1_894' title='bbox 1624 1600 1655 1620; x_wconf 90' lang='lat' dir='ltr'>in</span> <span class='ocrx_word' id='word_1_895' title='bbox 1667 1590 1723 1621; x_wconf 88' lang='lat' dir='ltr'>hac</span> <span class='ocrx_word' id='word_1_896' title='bbox 1739 1597 1830 1628; x_wconf 89' lang='lat' dir='ltr'>parte,</span> <span class='ocrx_word' id='word_1_897' title='bbox 1849 1590 1886 1620; x_wconf 92' lang='lat' dir='ltr'>de</span> <span class='ocrx_word' id='word_1_898' title='bbox 1900 1590 2001 1628; x_wconf 90' lang='lat' dir='ltr'>quibus</span> <span class='ocrx_word' id='word_1_899' title='bbox 2013 1588 2175 1620; x_wconf 79' lang='lat' dir='ltr'>feffinanter</span> <span class='ocrx_word' id='word_1_900' title='bbox 2195 1589 2277 1622; x_wconf 84' lang='lat' dir='ltr'>reddi</span> <span class='ocrx_word' id='word_1_901' title='bbox 2293 1600 2345 1623; x_wconf 89' lang='lat' dir='ltr'>cu-</span> 
     </span>
     <span class='ocr_line' id='line_1_133' title="bbox 1270 1627 2346 1669; baseline 0.001 -8"><span class='ocrx_word' id='word_1_902' title='bbox 1270 1630 1363 1669; x_wconf 83' lang='lat' dir='ltr'>pimus</span> <span class='ocrx_word' id='word_1_903' title='bbox 1374 1630 1526 1669; x_wconf 86' lang='lat' dir='ltr'>certiores,</span> <span class='ocrx_word' id='word_1_904' title='bbox 1551 1629 1633 1660; x_wconf 90' lang='lat' dir='ltr'>nobis</span> <span class='ocrx_word' id='word_1_905' title='bbox 1647 1638 1697 1668; x_wconf 90' lang='lat' dir='ltr'>per</span> <span class='ocrx_word' id='word_1_906' title='bbox 1712 1627 1821 1667; x_wconf 59' lang='lat' dir='ltr'>didos,</span> <span class='ocrx_word' id='word_1_907' title='bbox 1848 1627 1978 1659; x_wconf 90' lang='lat' dir='ltr'>Militem</span> <span class='ocrx_word' id='word_1_908' title='bbox 1991 1628 2026 1660; x_wconf 90' lang='lat'>&amp;</span> <span class='ocrx_word' id='word_1_909' title='bbox 2048 1627 2214 1669; x_wconf 87' lang='lat' dir='ltr'>Clericum,</span> <span class='ocrx_word' id='word_1_910' title='bbox 2230 1629 2277 1661; x_wconf 91' lang='lat' dir='ltr'>vel</span> <span class='ocrx_word' id='word_1_911' title='bbox 2294 1640 2346 1662; x_wconf 78' lang='lat' dir='ltr'>eo-</span> 
     </span>
     <span class='ocr_line' id='line_1_134' title="bbox 1271 1666 2250 1708; baseline 0 -7"><span class='ocrx_word' id='word_1_912' title='bbox 1271 1679 1336 1701; x_wconf 88' lang='lat' dir='ltr'>rum</span> <span class='ocrx_word' id='word_1_913' title='bbox 1350 1668 1482 1707; x_wconf 86' lang='lat' dir='ltr'>alterum,</span> <span class='ocrx_word' id='word_1_914' title='bbox 1496 1675 1565 1700; x_wconf 88' lang='lat' dir='ltr'>cum</span> <span class='ocrx_word' id='word_1_915' title='bbox 1579 1668 1717 1700; x_wconf 87' lang='lat' dir='ltr'>celeritate</span> <span class='ocrx_word' id='word_1_916' title='bbox 1730 1666 1863 1707; x_wconf 69' lang='lat' dir='ltr'>gratuita,</span> <span class='ocrx_word' id='word_1_917' title='bbox 1885 1667 1906 1698; x_wconf 84' lang='lat' dir='ltr'>si</span> <span class='ocrx_word' id='word_1_918' title='bbox 1920 1666 2045 1708; x_wconf 65' lang='lat' dir='ltr'>placent,</span> <span class='ocrx_word' id='word_1_919' title='bbox 2061 1666 2250 1701; x_wconf 83' lang='lat' dir='ltr'>rescribentes.</span> 
     </span>
    </p>
   </div>
   <div class='ocr_carea' id='block_1_38' title="bbox 2364 1104 2462 1138">
    <p class='ocr_par' dir='ltr' id='par_1_54' title="bbox 2364 1104 2462 1138">
     <span class='ocr_line' id='line_1_135' title="bbox 2364 1104 2462 1138; baseline 0.01 -9"><span class='ocrx_word' id='word_1_920' title='bbox 2364 1104 2416 1129; x_wconf 79' lang='lat' dir='ltr'>An.</span> <span class='ocrx_word' id='word_1_921' title='bbox 2431 1111 2462 1138; x_wconf 84' lang='lat'>5.</span> 
     </span>
    </p>
   </div>
   <div class='ocr_carea' id='block_1_39' title="bbox 1306 1743 1821 1779">
    <p class='ocr_par' dir='ltr' id='par_1_55' title="bbox 1306 1743 1821 1779">
     <span class='ocr_line' id='line_1_136' title="bbox 1306 1743 1821 1779; baseline -0.006 0"><span class='ocrx_word' id='word_1_922' title='bbox 1306 1745 1376 1779; x_wconf 92' lang='lat' dir='ltr'>Dat.</span> <span class='ocrx_word' id='word_1_923' title='bbox 1393 1744 1527 1778; x_wconf 88' lang='lat' dir='ltr'>London.</span> <span class='ocrx_word' id='word_1_924' title='bbox 1548 1754 1594 1776; x_wconf 84' lang='grc' dir='ltr'>ιο.</span> <span class='ocrx_word' id='word_1_925' title='bbox 1611 1744 1660 1776; x_wconf 90' lang='lat' dir='ltr'>die</span> <span class='ocrx_word' id='word_1_926' title='bbox 1674 1743 1821 1777; x_wconf 72' lang='lat' dir='ltr'>oetobris.</span> 
     </span>
    </p>
   </div>
   <div class='ocr_carea' id='block_1_40' title="bbox 1458 1878 2138 1930">
    <p class='ocr_par' dir='ltr' id='par_1_56' title="bbox 1458 1878 2138 1930">
     <span class='ocr_line' id='line_1_137' title="bbox 1458 1878 2138 1930; baseline -0.003 -13"><span class='ocrx_word' id='word_1_927' title='bbox 1458 1881 1519 1917; x_wconf 85' lang='lat' dir='ltr'>Ad</span> <span class='ocrx_word' id='word_1_928' title='bbox 1538 1884 1647 1930; x_wconf 84' lang='lat' dir='ltr'>Regem</span> <span class='ocrx_word' id='word_1_929' title='bbox 1671 1883 1805 1916; x_wconf 80' lang='lat' dir='ltr'>Franciae</span> <span class='ocrx_word' id='word_1_930' title='bbox 1827 1878 1864 1914; x_wconf 77' lang='lat' dir='ltr'>de</span> <span class='ocrx_word' id='word_1_931' title='bbox 1885 1888 1996 1914; x_wconf 83' lang='lat' dir='ltr'>mutua</span> <span class='ocrx_word' id='word_1_932' title='bbox 2017 1879 2138 1924; x_wconf 68' lang='lat' dir='ltr'>visione.</span> 
     </span>
    </p>
   </div>
   <div class='ocr_carea' id='block_1_41' title="bbox 1262 1964 2560 2707">
    <p class='ocr_par' dir='ltr' id='par_1_57' title="bbox 1265 1964 2560 2119">
     <span class='ocr_line' id='line_1_138' title="bbox 1269 1964 2483 2032; baseline -0.003 -31"><span class='ocrx_word' id='word_1_933' title='bbox 1269 1967 1558 2032; x_wconf 85' lang='lat' dir='ltr'>EXcellentiffimo</span> <span class='ocrx_word' id='word_1_934' title='bbox 1573 1967 1717 2008; x_wconf 88' lang='lat' dir='ltr'>Principi,</span> <span class='ocrx_word' id='word_1_935' title='bbox 1734 1966 1869 1998; x_wconf 90' lang='lat' dir='ltr'>Domino</span> <span class='ocrx_word' id='word_1_936' title='bbox 1883 1976 1918 1998; x_wconf 91' lang='lat' dir='ltr'>ac</span> <span class='ocrx_word' id='word_1_937' title='bbox 1940 1964 2017 1997; x_wconf 70' lang='lat' dir='ltr'>Pam*</span> <span class='ocrx_word' id='word_1_938' title='bbox 2033 1965 2084 1997; x_wconf 90' lang='lat' dir='ltr'>suo</span> <span class='ocrx_word' id='word_1_939' title='bbox 2098 1965 2243 1998; x_wconf 84' lang='lat' dir='ltr'>kariffimo</span> <span class='ocrx_word' id='word_1_940' title='bbox 2275 1964 2344 1998; x_wconf 88' lang='lat' dir='ltr'>Do-</span> <span class='ocrx_word' id='word_1_941' title='bbox 2361 1977 2408 2011; x_wconf 74' lang='lat' dir='ltr'>An</span> <span class='ocrx_word' id='word_1_942' title='bbox 2450 1977 2483 2014; x_wconf 72' lang='lat' dir='ltr'><strong>D</strong></span> 
     </span>
     <span class='ocr_line' id='line_1_139' title="bbox 1348 1988 2560 2052; baseline -0.003 -12"><span class='ocrx_word' id='word_1_943' title='bbox 1348 2009 1428 2052; x_wconf 82' lang='lat' dir='ltr'>mino</span> <span class='ocrx_word' id='word_1_944' title='bbox 1442 2007 1596 2052; x_wconf 81' lang='lat' dir='ltr'>Philippo,</span> <span class='ocrx_word' id='word_1_945' title='bbox 1613 2007 1671 2038; x_wconf 89' lang='lat' dir='ltr'>Dei</span> <span class='ocrx_word' id='word_1_946' title='bbox 1685 2006 1791 2045; x_wconf 73' lang='lat' dir='ltr'>gratia,</span> <span class='ocrx_word' id='word_1_947' title='bbox 1812 2005 1889 2043; x_wconf 87' lang='lat' dir='ltr'>Regi</span> <span class='ocrx_word' id='word_1_948' title='bbox 1906 2005 2078 2036; x_wconf 83' lang='lat' dir='ltr'>Francorum</span> <span class='ocrx_word' id='word_1_949' title='bbox 2092 2004 2207 2044; x_wconf 87' lang='lat' dir='ltr'>Illustri,</span> <span class='ocrx_word' id='word_1_950' title='bbox 2226 1989 2342 2037; x_wconf 53' lang='lat' dir='ltr'>Efflwar-</span> <span class='ocrx_word' id='word_1_951' title='bbox 2382 2028 2396 2050; x_wconf 57' lang='grc' dir='ltr'><strong>ι</strong></span> <span class='ocrx_word' id='word_1_952' title='bbox 2409 1988 2454 2052; x_wconf 56' lang='lat' dir='ltr'>nix</span> <span class='ocrx_word' id='word_1_953' title='bbox 2480 2004 2491 2012; x_wconf 84' lang='grc'><strong><em>’</em></strong></span> <span class='ocrx_word' id='word_1_954' title='bbox 2556 2003 2560 2011; x_wconf 82' lang='grc'><strong>”</strong></span> 
     </span>
     <span class='ocr_line' id='line_1_140' title="bbox 1267 2027 2466 2118; baseline -0.003 -39"><span class='ocrx_word' id='word_1_955' title='bbox 1267 2047 1476 2118; x_wconf 48' lang='lat' dir='ltr'>duskgejfusdem</span> <span class='ocrx_word' id='word_1_956' title='bbox 1497 2046 1601 2087; x_wconf 60' lang='lat' dir='ltr'>graui,</span> <span class='ocrx_word' id='word_1_957' title='bbox 1617 2047 1680 2078; x_wconf 88' lang='lat' dir='ltr'>&amp;c.</span> <span class='ocrx_word' id='word_1_958' title='bbox 1696 2045 1827 2084; x_wconf 70' lang='lat' dir='ltr'>salutem,</span> <span class='ocrx_word' id='word_1_959' title='bbox 1843 2045 1895 2084; x_wconf 87' lang='lat'>&amp;,</span> <span class='ocrx_word' id='word_1_960' title='bbox 1911 2042 1947 2076; x_wconf 83' lang='lat' dir='ltr'>ad</span> <span class='ocrx_word' id='word_1_961' title='bbox 1968 2051 2052 2083; x_wconf 85' lang='lat' dir='ltr'>vota,</span> <span class='ocrx_word' id='word_1_962' title='bbox 2071 2043 2209 2076; x_wconf 72' lang='lat' dir='ltr'>successus</span> <span class='ocrx_word' id='word_1_963' title='bbox 2227 2044 2343 2084; x_wconf 83' lang='lat' dir='ltr'>prospe-</span> <span class='ocrx_word' id='word_1_964' title='bbox 2357 2027 2416 2088; x_wconf 59' lang='lat' dir='ltr'>An3</span> <span class='ocrx_word' id='word_1_965' title='bbox 2429 2043 2466 2096; x_wconf 55' lang='grc' dir='ltr'>ἲ]</span> 
     </span>
     <span class='ocr_line' id='line_1_141' title="bbox 1265 2096 1477 2119; baseline -0.009 0"><span class='ocrx_word' id='word_1_966' title='bbox 1265 2096 1312 2119; x_wconf 83' lang='lat' dir='ltr'>ros</span> <span class='ocrx_word' id='word_1_967' title='bbox 1384 2096 1401 2117; x_wconf 91' lang='lat' dir='ltr'>e</span> <span class='ocrx_word' id='word_1_968' title='bbox 1411 2096 1477 2118; x_wconf 86' lang='lat' dir='ltr'>ices.</span> 
     </span>
    </p>

    <p class='ocr_par' dir='ltr' id='par_1_58' title="bbox 1265 2100 2493 2273">
     <span class='ocr_line' id='line_1_142' title="bbox 1304 2100 2479 2171; baseline -0.002 -15"><span class='ocrx_word' id='word_1_969' title='bbox 1304 2125 1426 2156; x_wconf 90' lang='lat' dir='ltr'>Summo</span> <span class='ocrx_word' id='word_1_970' title='bbox 1441 2124 1578 2156; x_wconf 86' lang='lat' dir='ltr'>defiderio</span> <span class='ocrx_word' id='word_1_971' title='bbox 1597 2123 1746 2163; x_wconf 85' lang='lat' dir='ltr'>ducimur,</span> <span class='ocrx_word' id='word_1_972' title='bbox 1769 2123 1803 2154; x_wconf 92' lang='lat'>&amp;</span> <span class='ocrx_word' id='word_1_973' title='bbox 1824 2122 1898 2154; x_wconf 89' lang='lat' dir='ltr'>votis</span> <span class='ocrx_word' id='word_1_974' title='bbox 1917 2120 2090 2153; x_wconf 83' lang='lat' dir='ltr'>ferventibus</span> <span class='ocrx_word' id='word_1_975' title='bbox 2109 2120 2291 2162; x_wconf 65' lang='lat' dir='ltr'>affiamus,</span> <span class='ocrx_word' id='word_1_976' title='bbox 2309 2129 2340 2155; x_wconf 87' lang='lat' dir='ltr'>ut</span> <span class='ocrx_word' id='word_1_977' title='bbox 2357 2100 2479 2171; x_wconf 40' lang='lat'>1⁴:25⁸&amp;</span> 
     </span>
     <span class='ocr_line' id='line_1_143' title="bbox 1265 2157 2483 2204; baseline -0.004 -8"><span class='ocrx_word' id='word_1_978' title='bbox 1265 2172 1390 2204; x_wconf 79' lang='lat' dir='ltr'>paternae</span> <span class='ocrx_word' id='word_1_979' title='bbox 1404 2163 1516 2195; x_wconf 78' lang='lat' dir='ltr'>visionis</span> <span class='ocrx_word' id='word_1_980' title='bbox 1533 2163 1683 2194; x_wconf 89' lang='lat' dir='ltr'>dulcedine</span> <span class='ocrx_word' id='word_1_981' title='bbox 1698 2161 1799 2194; x_wconf 81' lang='lat' dir='ltr'>vestrae</span> <span class='ocrx_word' id='word_1_982' title='bbox 1813 2161 2014 2192; x_wconf 77' lang='lat' dir='ltr'>benivolentiae</span> <span class='ocrx_word' id='word_1_983' title='bbox 2033 2160 2118 2192; x_wconf 88' lang='lat' dir='ltr'>Filius</span> <span class='ocrx_word' id='word_1_984' title='bbox 2130 2161 2217 2192; x_wconf 87' lang='lat' dir='ltr'>valeat</span> <span class='ocrx_word' id='word_1_985' title='bbox 2231 2170 2339 2193; x_wconf 86' lang='lat' dir='ltr'>recrea-</span> <span class='ocrx_word' id='word_1_986' title='bbox 2355 2178 2388 2202; x_wconf 79' lang='lat' dir='ltr'>Fr</span> <span class='ocrx_word' id='word_1_987' title='bbox 2421 2157 2429 2165; x_wconf 76' lang='lat'><em>⁰</em></span> <span class='ocrx_word' id='word_1_988' title='bbox 2461 2179 2483 2204; x_wconf 67' lang='grc' dir='ltr'><strong><em>Ε</em></strong></span> 
     </span>
     <span class='ocr_line' id='line_1_144' title="bbox 1266 2183 2493 2273; baseline -0.006 -1"><span class='ocrx_word' id='word_1_989' title='bbox 1266 2201 1963 2273; x_wconf 51' lang='lat' dir='ltr'>fflhfssifsscissssnege‘ss‘issziwssaffissoes‘ffigffl’</span> <span class='ocrx_word' id='word_1_990' title='bbox 1982 2208 2013 2231; x_wconf 68' lang='lat'>‘³‘</span> <span class='ocrx_word' id='word_1_991' title='bbox 2032 2199 2188 2238; x_wconf 73' lang='lat' dir='ltr'>speramus,</span> <span class='ocrx_word' id='word_1_992' title='bbox 2204 2198 2339 2233; x_wconf 60' lang='lat' dir='ltr'>aeram-</span> <span class='ocrx_word' id='word_1_993' title='bbox 2357 2183 2493 2247; x_wconf 41' lang='lat' dir='ltr'>ens-&#39;²02</span> 
     </span>
    </p>

    <p class='ocr_par' dir='ltr' id='par_1_59' title="bbox 1266 2250 2337 2391">
     <span class='ocr_line' id='line_1_145' title="bbox 1302 2250 2337 2316; baseline -0.002 -6"><span class='ocrx_word' id='word_1_994' title='bbox 1302 2279 1370 2310; x_wconf 87' lang='lat' dir='ltr'>Hoc</span> <span class='ocrx_word' id='word_1_995' title='bbox 1385 2288 1478 2310; x_wconf 88' lang='lat' dir='ltr'>autem</span> <span class='ocrx_word' id='word_1_996' title='bbox 1488 2251 1638 2316; x_wconf 63' lang='lat' dir='ltr'>&#39;Nliagistro</span> <span class='ocrx_word' id='word_1_997' title='bbox 1649 2250 1746 2308; x_wconf 84' lang='lat' dir='ltr'>gPetro</span> <span class='ocrx_word' id='word_1_998' title='bbox 1760 2261 1795 2306; x_wconf 71' lang='lat' dir='ltr'>&lt;se</span> <span class='ocrx_word' id='word_1_999' title='bbox 1817 2275 1965 2307; x_wconf 76' lang='lat' dir='ltr'>Latilliaco</span> <span class='ocrx_word' id='word_1_1000' title='bbox 1986 2273 2198 2305; x_wconf 89' lang='lat' dir='ltr'>Archidiacono</span> <span class='ocrx_word' id='word_1_1001' title='bbox 2214 2274 2337 2308; x_wconf 65' lang='lat' dir='ltr'>Sueffio·</span> 
     </span>
     <span class='ocr_line' id='line_1_146' title="bbox 1266 2311 2337 2355; baseline -0.001 -7"><span class='ocrx_word' id='word_1_1002' title='bbox 1266 2318 1344 2349; x_wconf 82' lang='lat' dir='ltr'>nensi</span> <span class='ocrx_word' id='word_1_1003' title='bbox 1359 2317 1477 2348; x_wconf 89' lang='lat' dir='ltr'>Clerico</span> <span class='ocrx_word' id='word_1_1004' title='bbox 1491 2317 1599 2355; x_wconf 89' lang='lat' dir='ltr'>vestro,</span> <span class='ocrx_word' id='word_1_1005' title='bbox 1616 2317 1649 2347; x_wconf 92' lang='lat'>&amp;</span> <span class='ocrx_word' id='word_1_1006' title='bbox 1664 2315 1722 2346; x_wconf 86' lang='lat' dir='ltr'>aliis</span> <span class='ocrx_word' id='word_1_1007' title='bbox 1735 2314 1862 2351; x_wconf 86' lang='lat' dir='ltr'>Collegis</span> <span class='ocrx_word' id='word_1_1008' title='bbox 1872 2313 1941 2353; x_wconf 87' lang='lat' dir='ltr'>suis,</span> <span class='ocrx_word' id='word_1_1009' title='bbox 1957 2311 1993 2344; x_wconf 88' lang='lat' dir='ltr'>ad</span> <span class='ocrx_word' id='word_1_1010' title='bbox 2011 2322 2064 2343; x_wconf 83' lang='lat' dir='ltr'>nos</span> <span class='ocrx_word' id='word_1_1011' title='bbox 2075 2322 2144 2344; x_wconf 88' lang='lat' dir='ltr'>cum</span> <span class='ocrx_word' id='word_1_1012' title='bbox 2162 2313 2271 2346; x_wconf 79' lang='lat' dir='ltr'>Litteris</span> <span class='ocrx_word' id='word_1_1013' title='bbox 2286 2325 2337 2347; x_wconf 85' lang='lat' dir='ltr'>ve-</span> 
     </span>
     <span class='ocr_line' id='line_1_147' title="bbox 1267 2350 2092 2391; baseline -0.006 -3"><span class='ocrx_word' id='word_1_1014' title='bbox 1267 2357 1328 2388; x_wconf 88' lang='lat' dir='ltr'>stris</span> <span class='ocrx_word' id='word_1_1015' title='bbox 1339 2357 1376 2387; x_wconf 90' lang='lat' dir='ltr'>de</span> <span class='ocrx_word' id='word_1_1016' title='bbox 1389 2355 1543 2387; x_wconf 85' lang='lat' dir='ltr'>Credentia</span> <span class='ocrx_word' id='word_1_1017' title='bbox 1557 2355 1750 2391; x_wconf 80' lang='lat' dir='ltr'>venientibus,</span> <span class='ocrx_word' id='word_1_1018' title='bbox 1767 2352 1896 2383; x_wconf 87' lang='lat' dir='ltr'>duximus</span> <span class='ocrx_word' id='word_1_1019' title='bbox 1905 2350 2092 2384; x_wconf 83' lang='lat' dir='ltr'>reserandum.</span> 
     </span>
    </p>

    <p class='ocr_par' dir='ltr' id='par_1_60' title="bbox 1267 2390 2339 2474">
     <span class='ocr_line' id='line_1_148' title="bbox 1305 2390 2339 2436; baseline -0.002 -10"><span class='ocrx_word' id='word_1_1020' title='bbox 1305 2395 1419 2436; x_wconf 85' lang='lat' dir='ltr'>Qibus</span> <span class='ocrx_word' id='word_1_1021' title='bbox 1432 2396 1520 2426; x_wconf 87' lang='lat' dir='ltr'>etiam</span> <span class='ocrx_word' id='word_1_1022' title='bbox 1531 2393 1656 2425; x_wconf 86' lang='lat' dir='ltr'>Nunciis</span> <span class='ocrx_word' id='word_1_1023' title='bbox 1671 2391 1781 2436; x_wconf 79' lang='lat' dir='ltr'>vestris,</span> <span class='ocrx_word' id='word_1_1024' title='bbox 1799 2390 1892 2430; x_wconf 90' lang='lat' dir='ltr'>quoad</span> <span class='ocrx_word' id='word_1_1025' title='bbox 1907 2391 1958 2423; x_wconf 90' lang='lat' dir='ltr'>alia</span> <span class='ocrx_word' id='word_1_1026' title='bbox 1972 2391 2106 2429; x_wconf 81' lang='lat' dir='ltr'>negotia,</span> <span class='ocrx_word' id='word_1_1027' title='bbox 2121 2391 2206 2422; x_wconf 87' lang='lat' dir='ltr'>nobis</span> <span class='ocrx_word' id='word_1_1028' title='bbox 2219 2391 2339 2430; x_wconf 66' lang='lat' dir='ltr'>exposita</span> 
     </span>
     <span class='ocr_line' id='line_1_149' title="bbox 1267 2429 2200 2474; baseline -0.008 -8"><span class='ocrx_word' id='word_1_1029' title='bbox 1267 2444 1317 2474; x_wconf 87' lang='lat' dir='ltr'>per</span> <span class='ocrx_word' id='word_1_1030' title='bbox 1333 2434 1463 2473; x_wconf 90' lang='lat' dir='ltr'>eosdem,</span> <span class='ocrx_word' id='word_1_1031' title='bbox 1481 2432 1583 2464; x_wconf 82' lang='lat' dir='ltr'>nostrae</span> <span class='ocrx_word' id='word_1_1032' title='bbox 1598 2432 1761 2463; x_wconf 88' lang='lat' dir='ltr'>intentionis</span> <span class='ocrx_word' id='word_1_1033' title='bbox 1774 2429 1946 2469; x_wconf 87' lang='lat' dir='ltr'>propositum</span> <span class='ocrx_word' id='word_1_1034' title='bbox 1961 2429 2082 2461; x_wconf 88' lang='lat' dir='ltr'>fecimus</span> <span class='ocrx_word' id='word_1_1035' title='bbox 2093 2430 2200 2468; x_wconf 87' lang='lat' dir='ltr'>aperiri.</span> 
     </span>
    </p>

    <p class='ocr_par' dir='ltr' id='par_1_61' title="bbox 1262 2467 2359 2707">
     <span class='ocr_line' id='line_1_150' title="bbox 1306 2467 2339 2511; baseline -0.005 -6"><span class='ocrx_word' id='word_1_1036' title='bbox 1306 2473 1342 2505; x_wconf 88' lang='lat' dir='ltr'>Et</span> <span class='ocrx_word' id='word_1_1037' title='bbox 1355 2472 1579 2511; x_wconf 87' lang='lat' dir='ltr'>nichilominus,</span> <span class='ocrx_word' id='word_1_1038' title='bbox 1592 2471 1620 2502; x_wconf 92' lang='lat' dir='ltr'>su</span> <span class='ocrx_word' id='word_1_1039' title='bbox 1641 2480 1670 2501; x_wconf 89' lang='lat' dir='ltr'>er</span> <span class='ocrx_word' id='word_1_1040' title='bbox 1682 2470 1745 2508; x_wconf 73' lang='lat' dir='ltr'>ipsis</span> <span class='ocrx_word' id='word_1_1041' title='bbox 1764 2479 1783 2499; x_wconf 95' lang='lat' dir='ltr'>n</span> <span class='ocrx_word' id='word_1_1042' title='bbox 1818 2469 1898 2508; x_wconf 89' lang='lat' dir='ltr'>otiis,</span> <span class='ocrx_word' id='word_1_1043' title='bbox 1912 2478 1980 2500; x_wconf 90' lang='lat' dir='ltr'>cum</span> <span class='ocrx_word' id='word_1_1044' title='bbox 2000 2467 2137 2507; x_wconf 80' lang='lat' dir='ltr'>Praelatis,</span> <span class='ocrx_word' id='word_1_1045' title='bbox 2156 2467 2339 2509; x_wconf 85' lang='lat' dir='ltr'>Comitibus,</span> 
     </span>
     <span class='ocr_line' id='line_1_151' title="bbox 1266 2505 2340 2553; baseline -0.004 -9"><span class='ocrx_word' id='word_1_1046' title='bbox 1266 2512 1438 2550; x_wconf 89' lang='lat' dir='ltr'>Baronibus,</span> <span class='ocrx_word' id='word_1_1047' title='bbox 1456 2511 1490 2542; x_wconf 87' lang='lat'>&amp;</span> <span class='ocrx_word' id='word_1_1048' title='bbox 1505 2511 1612 2541; x_wconf 76' lang='lat' dir='ltr'>caeteris</span> <span class='ocrx_word' id='word_1_1049' title='bbox 1649 2508 1792 2553; x_wconf 77' lang='lat' dir='ltr'>roceribus</span> <span class='ocrx_word' id='word_1_1050' title='bbox 1836 2508 1904 2546; x_wconf 85' lang='lat' dir='ltr'>egni</span> <span class='ocrx_word' id='word_1_1051' title='bbox 1916 2507 2018 2546; x_wconf 89' lang='lat' dir='ltr'>nostri,</span> <span class='ocrx_word' id='word_1_1052' title='bbox 2035 2505 2098 2545; x_wconf 86' lang='lat' dir='ltr'>post</span> <span class='ocrx_word' id='word_1_1053' title='bbox 2112 2506 2211 2538; x_wconf 84' lang='lat' dir='ltr'>instans</span> <span class='ocrx_word' id='word_1_1054' title='bbox 2225 2507 2340 2540; x_wconf 81' lang='lat' dir='ltr'>Festum</span> 
     </span>
     <span class='ocr_line' id='line_1_152' title="bbox 1267 2545 2339 2588; baseline -0.007 -5"><span class='ocrx_word' id='word_1_1055' title='bbox 1267 2551 1413 2582; x_wconf 86' lang='lat' dir='ltr'>Omnium</span> <span class='ocrx_word' id='word_1_1056' title='bbox 1425 2549 1611 2588; x_wconf 67' lang='lat' dir='ltr'>Sanctorum,</span> <span class='ocrx_word' id='word_1_1057' title='bbox 1630 2549 1660 2578; x_wconf 89' lang='lat' dir='ltr'>in</span> <span class='ocrx_word' id='word_1_1058' title='bbox 1676 2547 1867 2578; x_wconf 86' lang='lat' dir='ltr'>Parhamento</span> <span class='ocrx_word' id='word_1_1059' title='bbox 1882 2546 1980 2577; x_wconf 88' lang='lat' dir='ltr'>nostro</span> <span class='ocrx_word' id='word_1_1060' title='bbox 1994 2545 2141 2577; x_wconf 64' lang='lat' dir='ltr'>traciarum</span> <span class='ocrx_word' id='word_1_1061' title='bbox 2155 2545 2256 2577; x_wconf 86' lang='lat' dir='ltr'>habere</span> <span class='ocrx_word' id='word_1_1062' title='bbox 2273 2555 2339 2584; x_wconf 85' lang='lat' dir='ltr'>pro-</span> 
     </span>
     <span class='ocr_line' id='line_1_153' title="bbox 1266 2583 2359 2631; baseline -0.004 -10"><span class='ocrx_word' id='word_1_1063' title='bbox 1266 2591 1399 2629; x_wconf 86' lang='lat' dir='ltr'>ponimus</span> <span class='ocrx_word' id='word_1_1064' title='bbox 1419 2589 1604 2628; x_wconf 72' lang='lat' dir='ltr'>pleniorem,</span> <span class='ocrx_word' id='word_1_1065' title='bbox 1629 2596 1687 2631; x_wconf 83' lang='lat' dir='ltr'>quo</span> <span class='ocrx_word' id='word_1_1066' title='bbox 1712 2586 1809 2617; x_wconf 88' lang='lat' dir='ltr'>habito</span> <span class='ocrx_word' id='word_1_1067' title='bbox 1834 2587 1911 2624; x_wconf 86' lang='lat' dir='ltr'>super</span> <span class='ocrx_word' id='word_1_1068' title='bbox 1935 2585 1989 2615; x_wconf 89' lang='lat' dir='ltr'>hiis</span> <span class='ocrx_word' id='word_1_1069' title='bbox 2011 2583 2138 2616; x_wconf 82' lang='lat' dir='ltr'>nostrum</span> <span class='ocrx_word' id='word_1_1070' title='bbox 2160 2585 2337 2623; x_wconf 82' lang='lat' dir='ltr'>propofituui</span> <span class='ocrx_word' id='word_1_1071' title='bbox 2357 2606 2359 2608; x_wconf 91' lang='lat'><em>-</em></span> 
     </span>
     <span class='ocr_line' id='line_1_154' title="bbox 1262 2622 2339 2669; baseline -0.006 -8"><span class='ocrx_word' id='word_1_1072' title='bbox 1262 2632 1338 2669; x_wconf 72' lang='lat' dir='ltr'>juxta</span> <span class='ocrx_word' id='word_1_1073' title='bbox 1351 2628 1582 2660; x_wconf 86' lang='lat' dir='ltr'>deliberationem</span> <span class='ocrx_word' id='word_1_1074' title='bbox 1604 2623 1767 2665; x_wconf 64' lang='lat' dir='ltr'>hujusmodi</span> <span class='ocrx_word' id='word_1_1075' title='bbox 1801 2624 1900 2655; x_wconf 85' lang='lat' dir='ltr'>vestrae</span> <span class='ocrx_word' id='word_1_1076' title='bbox 1921 2623 2116 2664; x_wconf 76' lang='lat' dir='ltr'>Excellentiae,</span> <span class='ocrx_word' id='word_1_1077' title='bbox 2134 2633 2184 2663; x_wconf 66' lang='lat' dir='ltr'>pet</span> <span class='ocrx_word' id='word_1_1078' title='bbox 2203 2622 2339 2656; x_wconf 73' lang='lat' dir='ltr'>Nuncioc</span> 
     </span>
     <span class='ocr_line' id='line_1_155' title="bbox 1266 2663 2317 2707; baseline -0.009 -7"><span class='ocrx_word' id='word_1_1079' title='bbox 1266 2668 1376 2700; x_wconf 88' lang='lat' dir='ltr'>nostros</span> <span class='ocrx_word' id='word_1_1080' title='bbox 1391 2667 1536 2707; x_wconf 83' lang='lat' dir='ltr'>proprios,</span> <span class='ocrx_word' id='word_1_1081' title='bbox 1552 2665 1690 2697; x_wconf 87' lang='lat' dir='ltr'>faciemus</span> <span class='ocrx_word' id='word_1_1082' title='bbox 1702 2664 1749 2695; x_wconf 89' lang='lat' dir='ltr'>luc</span> <span class='ocrx_word' id='word_1_1083' title='bbox 1779 2663 1867 2695; x_wconf 75' lang='lat' dir='ltr'>entius</span> <span class='ocrx_word' id='word_1_1084' title='bbox 1881 2663 2013 2695; x_wconf 88' lang='lat' dir='ltr'>intimari.</span> <span class='ocrx_word' id='word_1_1085' title='bbox 2306 2663 2317 2669; x_wconf 54' lang='lat'>⁵</span> 
     </span>
    </p>
   </div>
   <div class='ocr_carea' id='block_1_42' title="bbox 1306 2740 1807 2778">
    <p class='ocr_par' dir='ltr' id='par_1_62' title="bbox 1306 2740 1807 2778">
     <span class='ocr_line' id='line_1_156' title="bbox 1306 2740 1807 2778; baseline -0.014 0"><span class='ocrx_word' id='word_1_1086' title='bbox 1306 2744 1374 2778; x_wconf 86' lang='lat' dir='ltr'>Dat.</span> <span class='ocrx_word' id='word_1_1087' title='bbox 1389 2744 1522 2777; x_wconf 81' lang='lat' dir='ltr'>London.</span> <span class='ocrx_word' id='word_1_1088' title='bbox 1539 2753 1586 2776; x_wconf 78' lang='grc' dir='ltr'>ιο.</span> <span class='ocrx_word' id='word_1_1089' title='bbox 1598 2742 1646 2776; x_wconf 89' lang='lat' dir='ltr'>die</span> <span class='ocrx_word' id='word_1_1090' title='bbox 1658 2740 1807 2775; x_wconf 65' lang='lat' dir='ltr'>Odtobris.</span> 
     </span>
    </p>
   </div>
   <div class='ocr_carea' id='block_1_43' title="bbox 1519 2893 2090 2948">
    <p class='ocr_par' dir='ltr' id='par_1_63' title="bbox 1519 2893 2090 2948">
     <span class='ocr_line' id='line_1_157' title="bbox 1519 2893 2090 2948; baseline -0.012 -11"><span class='ocrx_word' id='word_1_1091' title='bbox 1519 2900 1578 2937; x_wconf 80' lang='lat' dir='ltr'>Ad</span> <span class='ocrx_word' id='word_1_1092' title='bbox 1597 2903 1713 2948; x_wconf 76' lang='lat' dir='ltr'>Papam</span> <span class='ocrx_word' id='word_1_1093' title='bbox 1737 2900 1840 2933; x_wconf 72' lang='lat' dir='ltr'>Liaerae</span> <span class='ocrx_word' id='word_1_1094' title='bbox 1860 2895 1897 2930; x_wconf 79' lang='lat' dir='ltr'>de</span> <span class='ocrx_word' id='word_1_1095' title='bbox 1920 2893 2090 2930; x_wconf 80' lang='lat' dir='ltr'>Credentia.</span> 
     </span>
    </p>
   </div>
   <div class='ocr_carea' id='block_1_44' title="bbox 1313 2982 2486 3070">
    <p class='ocr_par' dir='ltr' id='par_1_64' title="bbox 1313 2982 2486 3070">
     <span class='ocr_line' id='line_1_158' title="bbox 1313 2982 2019 3026; baseline -0.018 -2"><span class='ocrx_word' id='word_1_1096' title='bbox 1313 2990 1372 3024; x_wconf 88' lang='grc' dir='ltr'>ΑΡ</span> <span class='ocrx_word' id='word_1_1097' title='bbox 1380 2989 1422 3021; x_wconf 89' lang='lat' dir='ltr'>AE</span> <span class='ocrx_word' id='word_1_1098' title='bbox 1441 2989 1507 3021; x_wconf 80' lang='lat' dir='ltr'>Rex</span> <span class='ocrx_word' id='word_1_1099' title='bbox 1522 2988 1624 3020; x_wconf 80' lang='lat' dir='ltr'>devota</span> <span class='ocrx_word' id='word_1_1100' title='bbox 1636 2986 1744 3026; x_wconf 87' lang='lat' dir='ltr'>pedum</span> <span class='ocrx_word' id='word_1_1101' title='bbox 1757 2982 1849 3015; x_wconf 88' lang='lat' dir='ltr'>oscula</span> <span class='ocrx_word' id='word_1_1102' title='bbox 1863 2983 2019 3014; x_wconf 74' lang='lat' dir='ltr'>beatorum.</span> 
     </span>
     <span class='ocr_line' id='line_1_159' title="bbox 1352 3002 2486 3070; baseline -0.019 -8"><span class='ocrx_word' id='word_1_1103' title='bbox 1352 3030 1450 3070; x_wconf 76' lang='lat' dir='ltr'>Qam</span> <span class='ocrx_word' id='word_1_1104' title='bbox 1467 3026 1600 3067; x_wconf 81' lang='lat' dir='ltr'>gratiosa,</span> <span class='ocrx_word' id='word_1_1105' title='bbox 1618 3027 1651 3058; x_wconf 90' lang='lat'>&amp;</span> <span class='ocrx_word' id='word_1_1106' title='bbox 1665 3026 1750 3065; x_wconf 74' lang='lat' dir='ltr'>quam</span> <span class='ocrx_word' id='word_1_1107' title='bbox 1764 3021 1923 3053; x_wconf 85' lang='lat' dir='ltr'>favorabilis</span> <span class='ocrx_word' id='word_1_1108' title='bbox 1937 3020 2020 3051; x_wconf 88' lang='lat' dir='ltr'>nobis</span> <span class='ocrx_word' id='word_1_1109' title='bbox 2040 3019 2074 3052; x_wconf 89' lang='lat'>&amp;</span> <span class='ocrx_word' id='word_1_1110' title='bbox 2094 3017 2202 3058; x_wconf 84' lang='lat' dir='ltr'>Regno</span> <span class='ocrx_word' id='word_1_1111' title='bbox 2215 3018 2313 3052; x_wconf 88' lang='lat' dir='ltr'>nostro</span> <span class='ocrx_word' id='word_1_1112' title='bbox 2323 3042 2336 3060; x_wconf 88' lang='lat'>,</span> <span class='ocrx_word' id='word_1_1113' title='bbox 2353 3002 2430 3039; x_wconf 67' lang='lat' dir='ltr'>Ann-</span> <span class='ocrx_word' id='word_1_1114' title='bbox 2443 3003 2486 3041; x_wconf 87' lang='lat' dir='ltr'>D.</span> 
     </span>
    </p>
   </div>
   <div class='ocr_carea' id='block_1_45' title="bbox 1262 3053 2485 3728">
    <p class='ocr_par' dir='ltr' id='par_1_65' title="bbox 1262 3053 2485 3728">
     <span class='ocr_line' id='line_1_160' title="bbox 1264 3053 2465 3109; baseline -0.015 -7"><span class='ocrx_word' id='word_1_1115' title='bbox 1264 3070 1408 3109; x_wconf 86' lang='lat' dir='ltr'>hucusque</span> <span class='ocrx_word' id='word_1_1116' title='bbox 1425 3068 1512 3099; x_wconf 82' lang='lat' dir='ltr'>extitit</span> <span class='ocrx_word' id='word_1_1117' title='bbox 1533 3065 1708 3105; x_wconf 85' lang='lat' dir='ltr'>providentia</span> <span class='ocrx_word' id='word_1_1118' title='bbox 1733 3061 1811 3093; x_wconf 89' lang='lat' dir='ltr'>Sedis</span> <span class='ocrx_word' id='word_1_1119' title='bbox 1834 3059 2008 3099; x_wconf 84' lang='lat' dir='ltr'>Apostolicae</span> <span class='ocrx_word' id='word_1_1120' title='bbox 2031 3058 2252 3098; x_wconf 65' lang='lat' dir='ltr'>circumspecta,</span> <span class='ocrx_word' id='word_1_1121' title='bbox 2275 3069 2334 3090; x_wconf 88' lang='lat' dir='ltr'>non</span> <span class='ocrx_word' id='word_1_1122' title='bbox 2377 3053 2465 3097; x_wconf 53' lang='lat'><strong>3311.</strong></span> 
     </span>
     <span class='ocr_line' id='line_1_161' title="bbox 1265 3087 2443 3150; baseline -0.017 -9"><span class='ocrx_word' id='word_1_1123' title='bbox 1265 3110 1330 3141; x_wconf 91' lang='lat' dir='ltr'>latet</span> <span class='ocrx_word' id='word_1_1124' title='bbox 1345 3111 1375 3139; x_wconf 87' lang='lat' dir='ltr'>in</span> <span class='ocrx_word' id='word_1_1125' title='bbox 1386 3107 1504 3146; x_wconf 86' lang='lat' dir='ltr'>abditis,</span> <span class='ocrx_word' id='word_1_1126' title='bbox 1521 3106 1559 3138; x_wconf 87' lang='lat' dir='ltr'>set</span> <span class='ocrx_word' id='word_1_1127' title='bbox 1571 3105 1650 3136; x_wconf 85' lang='lat' dir='ltr'>claris</span> <span class='ocrx_word' id='word_1_1128' title='bbox 1662 3101 1792 3141; x_wconf 86' lang='lat' dir='ltr'>operibus</span> <span class='ocrx_word' id='word_1_1129' title='bbox 1799 3100 1857 3144; x_wconf 73' lang='lat' dir='ltr'>satis</span> <span class='ocrx_word' id='word_1_1130' title='bbox 1870 3107 1960 3137; x_wconf 85' lang='lat' dir='ltr'>patet;</span> <span class='ocrx_word' id='word_1_1131' title='bbox 1979 3108 2031 3137; x_wconf 84' lang='lat' dir='ltr'>pro</span> <span class='ocrx_word' id='word_1_1132' title='bbox 2045 3097 2145 3137; x_wconf 89' lang='lat' dir='ltr'>quibus</span> <span class='ocrx_word' id='word_1_1133' title='bbox 2157 3097 2258 3130; x_wconf 82' lang='lat' dir='ltr'>vestrae</span> <span class='ocrx_word' id='word_1_1134' title='bbox 2265 3097 2335 3129; x_wconf 85' lang='lat' dir='ltr'>Cle-</span> <span class='ocrx_word' id='word_1_1135' title='bbox 2353 3087 2443 3150; x_wconf 50' lang='lat' dir='ltr'><em>‘Eu-5-</em></span> 
     </span>
     <span class='ocr_line' id='line_1_162' title="bbox 1267 3131 2425 3183; baseline -0.016 -4"><span class='ocrx_word' id='word_1_1136' title='bbox 1267 3149 1382 3180; x_wconf 81' lang='lat' dir='ltr'>mentiae</span> <span class='ocrx_word' id='word_1_1137' title='bbox 1396 3146 1550 3183; x_wconf 88' lang='lat' dir='ltr'>condignas</span> <span class='ocrx_word' id='word_1_1138' title='bbox 1563 3144 1712 3182; x_wconf 86' lang='lat' dir='ltr'>gratiarum</span> <span class='ocrx_word' id='word_1_1139' title='bbox 1727 3139 1894 3170; x_wconf 78' lang='lat' dir='ltr'>exsolvimus</span> <span class='ocrx_word' id='word_1_1140' title='bbox 1906 3137 2041 3169; x_wconf 63' lang='lat' dir='ltr'>astiones.</span> <span class='ocrx_word' id='word_1_1141' title='bbox 2378 3143 2384 3150; x_wconf 90' lang='lat'><em>·</em></span> <span class='ocrx_word' id='word_1_1142' title='bbox 2398 3131 2425 3151; x_wconf 80' lang='lat'>²·</span> 
     </span>
     <span class='ocr_line' id='line_1_163' title="bbox 1307 3161 2475 3226; baseline -0.013 -9"><span class='ocrx_word' id='word_1_1143' title='bbox 1307 3185 1452 3226; x_wconf 75' lang='lat' dir='ltr'>Quaedam</span> <span class='ocrx_word' id='word_1_1144' title='bbox 1467 3183 1602 3223; x_wconf 75' lang='lat' dir='ltr'>siquidem</span> <span class='ocrx_word' id='word_1_1145' title='bbox 1617 3181 1748 3217; x_wconf 85' lang='lat' dir='ltr'>negotia,</span> <span class='ocrx_word' id='word_1_1146' title='bbox 1767 3188 1819 3223; x_wconf 81' lang='lat' dir='ltr'>nos</span> <span class='ocrx_word' id='word_1_1147' title='bbox 1839 3176 1979 3215; x_wconf 85' lang='lat' dir='ltr'>tangentia</span> <span class='ocrx_word' id='word_1_1148' title='bbox 2015 3175 2236 3217; x_wconf 35' lang='lat' dir='ltr'>venerabilibus·</span> <span class='ocrx_word' id='word_1_1149' title='bbox 2248 3174 2338 3221; x_wconf 68' lang='lat' dir='ltr'>Patri-</span> <span class='ocrx_word' id='word_1_1150' title='bbox 2352 3165 2424 3195; x_wconf 56' lang='grc' dir='ltr'>ΗΜ·</span> <span class='ocrx_word' id='word_1_1151' title='bbox 2439 3161 2475 3196; x_wconf 72' lang='grc' dir='ltr'>ό·</span> 
     </span>
     <span class='ocr_line' id='line_1_164' title="bbox 1267 3198 2485 3264; baseline -0.018 -7"><span class='ocrx_word' id='word_1_1152' title='bbox 1267 3227 1334 3264; x_wconf 93' lang='lat' dir='ltr'>bus,</span> <span class='ocrx_word' id='word_1_1153' title='bbox 1353 3223 1532 3261; x_wconf 87' lang='lat' dir='ltr'>Willielmo,</span> <span class='ocrx_word' id='word_1_1154' title='bbox 1550 3221 1678 3252; x_wconf 87' lang='lat' dir='ltr'>Eborum</span> <span class='ocrx_word' id='word_1_1155' title='bbox 1688 3217 1926 3262; x_wconf 71' lang='lat' dir='ltr'>Archiepiscopo,</span> <span class='ocrx_word' id='word_1_1156' title='bbox 1942 3215 1977 3246; x_wconf 73' lang='grc' dir='ltr'>δε</span> <span class='ocrx_word' id='word_1_1157' title='bbox 1987 3198 2145 3259; x_wconf 57' lang='lat' dir='ltr'>Radolpho</span> <span class='ocrx_word' id='word_1_1158' title='bbox 2154 3215 2338 3259; x_wconf 67' lang='lat' dir='ltr'>Londonien-</span> <span class='ocrx_word' id='word_1_1159' title='bbox 2354 3204 2398 3228; x_wconf 77' lang='lat' dir='ltr'>Er.</span> <span class='ocrx_word' id='word_1_1160' title='bbox 2410 3210 2429 3236; x_wconf 92' lang='lat'>5</span> <span class='ocrx_word' id='word_1_1161' title='bbox 2433 3222 2439 3229; x_wconf 88' lang='lat'><strong>·</strong></span> <span class='ocrx_word' id='word_1_1162' title='bbox 2449 3205 2485 3230; x_wconf 77' lang='grc' dir='ltr'>Ε-</span> 
     </span>
     <span class='ocr_line' id='line_1_165' title="bbox 1267 3247 2482 3303; baseline -0.012 -7"><span class='ocrx_word' id='word_1_1163' title='bbox 1267 3265 1287 3296; x_wconf 87' lang='lat' dir='ltr'>si</span> <span class='ocrx_word' id='word_1_1164' title='bbox 1303 3264 1407 3303; x_wconf 89' lang='lat' dir='ltr'>Episco</span> <span class='ocrx_word' id='word_1_1165' title='bbox 1427 3272 1462 3293; x_wconf 91' lang='lat' dir='ltr'>o:</span> <span class='ocrx_word' id='word_1_1166' title='bbox 1481 3269 1596 3291; x_wconf 87' lang='lat' dir='ltr'>necnon</span> <span class='ocrx_word' id='word_1_1167' title='bbox 1608 3257 1717 3288; x_wconf 65' lang='lat' dir='ltr'>dilec‘hs</span> <span class='ocrx_word' id='word_1_1168' title='bbox 1738 3256 1771 3287; x_wconf 88' lang='lat'>&amp;</span> <span class='ocrx_word' id='word_1_1169' title='bbox 1792 3255 1916 3288; x_wconf 82' lang='lat' dir='ltr'>fidelibus</span> <span class='ocrx_word' id='word_1_1170' title='bbox 1930 3252 2030 3285; x_wconf 86' lang='lat' dir='ltr'>nostris</span> <span class='ocrx_word' id='word_1_1171' title='bbox 2036 3275 2049 3293; x_wconf 83' lang='lat'>,</span> <span class='ocrx_word' id='word_1_1172' title='bbox 2065 3252 2168 3285; x_wconf 90' lang='lat' dir='ltr'>Ottoni</span> <span class='ocrx_word' id='word_1_1173' title='bbox 2187 3253 2224 3284; x_wconf 91' lang='lat' dir='ltr'>de</span> <span class='ocrx_word' id='word_1_1174' title='bbox 2239 3252 2336 3284; x_wconf 78' lang='lat' dir='ltr'>Gran·</span> <span class='ocrx_word' id='word_1_1175' title='bbox 2356 3247 2482 3276; x_wconf 69' lang='lat' dir='ltr'>²·m‘²¹=</span> 
     </span>
     <span class='ocr_line' id='line_1_166' title="bbox 1265 3290 2336 3341; baseline -0.01 -7"><span class='ocrx_word' id='word_1_1176' title='bbox 1265 3303 1380 3341; x_wconf 88' lang='lat' dir='ltr'>disono,</span> <span class='ocrx_word' id='word_1_1177' title='bbox 1448 3301 1597 3331; x_wconf 87' lang='lat' dir='ltr'>Amaneno</span> <span class='ocrx_word' id='word_1_1178' title='bbox 1611 3296 1647 3327; x_wconf 91' lang='lat' dir='ltr'>de</span> <span class='ocrx_word' id='word_1_1179' title='bbox 1660 3296 1798 3336; x_wconf 80' lang='lat' dir='ltr'>Lebreto,</span> <span class='ocrx_word' id='word_1_1180' title='bbox 1816 3293 1971 3332; x_wconf 85' lang='lat' dir='ltr'>Militibus;</span> <span class='ocrx_word' id='word_1_1181' title='bbox 1988 3302 2022 3324; x_wconf 91' lang='lat' dir='ltr'>ac</span> <span class='ocrx_word' id='word_1_1182' title='bbox 2037 3291 2143 3323; x_wconf 59' lang='lat' dir='ltr'>dilecto</span> <span class='ocrx_word' id='word_1_1183' title='bbox 2159 3290 2274 3323; x_wconf 90' lang='lat' dir='ltr'>Clerico</span> <span class='ocrx_word' id='word_1_1184' title='bbox 2281 3302 2336 3323; x_wconf 83' lang='lat' dir='ltr'>no—</span> 
     </span>
     <span class='ocr_line' id='line_1_167' title="bbox 1265 3329 2336 3381; baseline -0.011 -7"><span class='ocrx_word' id='word_1_1185' title='bbox 1265 3341 1338 3381; x_wconf 84' lang='lat' dir='ltr'>stro,</span> <span class='ocrx_word' id='word_1_1186' title='bbox 1357 3338 1500 3378; x_wconf 88' lang='lat' dir='ltr'>Magistro</span> <span class='ocrx_word' id='word_1_1187' title='bbox 1512 3337 1583 3369; x_wconf 80' lang='lat' dir='ltr'>Adae</span> <span class='ocrx_word' id='word_1_1188' title='bbox 1596 3335 1632 3366; x_wconf 93' lang='lat' dir='ltr'>de</span> <span class='ocrx_word' id='word_1_1189' title='bbox 1647 3334 1785 3374; x_wconf 79' lang='lat' dir='ltr'>Orleton,</span> <span class='ocrx_word' id='word_1_1190' title='bbox 1802 3333 1954 3365; x_wconf 85' lang='lat' dir='ltr'>Canonico</span> <span class='ocrx_word' id='word_1_1191' title='bbox 1968 3332 1997 3362; x_wconf 91' lang='lat' dir='ltr'>in</span> <span class='ocrx_word' id='word_1_1192' title='bbox 2012 3330 2134 3362; x_wconf 77' lang='lat' dir='ltr'>Ecclesia</span> <span class='ocrx_word' id='word_1_1193' title='bbox 2142 3329 2336 3362; x_wconf 78' lang='lat' dir='ltr'>Hereforden—</span> 
     </span>
     <span class='ocr_line' id='line_1_168' title="bbox 1265 3368 2333 3420; baseline -0.014 -7"><span class='ocrx_word' id='word_1_1194' title='bbox 1265 3381 1304 3420; x_wconf 85' lang='lat' dir='ltr'>si,</span> <span class='ocrx_word' id='word_1_1195' title='bbox 1330 3378 1525 3412; x_wconf 76' lang='lat' dir='ltr'>commisimus</span> <span class='ocrx_word' id='word_1_1196' title='bbox 1544 3373 1643 3407; x_wconf 79' lang='lat' dir='ltr'>vestrae</span> <span class='ocrx_word' id='word_1_1197' title='bbox 1666 3373 1850 3411; x_wconf 85' lang='lat' dir='ltr'>Beatitudini,</span> <span class='ocrx_word' id='word_1_1198' title='bbox 1866 3381 1900 3403; x_wconf 78' lang='lat' dir='ltr'>ex</span> <span class='ocrx_word' id='word_1_1199' title='bbox 1919 3378 1995 3410; x_wconf 87' lang='lat' dir='ltr'>parte</span> <span class='ocrx_word' id='word_1_1200' title='bbox 2015 3369 2124 3408; x_wconf 84' lang='lat' dir='ltr'>nostra,</span> <span class='ocrx_word' id='word_1_1201' title='bbox 2140 3368 2270 3408; x_wconf 89' lang='lat' dir='ltr'>eosdem,</span> <span class='ocrx_word' id='word_1_1202' title='bbox 2287 3377 2333 3402; x_wconf 85' lang='lat' dir='ltr'>aut</span> 
     </span>
     <span class='ocr_line' id='line_1_169' title="bbox 1265 3412 2228 3457; baseline -0.018 -6"><span class='ocrx_word' id='word_1_1203' title='bbox 1265 3427 1318 3451; x_wconf 87' lang='lat' dir='ltr'>tres</span> <span class='ocrx_word' id='word_1_1204' title='bbox 1355 3418 1400 3450; x_wconf 94' lang='lat' dir='ltr'>vel</span> <span class='ocrx_word' id='word_1_1205' title='bbox 1413 3417 1483 3448; x_wconf 91' lang='lat' dir='ltr'>duos</span> <span class='ocrx_word' id='word_1_1206' title='bbox 1497 3424 1596 3446; x_wconf 83' lang='lat' dir='ltr'>eorum</span> <span class='ocrx_word' id='word_1_1207' title='bbox 1631 3412 1809 3457; x_wconf 84' lang='lat' dir='ltr'>exponenda:</span> <span class='ocrx_word' id='word_1_1208' title='bbox 2042 3447 2049 3454; x_wconf 38' lang='grc'>1</span> <span class='ocrx_word' id='word_1_1209' title='bbox 2220 3447 2228 3453; x_wconf 34' lang='lat'>⁸</span> 
     </span>
     <span class='ocr_line' id='line_1_170' title="bbox 1303 3436 2330 3496; baseline -0.013 -7"><span class='ocrx_word' id='word_1_1210' title='bbox 1303 3442 1415 3490; x_wconf 82' lang='lat' dir='ltr'>V&#39;estrae</span> <span class='ocrx_word' id='word_1_1211' title='bbox 1435 3454 1581 3487; x_wconf 66' lang='lat' dir='ltr'>sanctitati</span> <span class='ocrx_word' id='word_1_1212' title='bbox 1602 3436 1744 3496; x_wconf 69' lang='lat' dir='ltr'>iiuiniliter</span> <span class='ocrx_word' id='word_1_1213' title='bbox 1758 3450 1958 3494; x_wconf 82' lang='lat' dir='ltr'>supplicantes,</span> <span class='ocrx_word' id='word_1_1214' title='bbox 1974 3455 2101 3492; x_wconf 81' lang='lat' dir='ltr'>quatinus</span> <span class='ocrx_word' id='word_1_1215' title='bbox 2120 3445 2257 3486; x_wconf 79' lang='lat' dir='ltr'>praefatis,</span> <span class='ocrx_word' id='word_1_1216' title='bbox 2275 3446 2330 3477; x_wconf 87' lang='lat' dir='ltr'>Ar-</span> 
     </span>
     <span class='ocr_line' id='line_1_171' title="bbox 1263 3485 2332 3535; baseline -0.012 -7"><span class='ocrx_word' id='word_1_1217' title='bbox 1263 3497 1461 3535; x_wconf 86' lang='lat' dir='ltr'>chiepiscopo,</span> <span class='ocrx_word' id='word_1_1218' title='bbox 1477 3493 1640 3532; x_wconf 88' lang='lat' dir='ltr'>Episcopo,</span> <span class='ocrx_word' id='word_1_1219' title='bbox 1656 3490 1815 3529; x_wconf 80' lang='lat' dir='ltr'>Militibus,</span> <span class='ocrx_word' id='word_1_1220' title='bbox 1832 3490 1865 3520; x_wconf 87' lang='lat'>&amp;</span> <span class='ocrx_word' id='word_1_1221' title='bbox 1880 3486 2014 3527; x_wconf 89' lang='lat' dir='ltr'>Clerico,</span> <span class='ocrx_word' id='word_1_1222' title='bbox 2032 3487 2135 3530; x_wconf 73' lang='lat' dir='ltr'>tribuS,</span> <span class='ocrx_word' id='word_1_1223' title='bbox 2152 3485 2332 3530; x_wconf 33' lang='lat' dir='ltr'>ve11duobus</span> 
     </span>
     <span class='ocr_line' id='line_1_172' title="bbox 1264 3524 2329 3605; baseline -0.012 0"><span class='ocrx_word' id='word_1_1224' title='bbox 1264 3535 1431 3605; x_wconf 62' lang='lat' dir='ltr'>‘³⁹¹⁰m’uiss</span> <span class='ocrx_word' id='word_1_1225' title='bbox 1445 3525 1978 3602; x_wconf 44' lang='lat' dir='ltr'>hffiffiqffloffiffler¹353ng</span> <span class='ocrx_word' id='word_1_1226' title='bbox 1995 3524 2167 3597; x_wconf 46' lang='lat' dir='ltr'>‘miii‘</span> <span class='ocrx_word' id='word_1_1227' title='bbox 2184 3533 2329 3594; x_wconf 54' lang='lat' dir='ltr'>Vliaedss&#39;</span> 
     </span>
     <span class='ocr_line' id='line_1_173' title="bbox 1262 3578 2329 3651; baseline -0.013 -7"><span class='ocrx_word' id='word_1_1228' title='bbox 1262 3584 1428 3644; x_wconf 46' lang='lat' dir='ltr'>{ffsoggssum</span> <span class='ocrx_word' id='word_1_1229' title='bbox 1438 3595 1528 3641; x_wconf 74' lang='lat' dir='ltr'>’fidem</span> <span class='ocrx_word' id='word_1_1230' title='bbox 1534 3581 1693 3651; x_wconf 77' lang='lat' dir='ltr'>gcredulam</span> <span class='ocrx_word' id='word_1_1231' title='bbox 1712 3578 1864 3646; x_wconf 56' lang='lat' dir='ltr'>adhiifere,</span> <span class='ocrx_word' id='word_1_1232' title='bbox 1881 3590 2014 3645; x_wconf 60' lang='lat' dir='ltr'>ruinaque</span> <span class='ocrx_word' id='word_1_1233' title='bbox 2032 3588 2082 3644; x_wconf 65' lang='lat' dir='ltr'>per</span> <span class='ocrx_word' id='word_1_1234' title='bbox 2096 3586 2211 3635; x_wconf 85' lang='lat' dir='ltr'>eosd&#39;ern</span> <span class='ocrx_word' id='word_1_1235' title='bbox 2230 3600 2329 3632; x_wconf 85' lang='lat' dir='ltr'>votivo</span> 
     </span>
     <span class='ocr_line' id='line_1_174' title="bbox 1262 3648 1729 3687; baseline -0.015 -4"><span class='ocrx_word' id='word_1_1236' title='bbox 1262 3650 1377 3683; x_wconf 69' lang='lat' dir='ltr'>effectui</span> <span class='ocrx_word' id='word_1_1237' title='bbox 1389 3648 1550 3687; x_wconf 87' lang='lat' dir='ltr'>dignemini</span> <span class='ocrx_word' id='word_1_1238' title='bbox 1561 3655 1729 3685; x_wconf 85' lang='lat' dir='ltr'>mancipare.</span> 
     </span>
     <span class='ocr_line' id='line_1_175' title="bbox 1301 3686 1553 3728; baseline -0.024 -5"><span class='ocrx_word' id='word_1_1239' title='bbox 1301 3689 1472 3728; x_wconf 82' lang='lat' dir='ltr'>conservet,</span> <span class='ocrx_word' id='word_1_1240' title='bbox 1491 3686 1553 3718; x_wconf 89' lang='lat' dir='ltr'>&amp;c.</span> 
     </span>
    </p>
   </div>
   <div class='ocr_carea' id='block_1_46' title="bbox 1301 3760 1798 3800">
    <p class='ocr_par' dir='ltr' id='par_1_66' title="bbox 1301 3760 1798 3800">
     <span class='ocr_line' id='line_1_176' title="bbox 1301 3760 1798 3800; baseline -0.016 1"><span class='ocrx_word' id='word_1_1241' title='bbox 1301 3766 1369 3800; x_wconf 86' lang='lat' dir='ltr'>Dat.</span> <span class='ocrx_word' id='word_1_1242' title='bbox 1382 3764 1517 3799; x_wconf 76' lang='lat' dir='ltr'>London.</span> <span class='ocrx_word' id='word_1_1243' title='bbox 1530 3772 1576 3795; x_wconf 85' lang='lat'>10.</span> <span class='ocrx_word' id='word_1_1244' title='bbox 1590 3761 1638 3795; x_wconf 87' lang='lat' dir='ltr'>die</span> <span class='ocrx_word' id='word_1_1245' title='bbox 1651 3760 1798 3795; x_wconf 65' lang='lat' dir='ltr'>octobris.</span> 
     </span>
    </p>
   </div>
   <div class='ocr_carea' id='block_1_47' title="bbox 2549 1403 2570 3444">
    <p class='ocr_par' dir='ltr' id='par_1_67' title="bbox 2549 1403 2570 3444">
     <span class='ocr_line' id='line_1_177' title="bbox 2549 1403 2570 3444; baseline 0 0"><span class='ocrx_word' id='word_1_1246' title='bbox 2549 1403 2570 3444; x_wconf 95' lang='lat' dir='ltr'> </span> 
     </span>
    </p>
   </div>
  </div>
 </body>
</html>
