2570 4261
0 3349 3 3391 i

47 305 123 336 Ann.
136 303 177 335 D.

74 352 159 382 1232.

48 386 110 410 Hm.
132 392 158 418 3.

44 966 180 1006 *1.321.

48 2981 125 3011 Ann.
138 2980 178 3010 D.

77 3029 161 3059 1232.

48 3062 101 3087 An.
124 3059 164 3087 16.

49 3102 113 3124 Hen.
137 3106 160 3132 3.

45 3135 180 3171 claris-16.

46 3178 110 3201 Hen.
130 3182 155 3208 3.

48 3221 86 3238 m.
105 3211 179 3239 12.d.

56 3891 186 3928 '1·3²2·

197 309 264 340 hinc
285 308 351 340 inde
371 315 550 347 perpetratae,
574 316 624 346 per
645 307 814 347 didffiores,
831 317 867 338 ex
887 316 1003 350 utraque
1020 318 1098 349 parte
1116 309 1210 348 datos,
1231 319 1261 340 e-

197 347 405 378 mendarentur.

235 386 283 416 Ad
306 395 371 424 quas
389 384 551 414 faciendum
575 394 609 414 ex
631 393 707 422 parte
722 384 834 423 nostra,
852 395 906 422 pro
920 387 1003 416 nobis
1017 387 1050 418 ὃς
1065 386 1182 424 inprifiis
1194 397 1263 416 nos-

196 426 262 463 tris,
281 425 310 454 in
323 423 445 462 partibus
459 422 494 452 de
508 421 625 452 Elenein
640 433 730 460 nuper
744 423 868 453 misimus
887 424 1006 455 dileeros
1025 425 1058 456 ὃς
1080 425 1174 455 fideles
1194 435 1260 455 nos-

197 472 255 493 tros
270 461 441 500 Magistrum
456 460 491 491 A.
506 460 747 491 Archidiaconum
762 461 883 499 Salopiae
896 463 929 494 &
944 463 1124 494 Nicliolaum
1136 463 1173 493 de
1187 463 1259 493 Mo—

197 501 246 539 lis,
264 501 297 531 &
311 501 342 529 in
356 500 477 537 partibus
493 498 613 536 Salopiae
627 500 746 530 dileetos
761 500 793 530 &
808 499 900 530 fideles
915 501 1025 531 nostros
1041 501 1205 540 johannem
1226 502 1259 531 fi*

196 539 267 569 lium
279 537 376 575 Alani,
395 539 430 568 ὃς
441 537 604 575 Johannem
619 537 790 568 Exrraneum
804 539 955 576 juniorem.

234 576 318 607 Licet
333 577 416 607 nobis
432 575 646 615 fignificaveritis
661 577 739 614 quod
752 576 831 613 super
844 577 1093 615 interceptionibus
1108 578 1258 617 praediolis,

200 615 283 645 vobis
296 616 330 646 δε
344 614 440 645 vestris
454 614 552 652 faetis,
569 615 627 644 tam
640 625 689 652 per
703 614 841 645 dilectum
855 616 889 646 δε
905 614 1018 646 fidelem
1033 616 1164 647 nostrum
1171 617 1257 648 Tho-

199 662 280 683 rnam
301 652 434 690 Corbet,
460 653 548 690 quam
569 652 636 682 alios
657 652 693 682 de
718 652 817 683 nostris
831 677 840 691 ‚
864 654 948 684 nichil
969 654 1051 685 fuerit
1073 655 1257 695 satissistum3

196 701 265 722 cum
284 693 368 722 etiam
390 701 443 722 vos
465 691 543 729 super
563 692 829 728 interceptionibus,
847 692 930 722 nobis
945 694 978 724 &
995 693 1095 724 nostris
1111 695 1206 732 factis,
1226 703 1256 724 ut

195 730 326 799 afferitils,
350 730 408 760 satis
430 729 566 767 feceritis,
592 729 643 768 &‚
666 729 755 768 siquid
777 731 869 760 minus
887 731 984 761 aetum
1006 731 1047 762 est
1063 756 1072 771 ‚
1097 735 1182 770 parati
1203 733 1256 763 sitis

195 778 211 799 a
231 778 271 798 im
302 779 357 799 ere.

234 778 325 838 Vcilvis
345 807 429 847 igitur
447 805 578 837 duximus
598 805 829 844 significandum,
850 807 929 844 quod
950 817 1036 845 grave
1054 809 1137 838 nobis
1159 808 1200 838 est
1222 809 1256 839 &

195 845 367 884 molestum,
384 845 404 875 fi
423 844 507 875 didtae
527 846 561 876 &
581 844 684 875 debitae
705 845 848 883 emendoe,
867 845 1020 877 secundum
1040 847 1163 876 formam
1181 856 1255 883 prse-

196 883 334 917 dii‘larum
347 891 506 923 treugarum
515 907 524 921 ,
536 884 569 914 &
581 883 650 914 sicut
664 884 834 922 injunximus
848 885 966 922 praefatis
980 885 1174 915 Dietatoribus
1189 894 1254 913 nos-

196 923 262 960 tris,
279 923 360 953 vobis
381 923 415 953 &
437 921 534 952 vestris
556 921 637 952 fact-„e
651 932 709 952 non
723 922 841 960 fuerint,
860 924 889 952 in
905 934 981 962 quo,
1000 922 1078 962 quod
1089 924 1182 952 minus
1206 931 1254 952 ac-

196 968 258 991 tum
272 960 330 998 est,
349 960 431 992 vobis
447 960 465 979 ᾖ
481 959 572 990 modo
586 960 684 991 debito
697 961 849 991 satisfacere
861 962 954 991 sumus
965 962 1058 999 parati.

236 999 346 1030 Verum
365 1022 374 1036 ,
399 1000 462 1037 quia
475 1024 485 1035 ,
504 1009 556 1035 pro
577 998 699 1029 adventu
719 999 815 1030 dileffl
828 1000 861 1030 <Sc
873 999 960 1030 fidelis
973 999 1062 1029 nostri
1074 998 1151 1028 Petri
1162 997 1254 1028 Ducis

196 1037 346 1068 Britanniae
359 1038 392 1068 δε
408 1037 532 1067 Comitis
546 1037 782 1076 Richemundiae,
801 1039 849 1076 qui
862 1048 900 1069 nu
923 1049 952 1068 er
964 1038 1095 1075 applicuit
1109 1038 1138 1066 iri
1154 1037 1255 1075 Anglia

195 1075 270 1113 apud
284 1075 420 1106 London.
440 1077 596 1107 convocari
609 1075 743 1114 fecimus,
761 1076 879 1107 secunda
914 1077 940 1106 ie
953 1075 1039 1114 quadr
1074 1075 1167 1104 efirnae
1181 1098 1191 1113 ‚
1210 1074 1256 1117 di-

198 1114 289 1145 letfi'cos
309 1116 343 1146 &
364 1113 457 1145 fideles
478 1114 590 1145 nostros
611 1115 650 1144 R.
668 1114 817 1146 Comitem
832 1114 991 1144 Cornubiae
1005 1114 1039 1145 &
1079 1113 1188 1144 ietaviae
1202 1115 1257 1143 tra-

197 1161 271 1183 trem
292 1152 422 1183 nostrum
436 1178 445 1192 ,
471 1152 509 1183 R.
536 1152 686 1184 Comitem
708 1153 801 1183 Cesti:
820 1154 854 1183 ὃς
874 1152 1007 1182 Lincoln.
1033 1152 1086 1182 W.
1106 1151 1258 1181 Comitem

196 1191 368 1231 Warennae,
384 1192 438 1222 W.
457 1190 605 1222 Comitem
620 1192 654 1222 de
670 1192 812 1228 Feri-ariis,
832 1192 866 1222 &
879 1191 947 1221 alios
962 1190 1113 1227 Magnates
1127 1189 1257 1229 nostros,

196 1231 347 1260 transtatum
363 1230 485 1261 habituri
498 1240 566 1261 cum
580 1229 682 1260 eisdem
697 1230 778 1267 super
791 1227 881 1258 arduis
895 1239 914 1258 n
950 1229 1013 1259 otiis
1026 1228 1146 1266 nostris,
1163 1228 1258 1259 hono-

197 1279 258 1298 rem
271 1268 401 1299 nostrum
415 1270 448 1299 &
462 1268 626 1299 nostrorum
641 1268 658 1297 s
672 1268 791 1298 ecialiter
806 1268 931 1305 tangenti
954 1277 984 1297 us
999 1265 1087 1304 (unde
1101 1268 1184 1296 etiam
1198 1267 1258 1304 spe-

197 1317 289 1337 ramus
309 1318 361 1338 vos
374 1331 384 1346 ,
408 1308 437 1336 iri
458 1306 633 1344 subsequenti
658 1316 709 1335 ore
729 1305 884 1344 gavisuros,
900 1305 969 1335 sicut
984 1305 1021 1335 de
1036 1305 1147 1335 honore
1159 1306 1257 1336 nostro

197 1345 297 1376 fadiuri
318 1344 381 1376 estis
401 1347 435 1376 δε
446 1344 482 1375 de
495 1344 569 1382 jure)
586 1343 620 1374 ad
632 1344 749 1382 praesens
764 1342 933 1380 nullatenus,
952 1343 1010 1373 sine
1023 1344 1100 1374 oravi
1112 1343 1258 1381 dispendio

195 1380 296 1414 nostro
309 1381 342 1414 Sc
355 1383 451 1423 Regni
464 1382 571 1419 nostri,
590 1381 668 1420 quod
688 1391 747 1412 non
762 1380 902 1411 credimus
917 1392 970 1412 vos
988 1392 1023 1412 ve
1034 1382 1078 1420 le,
1096 1392 1148 1412 nos
1164 1383 1258 1420 potui-

195 1432 260 1453 mus
280 1422 342 1452 alias
364 1421 502 1452 divertere
513 1444 525 1460 ,
549 1420 643 1451 donec
663 1419 832 1459 praedittiim
847 1420 997 1450 tractatum
1012 1430 1079 1451 cum
1096 1420 1157 1458 ipsis
1172 1420 1259 1451 fideli-

190 1460 248 1491 bus
260 1460 363 1491 nostris
373 1460 551 1497 habuerimus
560 1482 570 1497 ,
585 1459 618 1490 δὲ
632 1459 712 1497 super
727 1459 891 1488 memoratis
906 1460 1025 1498 negotiis
1039 1458 1141 1489 nostris
1153 1458 1260 1490 delibe-

195 1499 350 1529 raverimus
365 1508 434 1528 cum
448 1497 562 1528 eisdem.

231 1536 327 1567 Sciatis
347 1535 484 1575 siquidem
505 1546 559 1574 pro
580 1545 661 1567 certo
673 1560 682 1574 ,
701 1536 734 1565 &
752 1535 870 1566 minime
884 1534 1034 1574 dubitetis,
1052 1535 1145 1574 quod,
1165 1536 1259 1567 habita

195 1573 394 1606 deliberatione
403 1574 483 1612 super
495 1575 613 1615 negotiis
627 1574 783 1613 praediitiS,
802 1572 974 1604 divertemus
997 1584 1050 1604 nos
1063 1576 1154 1605 versus
1172 1584 1260 1613 partes

195 1612 353 1652 Marchiae,
370 1613 415 1651 id,
434 1613 513 1652 quod
526 1615 618 1644 minus
632 1613 740 1644 faCrum
755 1612 796 1642 est
809 1612 889 1651 super
903 1612 1030 1643 emendis
1044 1613 1186 1650 praedic‘tis
1204 1625 1260 1645 vo-

196 1653 239 1683 bis
259 1651 391 1683 faciendis
405 1675 415 1691 ,
436 1652 520 1690 plene
542 1654 575 1684 &
596 1651 693 1683 debite
711 1650 888 1689 adimpleturi
904 1664 915 1690 3
941 1653 977 1682 ita
991 1651 1071 1690 quod
1086 1651 1114 1682 id
1129 1653 1212 1684 vobis
1226 1654 1259 1684 &

197 1690 294 1721 vestris
308 1692 414 1721 merito
428 1690 540 1728 placere
554 1690 663 1721 debeat.

232 1728 288 1768 Et,
303 1729 340 1767 fi,
361 1729 440 1768 quod
458 1729 528 1759 absit
541 1753 550 1767 ,
574 1728 736 1760 infirmitate
756 1728 901 1767 corporis,
920 1727 967 1759 vel
980 1728 1076 1767 aliquo
1092 1730 1153 1760 casu
1168 1730 1260 1767 inopi-

195 1776 262 1798 nato
280 1767 386 1800 detenti
400 1791 410 1805 .,
436 1767 501 1798 illuc
523 1769 620 1798 venire
644 1778 704 1807 non
719 1766 870 1805 possimuS,
889 1767 1032 1798 mittemus
1048 1767 1082 1797 ad
1098 1777 1186 1806 partes
1201 1769 1257 1798 illas

195 1806 314 1837 'diletftos
331 1808 365 1838 &
384 1805 478 1836 fideles
499 1805 612 1837 nostros
631 1806 791 1837 Ricardum
811 1805 962 1836 Comitem
983 1806 1117 1837 Pictaviae
1144 1807 1259 1837 fratrem

194 1844 325 1875 nostrum
339 1870 349 1884 ,
367 1846 400 1876 &
420 1845 588 1876 Hubertum
607 1845 644 1876 de
663 1845 758 1884 Burgo
781 1854 849 1875 cum
870 1845 926 1874 aliis
947 1844 983 1874 de
997 1843 1123 1875 fidelibus
1138 1845 1259 1885 nostris,

195 1883 230 1919 ad
250 1883 337 1914 dietas
359 1883 490 1914 emendas
509 1884 592 1916 vobis
613 1883 769 1921 faciendas,
788 1883 822 1914 &
837 1883 987 1913 tra&atum
1001 1883 1163 1914 habendum
1177 1884 1258 1922 super

197 1921 278 1952 firma
293 1931 362 1960 pace
372 1923 445 1952 inter
459 1932 529 1960 nos,
545 1923 578 1954 &
593 1932 646 1953 vos
659 1921 837 1952 reformanda
852 1922 885 1953 &
900 1920 1054 1952 statuenda.

235 1960 306 1991 Nec
318 1960 449 1991 molestet
463 1971 514 1991 vos
528 1960 622 1999 quod,
641 1970 713 1992 curn
726 1960 856 1991 tra&atus
876 1961 1024 1990 haberetur
1042 1960 1122 1998 super
1136 1961 1260 1992 emendis

200 1999 282 2029 vobis
297 1999 427 2030 faciendis
434 1998 478 2040 ¹¹de
492 2000 742 2038 interceptionibus
754 1999 837 2030 vobis
851 1998 929 2030 fietis
941 2009 991 2037 per
1000 1999 1168 2036 praedic'turn
1176 2000 1262 2031 Tho-

198 2047 275 2067 mam
296 2037 407 2069 Corbet
435 2039 469 2068 &
484 2039 639 2076 complices
653 2039 731 2077 suos,
748 2038 838 2076 ipsum
859 2037 1029 2076 respoiidiise
1051 2038 1130 2076 quod
1150 2039 1262 2069 nullum

199 2075 373 2107 Dominium
395 2077 491 2108 habuit
512 2078 543 2107 in
561 2077 701 2116 praedictis
723 2077 950 2107 malefactoribus
966 2100 975 2114 ,
999 2086 1124 2115 quorum
1145 2078 1262 2108 nomina

197 2115 280 2144 nobis
294 2114 479 2155 significastis,
499 2125 686 2156 praeterquam
709 2116 739 2146 in
760 2114 886 2148 duobus,
913 2124 981 2146 curn
1001 2115 1045 2146 alii
1057 2115 1145 2153 essent
1156 2115 1193 2146 de
1210 2127 1262 2154 po-

200 2152 297 2183 testate
312 2153 422 2192 nostra,
442 2155 577 2192 quoniam
591 2165 660 2192 nos,
678 2154 738 2184 tam
754 2153 790 2184 de
801 2154 870 2192 hiis,
889 2154 975 2192 quarn
987 2154 1024 2184 de
1038 2154 1111 2192 aliis,
1130 2155 1263 2185 ubicum-

198 2201 256 2229 que
270 2192 299 2260 isn
313 2192 449 2261 parcitate
463 2192 560 2223 nostra
573 2193 620 2224 vel
633 2192 797 2223 nostrorum
811 2192 914 2223 fuerint
936 2193 1059 2231 inventi,
1077 2192 1159 2224 vobis
1180 2193 1265 2225 volu-

197 2240 260 2260 mus
283 2239 332 2261 atis
354 2241 402 2261 eri.

237 2268 284 2299 Ad
298 2268 356 2300 hoc
365 2294 374 2307 ,
391 2269 480 2309 grates
495 2271 576 2300 vobis
588 2270 734 2301 referimus
757 2269 835 2308 quod
847 2294 856 2307 ,
875 2277 960 2307 prout
979 2270 1063 2300 nobis
1077 2270 1246 2310 significastis

191 2307 272 2346 juxra
299 2308 464 2339 mandatum
488 2308 619 2339 nostrum
649 2317 738 2347 partes
758 2309 899 2339 Marclii.e
919 2309 1184 2347 appropinquabatis
1197 2334 1207 2348 ,
1229 2321 1244 2340 a

197 2346 376 2414 golloquium
396 2347 476 2386 super
498 2347 701 2379 reformatione
724 2348 799 2386 pacis
818 2346 961 2386 praedietae
984 2347 1135 2378 nobiscum
1157 2349 1265 2379 haben-

221 2394 278 2414 um.
795 2402 798 2410 ·

236 2422 275 2454 Et
293 2423 382 2453 sciatis
403 2424 480 2462 quod
503 2424 628 2455 dimidie
650 2423 844 2454 mandavimus
859 2423 938 2454 disto
953 2423 1028 2454 fratri
1041 2424 1159 2463 nostro,
1179 2425 1257 2464 quod

197 2461 432 2500 interceptiones,
450 2463 534 2492 fadias
548 2463 631 2493 vobis
645 2463 678 2493 &
692 2462 804 2501 vestris,
823 2463 893 2492 infra
908 2462 1053 2500 praediiftas
1068 2473 1194 2503 treugas,
1212 2475 1263 2503 per

198 2498 357 2530 Ricardum
372 2500 506 2538 Suwerd,
525 2501 582 2531 fine
594 2500 728 2531 dilatione
744 2500 828 2540 digne
847 2501 928 2531 faciat
948 2500 1108 2540 emendari,
1128 2503 1223 2541 quod,
1243 2503 1263 2533 si

198 2537 292 2568 facere
312 2538 434 2569 noluerit
448 2561 459 2577 ,
484 2549 537 2569 nos
557 2549 601 2569 eas
622 2539 773 2569 emendare
786 2549 846 2569 non
861 2540 1046 2578 omittemus,
1063 2541 1127 2578 quia
1140 2551 1195 2572 nec
1209 2551 1264 2581 pro

198 2575 281 2620 didio.
296 2575 381 2606 fratre
402 2577 502 2607 nostro
511 2600 522 2616 ,
540 2587 594 2608 nec
608 2587 662 2616 pro
677 2577 732 2608 alio
745 2577 878 2608 volumus
889 2577 1059 2616 aliquatenus
1075 2579 1187 2617 culpam
1199 2589 1264 2618 per-

196 2624 262 2653 Juru
274 2624 426 2645 incurrere.

234 2690 326 2722 Teste
337 2691 421 2731 Rege
434 2691 508 2730 apud
523 2690 642 2723 Geldof.
662 2701 699 2721 20
714 2691 761 2723 die
774 2692 928 2723 Februarii.

199 2837 319 2868 Littera
344 2836 454 2867 Comiti
476 2832 633 2868 Sabizudiae
653 2862 663 2878 ,
697 2834 898 2882 deprecatoria
907 2837 999 2883 sitper
1009 2836 1162 2881 pisturis,
1187 2851 1262 2886 quas

450 2882 537 2928 filius
555 2885 619 2930 ejus
633 2888 664 2917 in
681 2885 800 2932 Anglia
810 2883 997 2932 ficstinuiffit.

199 2966 329 3035 REdX
339 2968 445 3035 Γιῖοὶὴὶί
459 2969 521 2999 viro
534 2969 568 3000 &
581 2970 676 3001 arnico
690 2970 719 3000 in
739 2969 858 3001 Christo
872 2969 1016 3002 karissimo
1030 2970 1143 3003 Comiti
1157 2972 1262 3003 Saban-

291 3015 326 3035 1ae
350 3016 364 3035 a
375 3014 463 3036 utem,

238 3042 441 3074 Referentibus
462 3044 545 3075 nobis
567 3044 666 3076 Priore
686 3047 720 3078 &
734 3047 889 3078 Monachis
908 3046 1010 3078 sandiae
1024 3048 1172 3080 Trinitatis
1185 3048 1263 3080 Can-

200 3081 358 3119 tuariensis,
378 3083 478 3120 quibus
493 3082 623 3121 quasdam
641 3085 741 3116 litteras
759 3085 940 3117 transmisistis
981 3087 1168 3118 intelleximus
1184 3088 1263 3126 quod

200 3119 384 3165 vehementer
397 3121 470 3165 moti
483 3122 517 3152 ὃς
533 3122 686 3159 perturbati
700 3125 779 3154 eratis
787 3148 798 3164 ‚
815 3124 894 3163 super
906 3110 1072 3163 quibusdam
1086 3125 1215 3164 dampnis
1229 3128 1262 3158 ὃς

201 3167 305 3226 ξὲχὲτιις
318 3181 329 3196 ,
345 3159 429 3204 illatis.
445 3169 474 3189 in
495 3158 602 3199 Regno
622 3159 722 3192 nostro
743 3162 802 3193 filio
821 3163 918 3195 vestro
935 3163 1017 3202 super
1037 3163 1188 3195 redditibus
1211 3165 1263 3196 suis

201 3207 209 3226 i
231 3207 240 3226 i
261 3207 308 3226 em
320 3205 452 3235 optentis.

237 3234 284 3265 Ad
299 3235 396 3279 quod,
412 3237 442 3265 in
464 3236 578 3275 primis,
592 3236 714 3274 vestram
735 3240 865 3277 cupimus
879 3240 950 3271 scire
963 3239 1164 3280 dileetionem‚
1183 3241 1262 3280 quod

199 3282 285 3313 grave
304 3273 386 3303 nobis
407 3273 566 3305 admodum
585 3274 634 3318 est·
647 3276 683 3318 &¹
703 3277 873 3317 molestum,
889 3279 909 3309 si
924 3289 989 3317 quae
1002 3279 1123 3321 dampna
1136 3280 1263 3312 sustinuit

200 3313 350 3355 inRegno
363 3312 462 3342 nostro
475 3336 486 3350 ,
508 3313 588 3351 super
602 3314 739 3351 aliquibus
754 3316 914 3347 reddituum
927 3318 1043 3349 suorum
1060 3342 1070 3357 ,
1090 3328 1263 3350 memoratus

202 3350 272 3381 filius
287 3350 394 3388 vester,
414 3351 598 3388 quum,teste
613 3361 649 3381 eo
666 3361 753 3390 quem
766 3363 826 3384 non
839 3355 923 3385 latent
936 3356 1098 3387 abscondita
1110 3357 1243 3388 cordium
1252 3383 1261 3396 ,

201 3389 334 3420 volumus
348 3389 382 3419 &
396 3390 580 3427 praecepimus
594 3389 673 3427 quod
686 3389 835 3430 homines,
853 3403 911 3432 res,
928 3395 962 3425 &
978 3395 1100 3426 redditus
1117 3396 1198 3434 ipsius
1213 3395 1262 3427 filii

201 3426 287 3496 vesstkri
301 3438 386 3496 ,Dper
398 3436 501 3471 'totum
523 3426 604 3464 posse
622 3426 752 3459 nostrum
771 3431 824 3461 tuti
839 3432 989 3464 consistant
1003 3434 1037 3465 δε
1050 3433 1171 3474 defensi,
1190 3434 1261 3466 sicut

203 3476 242 3496 ΠΟ
270 3476 298 3495 i'a
343 3476 475 3496 ommlca.

239 3504 277 3535 Et
297 3504 354 3534 hoc
374 3504 433 3534 satis
455 3503 606 3534 declarabit
623 3514 744 3542 operum
764 3505 990 3546 subsequentium
1003 3509 1138 3549 effen-us,
1158 3521 1262 3550 quum,

202 3544 233 3572 in
248 3543 474 3581 quibuscumque
489 3549 622 3580 poterunt
635 3552 830 3582 procuratores
844 3547 925 3584 ipsius
937 3547 986 3578 filii
996 3548 1082 3579 vestri
1095 3559 1194 3580 coram
1208 3561 1263 3581 no-

203 3582 246 3611 bis
260 3581 400 3612 declarare
415 3579 491 3620 quod
505 3580 539 3610 ali
562 3590 606 3624 uas
617 3580 736 3619 jaeturas
749 3583 796 3614 vel
807 3583 929 3625 dampna
950 3586 1107 3618 sustinuerit
1113 3611 1123 3627 ,
1141 3588 1203 3618 haec
1225 3589 1262 3619 ita

200 3619 286 3659 digne
306 3620 442 3651 faciemus
461 3629 545 3650 emen
565 3629 620 3656 ari,
643 3618 733 3650 ablata
770 3620 834 3652 lene
853 3623 1041 3664 restituendo,
1068 3627 1101 3657 &
1123 3626 1190 3664 illis,
1215 3628 1264 3665 qui

201 3658 362 3697 hujusmodi
384 3658 493 3698 scelus,
519 3659 549 3688 in
569 3657 691 3688 dedecus
712 3667 752 3702 no
811 3669 859 3699 m,
884 3662 1038 3701 audebant,
1064 3672 1124 3694 tam
1145 3674 1263 3709 gravem

201 3706 320 3734 poenam
331 3696 503 3736 infligendo,
519 3695 598 3735 quod
611 3697 644 3727 ὅ(
659 3695 758 3734 vobis,
775 3698 809 3729 δε
827 3697 878 3736 ipsi
889 3699 947 3732 filio
962 3700 1058 3733 vestro
1072 3702 1264 3741 multipliciter

202 3735 310 3766 satisfiet
322 3736 352 3765 in
365 3735 418 3767 hac
432 3744 518 3774 parte.

239 3773 311 3805 Nec
326 3773 367 3805 est
382 3774 511 3812 necesse,
527 3783 582 3804 nec
597 3772 725 3811 expedit,
740 3772 760 3803 fi
774 3773 881 3813 placet,
899 3776 978 3814 quod
989 3781 1140 3811 memorati
1158 3791 1263 3818 procu-

206 3820 310 3843 ratores
330 3821 426 3843 exeant
445 3821 548 3844 terram
569 3812 695 3843 nostram
710 3836 719 3850 ,
745 3811 814 3842 sicut
836 3812 895 3843 fieri
914 3815 1086 3856 mandastis,
1133 3820 1263 3858 uoniam,

204 3860 290 3887 quam
297 3852 358 3882 cito
367 3876 376 3890 ,
385 3851 549 3890 quibusdam
557 3852 639 3880 minis
650 3850 753 3881 stolidis
762 3852 899 3888 perterriti
906 3853 1004 3890 ,nobis
1016 3855 1045 3885 id
1052 3856 1121 3896 signi
1141 3857 1261 3896 cassent,

206 3897 273 3926 eos,
289 3890 308 3909 ²*
323 3891 358 3921 &
373 3900 415 3920 res
429 3889 477 3920 filii
490 3888 592 3928 vestri,
607 3890 636 3918 in
650 3889 772 3927 partibus
787 3888 913 3928 Kantiae,
933 3892 963 3921 in
987 3893 1086 3931 quibus
1107 3904 1176 3925 tunc
1199 3906 1264 3933 age-

206 3926 289 3963 bant,
306 3928 336 3957 in
349 3928 430 3966 plena
443 3928 561 3958 fecimus
576 3938 644 3966 pace
659 3926 826 3967 consistere,
843 3937 896 3958 nec
911 3929 1008 3968 aliquis
1020 3941 1067 3962 eos
1080 3932 1177 3970 postea
1199 3944 1265 3964 mo-

206 3963 332 4003 lestavit,
349 3966 395 3996 vel
407 3966 586 4004 molestabit,
604 3967 696 3996 immo
712 3967 764 3996 tuti
778 3966 811 3997 &
825 3966 914 3997 securi
928 3966 1040 4000 stabunt
1061 3971 1091 4001 in
1108 3980 1179 4002 terra
1199 3983 1265 4003 nos-

207 4010 249 4034 tra
283 4002 353 4033 sicut
367 4004 451 4042 aliqui
464 4015 498 4035 ex
512 4004 630 4042 nostris,
649 4014 720 4042 quos
734 4005 852 4036 cariores
870 4004 1013 4036 habemus.
1103 4019 1105 4023 ¹

247 4025 429 4071 §ermtatem
450 4044 530 4082 igitur
550 4042 673 4074 vestram
693 4043 821 4073 attentius
841 4043 1010 4075 exorandam
1025 4044 1155 4078 duximus
1177 4049 1267 4086 quati-

210 4089 278 4117 nuS,
294 4078 314 4108 fi
335 4084 420 4117 quam
441 4081 662 4120 indignationem
684 4091 749 4117 erga
761 4091 830 4120 nm,
849 4082 894 4112 vel
906 4082 1036 4113 nostrum
1049 4084 1205 4124 Regnum,
1221 4086 1267 4117 vel

209 4118 331 4156 aliquem
350 4116 387 4149 de
406 4117 524 4158 nostris,
541 4119 691 4151 occasione
707 4119 863 4158 supradicta
877 4120 1062 4162 concepistis,
1085 4133 1148 4154 eam
1171 4126 1269 4155 remit-

1313 223 1785 273 PUBLICA.
2273 246 2347 277 111

1299 316 1358 340 tere
1377 311 1482 356 velitis,
1499 312 1687 358 indubitanter
1707 317 1798 347 scituri
1820 319 1898 356 quod
1912 317 2051 350 offensam
2064 314 2204 358 vestram,
2223 327 2255 352 ur
2268 322 2353 351 amici
2369 318 2445 350 An'n.
2459 317 2499 351 D.

1298 348 1387 392 nostri
1406 349 1533 386 speciales
1554 353 1587 382 &
1607 353 1701 383 dileeti
1716 379 1725 392 ,
1748 357 1877 393 cupimus
1899 358 1933 388 &
1952 359 2085 389 volumus
2106 359 2199 389 modis
2218 359 2352 389 omnibus
2397 368 2481 397 1232.

1297 385 1436 425 devuare,
1455 389 1488 418 ὃ(
1508 400 1539 419 ea
1559 389 1743 422 desideranter
1761 394 1851 424 facere
1873 405 1937 434 quae
1957 395 2077 427 debeant
2099 398 2230 428 amicitiae
2252 397 2353 428 vestrae
2370 403 2434 426 Heu.
2455 408 2479 433 3.

1297 425 1485 463 complacere.

1334 501 1423 532 Teste
1438 502 1546 541 meipso
1560 503 1633 542 apud
1645 503 1934 539 westmonasterium
1943 534 1952 548 ,
1971 518 2009 540 20
2023 512 2069 542 die
2085 510 2196 550 Aprilis.

1296 642 1453 685 Qeritur
1479 643 1638 688 Gregorius
1666 643 1702 676 de
1733 643 1888 687 [ministris
1922 647 1989 690 sitis
2020 649 2255 682 male-immicis
2270 674 2280 692 ,
2314 652 2351 686 ξέν’

1673 693 1766 724 Ezdlis
1789 694 1976 727 conculcatis.

1299 772 1363 832 G
1373 770 1513 812 Regorius
1526 775 1697 815 Episcopus,
1716 777 1808 807 servus
1819 778 1964 809 servorum
1977 777 2052 818 Dei,
2071 780 2212 812 cariffimo
2225 781 2253 811 in
2267 779 2353 812 Chri·
2371 782 2446 814 Ann.
2460 783 2500 815 Di

1386 811 1430 842 sto
1444 812 1502 843 filio

1296 856 1360 876 cam
1372 850 1613 883 benedictionem.

1677 815 1775 845 illustri
1791 816 1867 855 Regi
1879 817 1991 855 Angliae
2005 818 2138 858 salutem,
2157 822 2190 851 &
2207 819 2353 858 Apostoli-
2371 832 2482 888 Αηῃὲ.

2397 872 2422 888 n.
2445 872 2452 888 1
2480 882 2486 888 ι

1329 885 1362 928 ιὃὶ
1381 887 1489 919 labores
1504 892 1538 921 ὃς
1552 891 1846 929 onera‚detrafflones
1861 894 1894 924 &
1909 892 1990 932 odi-a,
2007 894 2190 934 sugillationes
2203 897 2237 928 &
2257 906 2355 936 grava-
2369 903 2404 926 H.
2425 910 2449 935 3.

1295 933 1370 953 mina
1385 949 1394 963 ,
1416 936 1479 969 quae
1493 953 1502 965 ,
1521 939 1574 966 pro
1595 938 1623 959 te
1640 940 1673 960 ac
1696 930 1942 968 praedecefforibus
1964 934 2016 962 tuis
2032 958 2041 971 ,
2057 933 2182 964 Ecclesia
2202 936 2351 973 Romana,
2371 940 2475 964 ExAu-

1295 962 1438 993 modernis
1460 968 1636 1004 temporibus
1659 969 1692 999 δε
1705 970 1841 1006 antiquis,
1859 970 2002 1009 sustinuit3
2021 981 2136 1002 necnon
2151 974 2184 1003 ck
2200 973 2352 1010 beneficia,
2371 982 2434 1011 mgr.

1295 1009 1358 1043 qua:
1372 1002 1483 1032 diversis
1497 1006 1673 1041 temporibus
1689 1008 1739 1036 tibi
1754 1008 1787 1036 &
1803 1006 1909 1045 Regno
1922 1017 1973 1038 tuo
1985 1011 2119 1049 contulit,
2138 1011 2299 1041 excellentia
2309 1022 2353 1041 re-

1292 1038 1357 1076 galis
1378 1038 1533 1071 adverteret
1546 1066 1555 1080 ,
1573 1044 1607 1072 &
1627 1044 1737 1073 cellulae
1757 1045 1956 1075 commendata
1975 1050 2121 1078 memoriae
2139 1050 2168 1078 in
2186 1051 2282 1079 animo
2303 1049 2353 1080 suo

1294 1076 1562 1122 revolveret-saepius
1576 1081 1724 1119 recensita,
1741 1082 1775 1112 &
1789 1083 1871 1112 nobis
1884 1093 1943 1112 non
1956 1083 2058 1115 adesset
2082 1087 2203 1124 querelae
2222 1090 2352 1127 materia,

1293 1114 1327 1144 δε
1341 1113 1440 1146 locum
1454 1119 1655 1157 ingratitudinis
1667 1120 1769 1150 vitium
1783 1130 1843 1149 non
1859 1120 1982 1150 haberet.

1332 1152 1422 1192 Sane,
1441 1156 1547 1186 omissis
1559 1156 1633 1196 aliis,
1651 1167 1716 1195 quse
1732 1159 1876 1195 praeteritis
1893 1160 2068 1196 temporibus
2090 1163 2268 1202 aeciderunt,
2288 1174 2353 1203 quae

1292 1189 1412 1231 longum
1427 1194 1495 1225 esset
1510 1196 1544 1226 <Sc
1556 1197 1639 1226 nimis
1653 1196 1786 1234 difficile,
1802 1196 1934 1226 revolutis
1948 1198 2075 1237 regestiS,
2093 1210 2142 1236 pei·
2160 1202 2262 1240 lingula
2280 1204 2352 1233 reci-

1293 1236 1375 1274 tare,
1402 1233 1480 1271 cujus
1499 1233 1634 1264 instinffni
1657 1234 1749 1272 potest
1769 1235 1863 1274 regalis
1883 1235 2008 1265 serenitas
2029 1237 2166 1268 oblivioni
2187 1240 2328 1270 mandasse
2342 1265 2352 1285 ³

1296 1268 1411 1306 qualiter
1428 1296 1437 1309 ,
1464 1271 1559 1302 faelicis
1578 1274 1726 1303 memoriae
1746 1272 1908 1303 innocentii
1928 1273 2013 1311 Papae
2035 1275 2244 1312 praedecessoris
2264 1279 2353 1309 nostri

1293 1313 1439 1348 tempore,
1458 1310 1559 1349 nobis,
1575 1319 1644 1341 tunc
1659 1312 1686 1341 in
1700 1312 1803 1342 minori
1815 1310 1915 1342 officio
1924 1312 2097 1351 constitutis,
2107 1315 2196 1352 ipsum
2209 1318 2355 1354 negotium

1294 1355 1329 1375 ex
1351 1354 1420 1377 tunc
1441 1349 1541 1378 utiliter
1560 1351 1790 1387 procurantibuS,
1808 1360 1868 1380 non
1888 1350 1979 1381 solum
1993 1350 2132 1391 Regnum
2146 1354 2179 1384 ὃς
2193 1353 2289 1393 Regni
2302 1355 2355 1385 ho·-

1294 1393 1413 1431 norem,
1432 1386 1477 1416 sed
1492 1386 1578 1417 Patris
1590 1390 1645 1427 tui,
1664 1389 1698 1419 ὃς
1713 1388 1859 1427 personam
1874 1397 1951 1419 tuam
1966 1400 1981 1419 a
2005 1390 2136 1420 servitute
2156 1387 2304 1431 perpetua,
2320 1390 2354 1424 δὲ

1296 1433 1357 1467 riori
1372 1433 1388 1453 a
1403 1425 1474 1467 quali
1491 1427 1563 1463 quali
1577 1426 1749 1466 adversario,
1766 1427 1813 1457 vel
1827 1429 1917 1458 verius
1932 1427 2106 1467 adversariis,
2124 1439 2184 1460 non
2199 1439 2308 1462 tanturn
2327 1443 2356 1463 a-

1294 1461 1387 1500 lienis,
1408 1463 1452 1493 led
1467 1466 1551 1494 etiam
1565 1464 1743 1504 domesticis,
1761 1466 1910 1496 liberavit?

1334 1501 1412 1544 QAE
1428 1505 1584 1542 memoria,
1604 1513 1866 1543 quantumcumque
1879 1504 1984 1544 labilis,
2004 1507 2127 1536 maxime
2138 1507 2167 1536 in
2179 1510 2297 1546 proprio
2305 1519 2355 1540 ne-

1295 1548 1393 1577 gotio,
1410 1548 1469 1571 non
1482 1550 1591 1573 teneret
1605 1544 1720 1581 qualiter
1754 1543 1890 1574 Ecclesiae
1904 1543 2047 1575 Romana„²
2058 1545 2168 1584 legato,
2185 1551 2238 1584 pro
2253 1557 2299 1577 tua
2321 1549 2356 1579 δε

1295 1577 1391 1618 Regni
1413 1581 1452 1623 tui
1473 1580 1654 1620 liberatione,
1673 1566 1803 1620 obsesso,
1822 1583 1856 1614 ὃς
1876 1583 1991 1613 ecclesia
2005 1583 2118 1613 tandem
2131 1584 2302 1622 spiritualiter
2322 1587 2356 1617 ὃ(

1295 1617 1484 1656 temporaliter
1503 1621 1575 1650 vires
1596 1620 1653 1650 suas
1666 1622 1809 1652 conflante
1822 1622 1851 1651 in
1866 1631 1956 1652 unum
1990 1621 2102 1652 dexrera
2115 1621 2237 1653 Domini
2251 1624 2356 1661 facien-

1295 1662 1339 1699 te,
1357 1657 1490 1687 virtutem
1510 1658 1687 1689 obsidentem
1708 1661 1738 1689 in
1756 1668 1855 1690 manus
1876 1645 1975 1690 obsessi
1996 1670 2064 1690 cum
2084 1662 2219 1692 omnibus
2232 1663 2355 1694 inimicis

1296 1693 1455 1735 alienigenis
1470 1697 1504 1727 &
1519 1696 1681 1728 domesticis
1695 1699 1818 1735 potentia
1831 1698 1924 1729 divina
1935 1699 2094 1730 conclusit?

1334 1733 1504 1776 Numquid,
1523 1744 1551 1765 te
1565 1737 1580 1765 a
1596 1737 1678 1766 clane
1694 1737 1842 1766 memoriae
1854 1745 1930 1775 patre
1944 1746 2011 1776 tuo,
2028 1737 2103 1776 quasi
2120 1738 2185 1777 jure
2204 1738 2356 1770 testamen-

1296 1780 1366 1802 tario
1386 1771 1549 1810 adoptatum
1570 1775 1598 1804 in
1618 1774 1706 1805 filium
1729 1776 1821 1805 matris
1843 1775 1983 1814 ecclefiae,
2001 1777 2095 1807 tutelae
2107 1777 2258 1817 officium,
2277 1774 2356 1818 quod

1295 1811 1323 1839 in
1346 1819 1373 1840 te
1392 1811 1585 1843 studiosilsiine
1607 1812 1708 1852 gessit,
1726 1815 1759 1844 &
1782 1814 1958 1852 praesidentes
1981 1815 2009 1844 in
2030 1815 2084 1853 ipsa
2097 1840 2106 1853 ,
2131 1825 2160 1847 te
2180 1826 2212 1848 ac
2234 1826 2354 1857 regnum

1296 1857 1377 1879 tuum
1390 1850 1576 1881 confovendo
1591 1853 1622 1881 iri
1633 1852 1785 1891 prosperis,
1805 1854 1838 1883 ὃς
1854 1852 2005 1883 resistendo
2027 1853 2162 1894 adversis,
2181 1855 2357 1886 credendum

1296 1886 1337 1918 est
1349 1897 1393 1927 te,
1413 1888 1490 1927 quod
1505 1899 1578 1927 patet
1591 1892 1670 1928 lippis
1685 1892 1717 1922 &
1731 1890 1907 1929 tonsoribus,
1925 1892 2073 1931 ignorare?

1335 1927 1444 1965 Qod,
1463 1928 1481 1957 si
1496 1928 1531 1958 de
1546 1928 1645 1959 nostris
1660 1930 1835 1966 temporibus
1850 1931 1955 1968 agitur,
1974 1939 2074 1968 praeter
2087 1941 2133 1969 ea,
2152 1931 2232 1970 quod
2250 1930 2279 1962 iri
2301 1932 2356 1962 mia

1295 1967 1358 1995 nori
1379 1966 1478 1997 officio
1499 1967 1660 2006 constituti,
1679 1968 1792 1998 fincerae
1813 1970 1930 1999 caritatis
1950 1968 2074 2008 affeetu,
2094 1971 2226 2000 exhibere
2248 1973 2356 2001 curavi‹

1297 2013 1376 2042 inus,
1394 2006 1446 2035 tibi
1461 2006 1493 2036 ὃ(
1509 2005 1614 2046 Regno
1631 2017 1682 2037 tuo
1698 2007 1785 2037 multa
1806 2007 1959 2045 beneficia,
1977 2007 2010 2037 ad
2029 2007 2279 2040 confirmationem
2303 2009 2357 2040 ho-

1296 2044 1372 2073 noris
1390 2045 1424 2074 &
1443 2043 1539 2084 Regni
1558 2046 1597 2075 tui
1621 2044 1723 2075 statum
1739 2070 1748 2083 ,
1766 2045 1930 2083 apostolicae
1951 2046 2019 2076 sedis
2041 2048 2157 2086 gratiam
2178 2047 2357 2087 ampliando,

1297 2082 1488 2122 contulimus,
1507 2093 1571 2121 quae
1586 2084 1690 2114 referre
1704 2094 1753 2122 per
1766 2084 1868 2124 singula
1881 2095 1941 2116 non
1954 2084 2075 2116 deceret.

1359 2120 1406 2159 ed,
1426 2129 1457 2152 ut
1477 2121 1514 2152 de
1533 2123 1639 2153 caeteris
1661 2131 1800 2153 taceamus
1815 2147 1825 2161 ,
1844 2124 1895 2154 nisi
1915 2123 2104 2154 Nunciorum
2126 2133 2260 2163 tuorum,
2280 2125 2359 2163 quod

1299 2168 1359 2194 non
1378 2160 1535 2199 credimus,
1553 2171 1607 2192 nos
1627 2161 1699 2192 fallat
1717 2161 1844 2199 oblivio,
1864 2162 2058 2193 excellentiam
2079 2164 2186 2200 regi-arn
2210 2174 2263 2200 pro
2279 2173 2359 2194 certo

1299 2205 1395 2228 tenere
1407 2198 1548 2230 credimus
1563 2210 1632 2238 nos,
1650 2201 1666 2230 a
1678 2200 1869 2238 promotionis
1882 2200 1986 2231 nostrae
2002 2201 2177 2240 primordio,
2195 2203 2246 2232 tibi
2261 2203 2293 2233 &
2308 2203 2360 2232 tuis

1299 2235 1427 2268 fidelibus
1442 2238 1630 2269 favorabiliter
1643 2238 1772 2278 astitisse,
1790 2249 1852 2269 non
1865 2239 1957 2270 solum
1971 2240 2006 2269 ab
2019 2240 2070 2270 hiis
2083 2241 2130 2278 qui
2145 2250 2251 2280 prope,
2267 2240 2311 2270 sed
2326 2242 2359 2272 &

1299 2276 1335 2305 ab
1354 2276 1405 2306 hiis
1428 2278 1476 2316 qui
1497 2277 1545 2308 lon
1567 2288 1605 2316 e,
1629 2278 1818 2316 tranquilitatis
1838 2279 1890 2308 tibi
1909 2287 2040 2318 tempora
2059 2287 2240 2319 procurantes
2263 2289 2361 2310 contra

1299 2314 1466 2353 Principum
1490 2316 1524 2347 &
1545 2287 1729 2357 &agnatunn
1747 2324 1782 2347 ex
1803 2318 1886 2349 omni
1905 2325 1981 2355 parte
2005 2316 2101 2357 Regni
2111 2317 2168 2356 sui,
2186 2320 2361 2357 potentiani,

1300 2353 1464 2385 reducendo
1480 2355 1612 2386 nubilum
1627 2357 1655 2385 in
1668 2357 1806 2387 serenum.

1339 2392 1410 2423 Nec
1431 2402 1542 2424 tantum
1563 2394 1658 2425 tutelas
1679 2393 1827 2433 officium,
1846 2393 1892 2425 vel
1905 2395 1999 2425 matris
2013 2395 2156 2432 gremium
2168 2393 2362 2434 confoventis,

1299 2439 1431 2468 tempore
1445 2432 1563 2472 nostro,
1580 2444 1632 2463 nos
1647 2432 1757 2471 gessisse
1771 2434 1969 2472 meminimus,
1988 2433 2034 2463 sed
2056 2442 2100 2472 te,
2114 2435 2173 2472 jam
2193 2443 2274 2465 aetate
2296 2441 2363 2473 pro«

1301 2469 1436 2510 vetrum,
1456 2479 1556 2509 praeter
1574 2472 1643 2510 juris
1663 2470 1794 2502 ordinem
1801 2495 1812 2516 Ρ
1832 2472 1975 2502 minorem
1997 2472 2117 2511 gaudere
2138 2472 2287 2510 privilegio
2299 2483 2362 2510 per-

1300 2509 1458 2547 mittentes,
1477 2519 1526 2547 per
1551 2509 1722 2541 beneficium
1742 2510 1922 2540 restitutionis
1957 2512 1986 2540 in
2008 2512 2170 2550 integrum,
2196 2511 2271 2549 quasi
2293 2520 2363 2549 prce·

1300 2546 1451 2584 scriptione
1466 2550 1602 2587 temporis
1625 2548 1743 2588 relegata
1782 2549 1812 2578 in
1832 2549 1965 2579 omnibus
1981 2572 1990 2585 ,
2017 2558 2081 2587 quae
2102 2548 2190 2589 Regis
2211 2547 2245 2580 δε
2267 2549 2364 2590 Regni

1301 2586 1482 2625 contigerunt
1502 2586 1646 2617 honorem
1662 2611 1672 2626 ‚
1698 2573 1819 2618 studiose
1836 2587 2016 2618 subvenimus
2031 2610 2041 2626 ,
2056 2587 2198 2626 J'udicium
2218 2587 2314 2626 saepius
2334 2589 2363 2617 in

1301 2625 1418 2663 gratiam
1433 2624 1637 2655 convertendo.
1731 2628 1733 2631 '

1337 2661 1400 2693 Hiis
1422 2665 1507 2693 etiam
1525 2664 1623 2694 diebus
1645 2663 1748 2694 iiostrae
1769 2663 1822 2695 tibi
1833 2673 1893 2693 non
1908 2663 1996 2695 defuit
2005 2665 2097 2704 gratiae
2111 2664 2273 2703 plenitudo,
2293 2661 2364 2695 dum

1301 2710 1400 2732 contra
1415 2701 1573 2733 multorum
1587 2703 1619 2733 ὅ(
1635 2712 1807 2740 magnorum
1818 2702 1948 2741 consilia,
1967 2712 2027 2733 non
2042 2704 2098 2733 line
2111 2705 2190 2740 gravi
2202 2704 2308 2742 jactura
2329 2704 2363 2734 &

1300 2739 1428 2770 scandalo
1441 2740 1620 2778 quorundam
1636 2741 1802 2779 Principum
1815 2741 1849 2772 &
1864 2740 2046 2780 Potentium,
2063 2743 2183 2773 verbum
2195 2752 2248 2779 pro
2267 2750 2296 2772 te
2313 2752 2363 2772 ne-

1249 2782 1252 2784 ’
1301 2780 1378 2809 mine
1397 2779 1533 2817 faciente,
1552 2779 1682 2819 quaedam
1702 2781 1784 2810 caute
1805 2779 1962 2811 distulimus
1984 2789 2047 2819 quae
2068 2780 2226 2821 progressus
2244 2788 2309 2811 tuos
2329 2781 2359 2811 in

1301 2816 1447 2856 posterum
1463 2825 1591 2856 poterant
1604 2828 1664 2849 non
1676 2818 1825 2849 modicum
1838 2818 1982 2858 impedire.

1342 2856 1390 2887 Ut
1409 2864 1505 2887 autem
1526 2857 1662 2894 providus
1684 2857 1804 2887 reddaris
1816 2858 1850 2888 &
1864 2865 1977 2896 cautus,
1993 2856 2063 2888 scire
2074 2866 2104 2888 te
2117 2857 2251 2889 volumus
2266 2855 2364 2896 quod,

1301 2905 1317 2925 a
1330 2896 1406 2925 trino
1420 2895 1549 2934 climate,
1569 2896 1587 2914 ²¹²
1608 2894 1716 2926 libellus
1730 2895 1844 2933 triplicis
1857 2895 2061 2936 supplicationis
2081 2897 2233 2934 ingeritur,
2252 2898 2286 2928 &
2306 2898 2362 2927 iin-

1302 2942 1423 2972 portune
1437 2933 1470 2964 ad
1480 2934 1593 2972 januam
1608 2933 1738 2973 pulsavit,
1756 2935 1790 2965 &
1805 2934 1907 2973 pulsat,
1926 2934 2068 2973 ecclefiae,
2086 2934 2229 2973 postulans
2247 2937 2363 2974 gratiam

1302 2982 1363 3003 non
1377 2982 1500 3010 novam,
1518 2972 1682 3003 concessam
1696 2973 1837 3011 pluribus,
1854 2983 1908 3003 nec
1918 2974 1974 3012 juri
1989 2974 2172 3004 contrariam:
2193 2974 2255 3012 Qii
2270 2974 2365 3004 sifuis-

1302 3011 1340 3041 set
1354 3010 1388 3040 ad
1401 3011 1546 3041 sacrarium
1562 3010 1744 3041 exauditionis
1755 3010 1905 3049 admissus,
1923 3013 1956 3043 δε
1973 3021 2062 3042 mater
2076 3010 2124 3042 filii
2139 3014 2210 3042 uteri
2225 3012 2263 3043 sui
2271 3013 2365 3044 fuisset

1301 3049 1405 3088 oblita,
1423 3059 1600 3088 nequaquam
1615 3049 1709 3080 cordis
1723 3051 1845 3089 imperio
1860 3049 1959 3080 oculus
1972 3050 2128 3089 annuisset,
2147 3061 2245 3081 manus
2264 3052 2364 3082 cessas-

1302 3087 1341 3118 set
1363 3098 1378 3117 a
1399 3088 1516 3125 scelere,
1535 3089 1627 3127 lingua
1647 3098 1707 3118 non
1730 3087 1941 3125 blasphemaffet
1961 3088 1990 3118 in
2004 3089 2132 3128 coelum,
2150 3098 2204 3120 nec
2219 3091 2306 3120 animi
2321 3089 2362 3119 se-

1302 3135 1376 3156 creta
1391 3127 1609 3157 continuationis
1620 3126 1743 3157 occultae
1756 3135 1878 3164 operum
1891 3137 1966 3158 nova
1979 3128 2118 3158 temeritas
2125 3128 2284 3167 detexiss'et3
2293 3137 2366 3166 prae-

1301 3165 1392 3195 sertim
1407 3165 1456 3195 ubi
1472 3167 1575 3195 timore
1590 3174 1684 3202 poenae
1698 3166 1778 3195 amor
1788 3164 1902 3204 justitiae
1916 3166 2065 3204 superatur.

1339 3203 1374 3234 N
1377 3214 1409 3234 ec
1425 3204 1498 3240 apud
1512 3212 1540 3234 te
1554 3203 1626 3233 aliud
1641 3203 1796 3234 ommisisse
1809 3203 1944 3242 fatemur,
1963 3205 2012 3234 nisi
2029 3204 2107 3243 quod
2119 3203 2190 3236 adeo
2203 3204 2363 3236 tenerrimae

1303 3243 1330 3271 in
1350 3250 1377 3272 te
1399 3241 1483 3272 ubera
1505 3242 1598 3272 matris
1622 3241 1816 3281 extendimus,
1835 3242 1912 3279 quod
1933 3244 2050 3273 verbera
2072 3245 2153 3281 patris
2167 3243 2361 3280 ommiiimus3

1303 3281 1438 3318 sperantes
1460 3281 1520 3318 plus
1540 3289 1575 3310 ex
1596 3289 1730 3310 maternae
1749 3280 1904 3312 dulcedinis
1925 3282 2067 3320 ubertate,
2088 3292 2173 3320 quam
2191 3291 2224 3311 ex
2239 3290 2363 3318 paternae

1302 3319 1486 3349 correcstionis
1502 3319 1651 3349 acerbitate
1665 3320 1767 3350 timeri.

1340 3357 1414 3396 Sed,
1433 3357 1511 3396 quod
1531 3357 1658 3387 dolentes
1676 3359 1838 3397 referimus,
1856 3359 1889 3389 &
1908 3367 1967 3388 non
1990 3357 2046 3388 sine
2065 3356 2247 3388 amaritudine
2271 3356 2365 3389 cordis

1302 3396 1470 3433 recolimus,
1491 3396 1567 3426 versa
1581 3396 1621 3426 est
1637 3397 1665 3426 in
1678 3396 1789 3427 luCtum
1804 3397 1905 3427 cithara
1918 3396 2028 3434 nostra,
2046 3397 2116 3426 duni
2130 3398 2228 3434 nobis,
2246 3396 2296 3426 hiis
2304 3397 2364 3427 die-

1302 3435 1372 3472 bus,
1391 3435 1418 3463 in
1442 3434 1548 3474 Regno
1567 3444 1635 3472 tuo,
1655 3444 1708 3472 pro
1728 3445 1799 3473 pane
1820 3436 1902 3473 lapis,
1921 3445 1972 3472 pro
1993 3445 2053 3465 ovo
2067 3435 2196 3472 scorpio,
2212 3444 2266 3472 pro
2279 3436 2365 3466 melle

1301 3473 1485 3503 abscinthium
1499 3482 1675 3511 praeparatur.

1337 3511 1403 3549 Ejal
1423 3521 1491 3541 ecce
1506 3511 1545 3541 fili
1554 3511 1709 3550 carissime,
1728 3512 1764 3550 si,
1782 3521 1834 3549 pro
1851 3511 1921 3541 statu
1937 3518 1988 3541 tuo
2003 3511 2037 3542 &
2058 3510 2153 3550 Regni
2173 3512 2214 3542 tui
2233 3511 2363 3552 honore,

1301 3551 1503 3580 reformatione
1526 3549 1718 3580 ecclesiasticae
1740 3550 1891 3580 honestatis
1935 3560 2049 3579 necnon
2071 3550 2104 3580 &
2123 3551 2298 3590 corrigendis
2314 3560 2363 3582 ex-

1302 3587 1421 3619 cessibus
1442 3588 1687 3628 transgressorum,
1706 3589 1806 3619 litteras
1830 3574 2006 3625 Apolliilicas
2028 3589 2056 3617 in
2078 3588 2217 3628 Regnum
2232 3589 2364 3629 Angliae,

1302 3637 1351 3665 per
1365 3625 1500 3657 Cursores
1515 3626 1645 3664 nostros,
1661 3627 1730 3657 sicut
1745 3628 1778 3658 &
1793 3636 1842 3664 per
1856 3626 1905 3656 alia
1920 3626 2018 3656 mundi
2031 3626 2362 3667 Regna,transmifirnus;

1305 3665 1372 3703 quid
1396 3665 1558 3696 obedientia
1574 3666 1697 3703 ipsorum
1719 3664 1857 3694 demeruit
1877 3673 1924 3702 iit,
1943 3675 1957 3693 a
1978 3664 2092 3695 vassallis
2107 3667 2160 3696 tuis
2178 3667 2212 3698 &
2225 3666 2363 3698 domesti-

1302 3705 1360 3741 cis,
1376 3714 1435 3734 non
1457 3704 1513 3733 sine
1531 3703 1595 3741 turi,
1614 3712 1645 3733 ut
1664 3700 1995 3745 &citum-conniventis,
2013 3712 2090 3742 uno,
2107 3707 2141 3736 ὃς
2161 3703 2198 3735 de
2213 3705 2266 3736 tuis
2280 3706 2366 3744 parti·-

1302 3742 1354 3772 bus
1369 3742 1508 3779 oriundo,
1526 3742 1714 3771 inhumaniter
1729 3742 1757 3771 in
1772 3741 1857 3771 trusta
1868 3741 2000 3780 conciso,
2018 3742 2051 3772 &
2064 3743 2153 3773 altero
2171 3744 2308 3775 semivivo
2321 3754 2364 3774 re-

1302 3781 1390 3819 licto,
1407 3781 1502 3811 litteris
1525 3781 1610 3809 etiam
1631 3778 1762 3816 dillipatis
1778 3802 1787 3818 ‚
1805 3779 1879 3810 bulla
1899 3779 1993 3810 nostra
2013 3781 2175 3812 conculcari
2195 3782 2310 3812 deberet
2331 3783 2360 3812 in

1303 3819 1410 3855 Regno
1423 3843 1432 3856 ,
1451 3829 1504 3856 pro
1524 3819 1602 3855 cujus
1622 3818 1742 3848 tuitione
1761 3828 1793 3848 ac
1813 3818 1977 3848 exaltatione
1995 3821 2130 3850 continua
2144 3844 2153 3859 ,
2170 3821 2243 3861 apud
2264 3820 2359 3859 Reges

1302 3859 1336 3888 δε
1350 3857 1508 3918 Principes,
1526 3866 1576 3893 pei·
1590 3855 1707 3887 diversas
1720 3856 1804 3887 seculi
1816 3857 1963 3895 regiones,
1980 3856 2133 3889 transmissa
2154 3860 2256 3890 totiens
2276 3868 2360 3896 pero-

1304 3904 1386 3925 raVit.

1341 3934 1370 3963 Si
1384 3934 1454 3971 patri
1466 3934 1494 3961 in
1508 3931 1613 3970 Regno
1627 3931 1824 3971 primogeniti,
1843 3931 1863 3962 si
1878 3934 1957 3963 matri
1970 3933 1998 3964 in
2013 3942 2086 3966 terra
2099 3934 2146 3965 filii
2182 3934 2200 3964 si
2224 3935 2308 3965 tutori
2329 3933 2359 3964 in

1304 3981 1377 4002 terra
1398 3971 1510 4008 pupilli,
1529 3971 1549 4000 si
1567 3970 1687 4001 domino
1711 3971 1745 4001 &
1765 3971 1838 4000 bene
1849 3972 1953 4002 merito
1965 3973 1993 4002 in
2008 3981 2080 4004 terra
2096 3959 2214 4010 vassalli,
2232 3973 2360 4002 securitas

1304 4011 1359 4041 viae
1372 4008 1566 4047 praecluditur,
1584 4009 1617 4039 &
1629 4010 1679 4038 ubi
1692 4009 1775 4039 bullae
1789 4009 1895 4039 nostrae'
1905 4009 1985 4040 locus
2006 4013 2092 4042 tutior
2113 4011 2288 4048 requiretur?
2324 4009 2359 4040 In

1305 4049 1382 4086 cujus
1394 4047 1560 4077 numismate
1573 4057 1638 4084 quae
1648 4047 1710 4077 sunt
1724 4046 1839 4077 Caesaris
1854 4047 1955 4078 Car-:sari
1991 4050 2024 4080 &
2040 4060 2104 4088 quae
2119 4050 2179 4080 sunt
2191 4048 2250 4079 Dei
2270 4048 2358 4086 Deo,

1306 4085 1419 4116 ecclesia
1440 4085 1589 4123 Romana,
1603 4085 1648 4116 vel
1669 4087 1761 4116 verius
1780 4085 1854 4124 Jehu
1875 4073 1996 4117 Chrisio
2010 4086 2069 4118 filio
2084 4087 2142 4118 Dei
2153 4087 2227 4125 vivi,
2246 4087 2358 4125 ejusque

1307 4125 1336 4154 in
1351 4125 1430 4154 terris
1442 4123 1559 4165 Vicario
1571 4123 1745 4155 ministrante
1758 4125 1786 4158 in
1801 4125 1872 4163 ipsa,
1889 4124 2050 4158 redduntur.
2300 4157 2365 4191 H&

2381 2891 2514 2933 *1.323.
