<?xml version="1.0" encoding="UTF-8"?>
<!DOCTYPE html PUBLIC "-//W3C//DTD XHTML 1.0 Transitional//EN"
    "http://www.w3.org/TR/xhtml1/DTD/xhtml1-transitional.dtd">
<html xmlns="http://www.w3.org/1999/xhtml" xml:lang="en" lang="en">
 <head>
  <title>
</title>
<meta http-equiv="Content-Type" content="text/html;charset=utf-8" />
  <meta name='ocr-system' content='tesseract 3.04.00' />
  <meta name='ocr-capabilities' content='ocr_page ocr_carea ocr_par ocr_line ocrx_word'/>
</head>
<body>
  <div class='ocr_page' id='page_1' title='image "./fderaconventione01ryme_0768.png"; bbox 0 0 2570 4261; ppageno 0'>
   <div class='ocr_carea' id='block_1_1' title="bbox 78 197 211 304">
    <p class='ocr_par' dir='ltr' id='par_1_1' title="bbox 78 197 211 304">
     <span class='ocr_line' id='line_1_1' title="bbox 78 197 211 230; baseline -0.015 0"><span class='ocrx_word' id='word_1_1' title='bbox 78 199 127 230; x_wconf 74' lang='lat' dir='ltr'>An</span> <span class='ocrx_word' id='word_1_2' title='bbox 138 209 157 229; x_wconf 59' lang='lat'>³.</span> <span class='ocrx_word' id='word_1_3' title='bbox 170 197 211 228; x_wconf 88' lang='lat' dir='ltr'>D.</span> 
     </span>
     <span class='ocr_line' id='line_1_2' title="bbox 103 245 185 275; baseline -0.012 -8"><span class='ocrx_word' id='word_1_4' title='bbox 103 245 185 275; x_wconf 80' lang='lat'><em>1305.</em></span> 
     </span>
     <span class='ocr_line' id='line_1_3' title="bbox 82 280 193 304; baseline 0 -3"><span class='ocrx_word' id='word_1_5' title='bbox 82 280 147 304; x_wconf 63' lang='lat' dir='ltr'>av.</span> <span class='ocrx_word' id='word_1_6' title='bbox 171 285 193 302; x_wconf 85' lang='lat' dir='ltr'>i.</span> 
     </span>
    </p>
   </div>
   <div class='ocr_carea' id='block_1_2' title="bbox 83 452 212 489">
    <p class='ocr_par' dir='ltr' id='par_1_2' title="bbox 83 452 212 489">
     <span class='ocr_line' id='line_1_4' title="bbox 83 452 212 489; baseline -0.016 -7"><span class='ocrx_word' id='word_1_7' title='bbox 83 452 212 489; x_wconf 57' lang='grc' dir='ltr'>*ΙΙ-964.</span> 
     </span>
    </p>
   </div>
   <div class='ocr_carea' id='block_1_3' title="bbox 56 3839 125 3861">
    <p class='ocr_par' dir='ltr' id='par_1_3' title="bbox 56 3839 125 3861">
     <span class='ocr_line' id='line_1_5' title="bbox 56 3839 125 3861; baseline 0 0"><span class='ocrx_word' id='word_1_8' title='bbox 56 3839 125 3861; x_wconf 66' lang='lat' dir='ltr'>Li.</span> 
     </span>
    </p>
   </div>
   <div class='ocr_carea' id='block_1_4' title="bbox 222 148 278 189">
    <p class='ocr_par' dir='ltr' id='par_1_4' title="bbox 222 148 278 189">
     <span class='ocr_line' id='line_1_6' title="bbox 222 148 278 189; baseline 0 -12"><span class='ocrx_word' id='word_1_9' title='bbox 222 148 278 189; x_wconf 81' lang='lat'>40</span> 
     </span>
    </p>
   </div>
   <div class='ocr_carea' id='block_1_5' title="bbox 226 217 1293 259">
    <p class='ocr_par' dir='ltr' id='par_1_5' title="bbox 226 217 1293 259">
     <span class='ocr_line' id='line_1_7' title="bbox 226 217 1293 259; baseline -0.003 -7"><span class='ocrx_word' id='word_1_10' title='bbox 226 222 302 259; x_wconf 89' lang='lat' dir='ltr'>quod</span> <span class='ocrx_word' id='word_1_11' title='bbox 315 220 580 259; x_wconf 69' lang='lat' dir='ltr'>Scoros,1nimicos</span> <span class='ocrx_word' id='word_1_12' title='bbox 591 221 624 252; x_wconf 73' lang='grc' dir='ltr'>δε</span> <span class='ocrx_word' id='word_1_13' title='bbox 639 219 769 250; x_wconf 86' lang='lat' dir='ltr'>Rebelles</span> <span class='ocrx_word' id='word_1_14' title='bbox 787 218 909 258; x_wconf 82' lang='lat' dir='ltr'>vestrOS,</span> <span class='ocrx_word' id='word_1_15' title='bbox 929 219 1074 249; x_wconf 82' lang='lat' dir='ltr'>armaturis</span> <span class='ocrx_word' id='word_1_16' title='bbox 1096 217 1142 249; x_wconf 88' lang='lat' dir='ltr'>seu</span> <span class='ocrx_word' id='word_1_17' title='bbox 1165 218 1293 250; x_wconf 67' lang='lat' dir='ltr'>vidtuali-</span> 
     </span>
    </p>
   </div>
   <div class='ocr_carea' id='block_1_6' title="bbox 230 260 1294 335">
    <p class='ocr_par' dir='ltr' id='par_1_6' title="bbox 230 260 1294 335">
     <span class='ocr_line' id='line_1_8' title="bbox 230 260 570 290; baseline -0.003 0"><span class='ocrx_word' id='word_1_18' title='bbox 230 262 280 290; x_wconf 74' lang='lat' dir='ltr'>bus</span> <span class='ocrx_word' id='word_1_19' title='bbox 295 271 353 289; x_wconf 90' lang='lat' dir='ltr'>non</span> <span class='ocrx_word' id='word_1_20' title='bbox 369 260 570 289; x_wconf 85' lang='lat' dir='ltr'>confortentur.</span> 
     </span>
     <span class='ocr_line' id='line_1_9' title="bbox 270 294 1294 335; baseline -0.004 -7"><span class='ocrx_word' id='word_1_21' title='bbox 270 298 356 335; x_wconf 81' lang='lat' dir='ltr'>Super</span> <span class='ocrx_word' id='word_1_22' title='bbox 372 308 427 334; x_wconf 88' lang='lat' dir='ltr'>quo</span> <span class='ocrx_word' id='word_1_23' title='bbox 440 299 520 327; x_wconf 86' lang='lat' dir='ltr'>vobis</span> <span class='ocrx_word' id='word_1_24' title='bbox 537 296 709 326; x_wconf 81' lang='lat' dir='ltr'>rescribimus</span> <span class='ocrx_word' id='word_1_25' title='bbox 720 318 729 333; x_wconf 88' lang='lat'>,</span> <span class='ocrx_word' id='word_1_26' title='bbox 753 295 828 332; x_wconf 90' lang='lat' dir='ltr'>quod</span> <span class='ocrx_word' id='word_1_27' title='bbox 850 294 1001 333; x_wconf 67' lang='lat' dir='ltr'>praedietos</span> <span class='ocrx_word' id='word_1_28' title='bbox 1018 294 1157 325; x_wconf 90' lang='lat' dir='ltr'>Inimicos</span> <span class='ocrx_word' id='word_1_29' title='bbox 1172 294 1294 333; x_wconf 88' lang='lat' dir='ltr'>vestros,</span> 
     </span>
    </p>
   </div>
   <div class='ocr_carea' id='block_1_7' title="bbox 230 333 1298 1098">
    <p class='ocr_par' dir='ltr' id='par_1_7' title="bbox 231 333 1297 599">
     <span class='ocr_line' id='line_1_10' title="bbox 232 333 1294 371; baseline -0.003 -6"><span class='ocrx_word' id='word_1_30' title='bbox 232 346 285 366; x_wconf 91' lang='lat' dir='ltr'>nos</span> <span class='ocrx_word' id='word_1_31' title='bbox 304 338 335 366; x_wconf 66' lang='grc' dir='ltr'>ἃ</span> <span class='ocrx_word' id='word_1_32' title='bbox 351 344 446 371; x_wconf 77' lang='lat' dir='ltr'>gentes</span> <span class='ocrx_word' id='word_1_33' title='bbox 459 334 561 364; x_wconf 65' lang='lat' dir='ltr'>nostrae</span> <span class='ocrx_word' id='word_1_34' title='bbox 579 344 639 363; x_wconf 92' lang='lat' dir='ltr'>non</span> <span class='ocrx_word' id='word_1_35' title='bbox 654 333 888 371; x_wconf 83' lang='lat' dir='ltr'>intendimus,ad</span> <span class='ocrx_word' id='word_1_36' title='bbox 903 343 1034 370; x_wconf 84' lang='lat' dir='ltr'>guerram</span> <span class='ocrx_word' id='word_1_37' title='bbox 1048 333 1092 362; x_wconf 91' lang='lat' dir='ltr'>seu</span> <span class='ocrx_word' id='word_1_38' title='bbox 1108 333 1294 362; x_wconf 87' lang='lat' dir='ltr'>rebellionem</span> 
     </span>
     <span class='ocr_line' id='line_1_11' title="bbox 233 370 1293 409; baseline -0.003 -6"><span class='ocrx_word' id='word_1_39' title='bbox 233 383 330 404; x_wconf 90' lang='lat' dir='ltr'>contra</span> <span class='ocrx_word' id='word_1_40' title='bbox 343 384 393 403; x_wconf 87' lang='lat' dir='ltr'>vos</span> <span class='ocrx_word' id='word_1_41' title='bbox 406 374 438 403; x_wconf 83' lang='lat'>&amp;</span> <span class='ocrx_word' id='word_1_42' title='bbox 455 372 574 408; x_wconf 87' lang='lat' dir='ltr'>vestros,</span> <span class='ocrx_word' id='word_1_43' title='bbox 587 373 617 401; x_wconf 92' lang='lat' dir='ltr'>in</span> <span class='ocrx_word' id='word_1_44' title='bbox 629 371 723 409; x_wconf 87' lang='lat' dir='ltr'>aliquo</span> <span class='ocrx_word' id='word_1_45' title='bbox 740 371 898 401; x_wconf 84' lang='lat' dir='ltr'>confortare</span> <span class='ocrx_word' id='word_1_46' title='bbox 914 383 924 409; x_wconf 76' lang='lat'>3</span> <span class='ocrx_word' id='word_1_47' title='bbox 947 372 1044 407; x_wconf 85' lang='lat' dir='ltr'>immo</span> <span class='ocrx_word' id='word_1_48' title='bbox 1064 370 1176 408; x_wconf 87' lang='lat' dir='ltr'>publice</span> <span class='ocrx_word' id='word_1_49' title='bbox 1196 372 1229 401; x_wconf 88' lang='lat'>&amp;</span> <span class='ocrx_word' id='word_1_50' title='bbox 1251 370 1293 400; x_wconf 93' lang='lat' dir='ltr'>so-</span> 
     </span>
     <span class='ocr_line' id='line_1_12' title="bbox 231 408 1293 447; baseline -0.004 -6"><span class='ocrx_word' id='word_1_51' title='bbox 231 413 360 442; x_wconf 88' lang='lat' dir='ltr'>lemniter</span> <span class='ocrx_word' id='word_1_52' title='bbox 373 411 540 447; x_wconf 84' lang='lat' dir='ltr'>proclamari</span> <span class='ocrx_word' id='word_1_53' title='bbox 553 409 671 439; x_wconf 87' lang='lat' dir='ltr'>fecimus</span> <span class='ocrx_word' id='word_1_54' title='bbox 680 432 689 447; x_wconf 90' lang='lat'>‚</span> <span class='ocrx_word' id='word_1_55' title='bbox 701 410 735 440; x_wconf 70' lang='grc' dir='ltr'>δε</span> <span class='ocrx_word' id='word_1_56' title='bbox 747 411 831 440; x_wconf 85' lang='lat' dir='ltr'>etiam</span> <span class='ocrx_word' id='word_1_57' title='bbox 845 410 989 447; x_wconf 81' lang='lat' dir='ltr'>prohiberi</span> <span class='ocrx_word' id='word_1_58' title='bbox 1003 419 1052 446; x_wconf 89' lang='lat' dir='ltr'>per</span> <span class='ocrx_word' id='word_1_59' title='bbox 1065 417 1154 438; x_wconf 85' lang='lat' dir='ltr'>totam</span> <span class='ocrx_word' id='word_1_60' title='bbox 1167 408 1293 438; x_wconf 86' lang='lat' dir='ltr'>nostram</span> 
     </span>
     <span class='ocr_line' id='line_1_13' title="bbox 234 446 1295 486; baseline -0.004 -7"><span class='ocrx_word' id='word_1_61' title='bbox 234 449 372 486; x_wconf 80' lang='lat' dir='ltr'>Patriam,</span> <span class='ocrx_word' id='word_1_62' title='bbox 381 449 398 467; x_wconf 54' lang='lat'>²*</span> <span class='ocrx_word' id='word_1_63' title='bbox 409 459 445 477; x_wconf 91' lang='lat' dir='ltr'>ne</span> <span class='ocrx_word' id='word_1_64' title='bbox 459 450 517 485; x_wconf 90' lang='lat' dir='ltr'>quis</span> <span class='ocrx_word' id='word_1_65' title='bbox 531 447 644 477; x_wconf 88' lang='lat' dir='ltr'>eosdem</span> <span class='ocrx_word' id='word_1_66' title='bbox 657 449 686 476; x_wconf 94' lang='lat' dir='ltr'>in</span> <span class='ocrx_word' id='word_1_67' title='bbox 701 447 751 477; x_wconf 89' lang='lat' dir='ltr'>suis</span> <span class='ocrx_word' id='word_1_68' title='bbox 770 448 966 478; x_wconf 76' lang='lat' dir='ltr'>rebellionibus</span> <span class='ocrx_word' id='word_1_69' title='bbox 977 447 1022 477; x_wconf 87' lang='lat' dir='ltr'>seu</span> <span class='ocrx_word' id='word_1_70' title='bbox 1036 448 1136 484; x_wconf 83' lang='lat' dir='ltr'>rapinis</span> <span class='ocrx_word' id='word_1_71' title='bbox 1151 446 1295 476; x_wconf 84' lang='lat' dir='ltr'>confortet</span> 
     </span>
     <span class='ocr_line' id='line_1_14' title="bbox 233 485 1296 524; baseline -0.004 -7"><span class='ocrx_word' id='word_1_72' title='bbox 233 487 276 517; x_wconf 89' lang='lat' dir='ltr'>seu</span> <span class='ocrx_word' id='word_1_73' title='bbox 290 486 416 516; x_wconf 84' lang='lat' dir='ltr'>sustentet</span> <span class='ocrx_word' id='word_1_74' title='bbox 432 486 698 524; x_wconf 77' lang='lat' dir='ltr'>quoquoniodo3&amp;</span> <span class='ocrx_word' id='word_1_75' title='bbox 721 486 870 524; x_wconf 68' lang='lat' dir='ltr'>specialiter</span> <span class='ocrx_word' id='word_1_76' title='bbox 884 488 912 516; x_wconf 87' lang='lat' dir='ltr'>in</span> <span class='ocrx_word' id='word_1_77' title='bbox 934 485 1054 523; x_wconf 88' lang='lat' dir='ltr'>partibus</span> <span class='ocrx_word' id='word_1_78' title='bbox 1075 485 1228 522; x_wconf 85' lang='lat' dir='ltr'>maritanis,</span> <span class='ocrx_word' id='word_1_79' title='bbox 1248 494 1296 521; x_wconf 89' lang='lat' dir='ltr'>per</span> 
     </span>
     <span class='ocr_line' id='line_1_15' title="bbox 233 522 1297 563; baseline -0.002 -9"><span class='ocrx_word' id='word_1_80' title='bbox 233 525 338 554; x_wconf 87' lang='lat' dir='ltr'>nostras</span> <span class='ocrx_word' id='word_1_81' title='bbox 353 533 472 561; x_wconf 78' lang='lat' dir='ltr'>patentes</span> <span class='ocrx_word' id='word_1_82' title='bbox 491 525 608 563; x_wconf 80' lang='lat' dir='ltr'>litteras,</span> <span class='ocrx_word' id='word_1_83' title='bbox 630 525 686 554; x_wconf 91' lang='lat' dir='ltr'>hoc</span> <span class='ocrx_word' id='word_1_84' title='bbox 707 524 767 555; x_wconf 87' lang='lat' dir='ltr'>fieri</span> <span class='ocrx_word' id='word_1_85' title='bbox 788 526 991 562; x_wconf 63' lang='lat' dir='ltr'>praecepimus,</span> <span class='ocrx_word' id='word_1_86' title='bbox 1007 532 1072 560; x_wconf 76' lang='lat' dir='ltr'>quas</span> <span class='ocrx_word' id='word_1_87' title='bbox 1087 522 1297 553; x_wconf 80' lang='lat' dir='ltr'>Mercatoribus</span> 
     </span>
     <span class='ocr_line' id='line_1_16' title="bbox 235 562 839 599; baseline 0 -7"><span class='ocrx_word' id='word_1_88' title='bbox 235 562 319 593; x_wconf 85' lang='lat' dir='ltr'>vestri</span> <span class='ocrx_word' id='word_1_89' title='bbox 332 562 430 599; x_wconf 82' lang='lat' dir='ltr'>Regni</span> <span class='ocrx_word' id='word_1_90' title='bbox 443 563 514 592; x_wconf 86' lang='lat' dir='ltr'>tradi</span> <span class='ocrx_word' id='word_1_91' title='bbox 530 562 649 593; x_wconf 85' lang='lat' dir='ltr'>fecimus</span> <span class='ocrx_word' id='word_1_92' title='bbox 662 564 695 593; x_wconf 71' lang='grc' dir='ltr'>δε</span> <span class='ocrx_word' id='word_1_93' title='bbox 710 563 839 593; x_wconf 90' lang='lat' dir='ltr'>concedi.</span> 
     </span>
    </p>

    <p class='ocr_par' dir='ltr' id='par_1_8' title="bbox 230 600 1298 899">
     <span class='ocr_line' id='line_1_17' title="bbox 274 600 1297 638; baseline -0.002 -8"><span class='ocrx_word' id='word_1_94' title='bbox 274 600 383 631; x_wconf 78' lang='lat' dir='ltr'>Verum</span> <span class='ocrx_word' id='word_1_95' title='bbox 398 601 461 638; x_wconf 87' lang='lat' dir='ltr'>quia</span> <span class='ocrx_word' id='word_1_96' title='bbox 476 601 553 631; x_wconf 59' lang='lat' dir='ltr'>dicia</span> <span class='ocrx_word' id='word_1_97' title='bbox 565 600 655 632; x_wconf 90' lang='lat' dir='ltr'>nostra</span> <span class='ocrx_word' id='word_1_98' title='bbox 668 601 759 631; x_wconf 84' lang='lat' dir='ltr'>Patria</span> <span class='ocrx_word' id='word_1_99' title='bbox 772 601 847 631; x_wconf 73' lang='lat' dir='ltr'>solita</span> <span class='ocrx_word' id='word_1_100' title='bbox 862 601 902 631; x_wconf 88' lang='lat' dir='ltr'>est</span> <span class='ocrx_word' id='word_1_101' title='bbox 917 601 952 630; x_wconf 90' lang='lat' dir='ltr'>ab</span> <span class='ocrx_word' id='word_1_102' title='bbox 964 600 1019 630; x_wconf 88' lang='lat' dir='ltr'>anti</span> <span class='ocrx_word' id='word_1_103' title='bbox 1042 609 1079 629; x_wconf 88' lang='lat' dir='ltr'>uo</span> <span class='ocrx_word' id='word_1_104' title='bbox 1091 600 1297 630; x_wconf 86' lang='lat' dir='ltr'>mercimonio-</span> 
     </span>
     <span class='ocr_line' id='line_1_18' title="bbox 234 637 1298 677; baseline -0.002 -8"><span class='ocrx_word' id='word_1_105' title='bbox 234 649 298 669; x_wconf 85' lang='lat' dir='ltr'>rum</span> <span class='ocrx_word' id='word_1_106' title='bbox 318 638 365 668; x_wconf 90' lang='lat' dir='ltr'>usu</span> <span class='ocrx_word' id='word_1_107' title='bbox 379 639 537 677; x_wconf 82' lang='lat' dir='ltr'>sustentari,</span> <span class='ocrx_word' id='word_1_108' title='bbox 548 641 581 670; x_wconf 87' lang='lat'>&amp;</span> <span class='ocrx_word' id='word_1_109' title='bbox 596 641 728 669; x_wconf 89' lang='lat' dir='ltr'>omnibus</span> <span class='ocrx_word' id='word_1_110' title='bbox 751 639 958 669; x_wconf 82' lang='lat' dir='ltr'>Mercatoribus</span> <span class='ocrx_word' id='word_1_111' title='bbox 970 661 979 676; x_wconf 88' lang='lat'>,</span> <span class='ocrx_word' id='word_1_112' title='bbox 1008 649 1023 668; x_wconf 83' lang='lat' dir='ltr'>a</span> <span class='ocrx_word' id='word_1_113' title='bbox 1060 638 1192 668; x_wconf 86' lang='lat' dir='ltr'>eamdem</span> <span class='ocrx_word' id='word_1_114' title='bbox 1210 637 1298 668; x_wconf 91' lang='lat' dir='ltr'>unde-</span> 
     </span>
     <span class='ocr_line' id='line_1_19' title="bbox 234 676 1297 717; baseline -0.003 -9"><span class='ocrx_word' id='word_1_115' title='bbox 234 687 345 714; x_wconf 88' lang='lat' dir='ltr'>cunque</span> <span class='ocrx_word' id='word_1_116' title='bbox 363 677 581 716; x_wconf 85' lang='lat' dir='ltr'>confluentibus,</span> <span class='ocrx_word' id='word_1_117' title='bbox 589 678 619 707; x_wconf 85' lang='lat' dir='ltr'>sit</span> <span class='ocrx_word' id='word_1_118' title='bbox 632 679 806 715; x_wconf 84' lang='lat' dir='ltr'>communis,</span> <span class='ocrx_word' id='word_1_119' title='bbox 815 687 872 717; x_wconf 83' lang='lat' dir='ltr'>non</span> <span class='ocrx_word' id='word_1_120' title='bbox 884 676 1027 714; x_wconf 84' lang='lat' dir='ltr'>poffumus</span> <span class='ocrx_word' id='word_1_121' title='bbox 1038 677 1116 706; x_wconf 92' lang='lat' dir='ltr'>bono</span> <span class='ocrx_word' id='word_1_122' title='bbox 1129 676 1234 714; x_wconf 89' lang='lat' dir='ltr'>modo,</span> <span class='ocrx_word' id='word_1_123' title='bbox 1242 685 1297 706; x_wconf 89' lang='lat' dir='ltr'>nec</span> 
     </span>
     <span class='ocr_line' id='line_1_20' title="bbox 233 714 1297 754; baseline -0.003 -8"><span class='ocrx_word' id='word_1_124' title='bbox 233 716 370 746; x_wconf 82' lang='lat' dir='ltr'>debemus</span> <span class='ocrx_word' id='word_1_125' title='bbox 412 717 541 746; x_wconf 87' lang='lat' dir='ltr'>rohibere</span> <span class='ocrx_word' id='word_1_126' title='bbox 555 717 702 754; x_wconf 84' lang='lat' dir='ltr'>quominus</span> <span class='ocrx_word' id='word_1_127' title='bbox 715 715 845 752; x_wconf 74' lang='lat' dir='ltr'>praedicti</span> <span class='ocrx_word' id='word_1_128' title='bbox 860 715 955 752; x_wconf 83' lang='lat' dir='ltr'>Scoti,</span> <span class='ocrx_word' id='word_1_129' title='bbox 966 716 998 745; x_wconf 70' lang='grc' dir='ltr'>ὅ(</span> <span class='ocrx_word' id='word_1_130' title='bbox 1017 716 1175 752; x_wconf 84' lang='lat' dir='ltr'>quicunque</span> <span class='ocrx_word' id='word_1_131' title='bbox 1189 714 1252 752; x_wconf 87' lang='lat' dir='ltr'>alii,</span> <span class='ocrx_word' id='word_1_132' title='bbox 1265 714 1297 743; x_wconf 93' lang='lat' dir='ltr'>li-</span> 
     </span>
     <span class='ocr_line' id='line_1_21' title="bbox 234 726 1296 793; baseline -0.002 -9"><span class='ocrx_word' id='word_1_133' title='bbox 234 756 301 784; x_wconf 84' lang='lat' dir='ltr'>citas</span> <span class='ocrx_word' id='word_1_134' title='bbox 313 755 347 784; x_wconf 66' lang='grc'>8(</span> <span class='ocrx_word' id='word_1_135' title='bbox 358 726 441 793; x_wconf 48' lang='grc' dir='ltr'><strong>3υ1ἳ35</strong></span> <span class='ocrx_word' id='word_1_136' title='bbox 459 760 615 785; x_wconf 75' lang='lat' dir='ltr'>exercentes</span> <span class='ocrx_word' id='word_1_137' title='bbox 634 762 798 783; x_wconf 85' lang='lat' dir='ltr'>mercaturas</span> <span class='ocrx_word' id='word_1_138' title='bbox 807 776 816 791; x_wconf 84' lang='lat'>,</span> <span class='ocrx_word' id='word_1_139' title='bbox 829 755 858 782; x_wconf 92' lang='lat' dir='ltr'>in</span> <span class='ocrx_word' id='word_1_140' title='bbox 872 753 946 783; x_wconf 80' lang='lat' dir='ltr'>terra</span> <span class='ocrx_word' id='word_1_141' title='bbox 960 752 1055 783; x_wconf 68' lang='lat' dir='ltr'>nostra</span> <span class='ocrx_word' id='word_1_142' title='bbox 1070 762 1150 783; x_wconf 88' lang='lat' dir='ltr'>more</span> <span class='ocrx_word' id='word_1_143' title='bbox 1161 753 1242 783; x_wconf 88' lang='lat' dir='ltr'>solito</span> <span class='ocrx_word' id='word_1_144' title='bbox 1254 762 1296 782; x_wconf 91' lang='lat' dir='ltr'>re-</span> 
     </span>
     <span class='ocr_line' id='line_1_22' title="bbox 234 791 1298 830; baseline -0.003 -7"><span class='ocrx_word' id='word_1_145' title='bbox 234 794 370 830; x_wconf 84' lang='lat' dir='ltr'>cipiantur</span> <span class='ocrx_word' id='word_1_146' title='bbox 381 815 389 827; x_wconf 76' lang='lat'>,</span> <span class='ocrx_word' id='word_1_147' title='bbox 403 794 435 823; x_wconf 83' lang='lat'>&amp;</span> <span class='ocrx_word' id='word_1_148' title='bbox 452 794 505 823; x_wconf 68' lang='lat' dir='ltr'>una</span> <span class='ocrx_word' id='word_1_149' title='bbox 522 803 590 822; x_wconf 89' lang='lat' dir='ltr'>cum</span> <span class='ocrx_word' id='word_1_150' title='bbox 608 791 659 821; x_wconf 86' lang='lat' dir='ltr'>suis</span> <span class='ocrx_word' id='word_1_151' title='bbox 676 792 757 822; x_wconf 91' lang='lat' dir='ltr'>bonis</span> <span class='ocrx_word' id='word_1_152' title='bbox 776 802 825 829; x_wconf 86' lang='lat' dir='ltr'>per</span> <span class='ocrx_word' id='word_1_153' title='bbox 842 802 893 821; x_wconf 89' lang='lat' dir='ltr'>nos</span> <span class='ocrx_word' id='word_1_154' title='bbox 910 793 945 821; x_wconf 89' lang='lat' dir='ltr'>ab</span> <span class='ocrx_word' id='word_1_155' title='bbox 961 792 1044 821; x_wconf 90' lang='lat' dir='ltr'>omni</span> <span class='ocrx_word' id='word_1_156' title='bbox 1064 791 1241 828; x_wconf 70' lang='lat' dir='ltr'>oppressione</span> <span class='ocrx_word' id='word_1_157' title='bbox 1253 791 1298 820; x_wconf 89' lang='lat' dir='ltr'>in-</span> 
     </span>
     <span class='ocr_line' id='line_1_23' title="bbox 230 829 1298 899; baseline -0.001 -39"><span class='ocrx_word' id='word_1_158' title='bbox 230 831 329 899; x_wconf 49' lang='lat' dir='ltr'>?ebiita</span> <span class='ocrx_word' id='word_1_159' title='bbox 348 830 528 861; x_wconf 80' lang='lat' dir='ltr'>defendantur</span> <span class='ocrx_word' id='word_1_160' title='bbox 547 842 556 869; x_wconf 84' lang='lat'>·‚</span> <span class='ocrx_word' id='word_1_161' title='bbox 587 830 655 860; x_wconf 91' lang='lat' dir='ltr'>dum</span> <span class='ocrx_word' id='word_1_162' title='bbox 684 838 776 860; x_wconf 84' lang='lat' dir='ltr'>tamen</span> <span class='ocrx_word' id='word_1_163' title='bbox 801 831 844 860; x_wconf 89' lang='lat' dir='ltr'>sua</span> <span class='ocrx_word' id='word_1_164' title='bbox 864 838 1009 860; x_wconf 79' lang='lat' dir='ltr'>exerceant</span> <span class='ocrx_word' id='word_1_165' title='bbox 1032 830 1218 860; x_wconf 87' lang='lat' dir='ltr'>mercimonia</span> <span class='ocrx_word' id='word_1_166' title='bbox 1242 829 1298 859; x_wconf 88' lang='lat' dir='ltr'>sine</span> 
     </span>
    </p>

    <p class='ocr_par' dir='ltr' id='par_1_9' title="bbox 244 880 335 900">
     <span class='ocr_line' id='line_1_24' title="bbox 244 880 335 900; baseline 0.011 -1"><span class='ocrx_word' id='word_1_167' title='bbox 244 880 289 899; x_wconf 88' lang='lat' dir='ltr'>rau</span> <span class='ocrx_word' id='word_1_168' title='bbox 311 880 335 900; x_wconf 90' lang='lat' dir='ltr'>e.</span> 
     </span>
    </p>

    <p class='ocr_par' dir='ltr' id='par_1_10' title="bbox 232 906 1298 1098">
     <span class='ocr_line' id='line_1_25' title="bbox 271 906 1296 946; baseline -0.001 -9"><span class='ocrx_word' id='word_1_169' title='bbox 271 908 451 946; x_wconf 84' lang='lat' dir='ltr'>Quapropter</span> <span class='ocrx_word' id='word_1_170' title='bbox 467 906 586 937; x_wconf 81' lang='lat' dir='ltr'>vestram</span> <span class='ocrx_word' id='word_1_171' title='bbox 605 906 728 944; x_wconf 83' lang='lat' dir='ltr'>Regiam</span> <span class='ocrx_word' id='word_1_172' title='bbox 754 906 932 944; x_wconf 64' lang='lat' dir='ltr'>Majestatem</span> <span class='ocrx_word' id='word_1_173' title='bbox 964 908 1128 944; x_wconf 85' lang='lat' dir='ltr'>requirimus</span> <span class='ocrx_word' id='word_1_174' title='bbox 1153 907 1186 937; x_wconf 90' lang='lat'>&amp;</span> <span class='ocrx_word' id='word_1_175' title='bbox 1212 915 1296 942; x_wconf 86' lang='lat' dir='ltr'>roga-</span> 
     </span>
     <span class='ocr_line' id='line_1_26' title="bbox 233 945 1298 985; baseline -0.001 -10"><span class='ocrx_word' id='word_1_176' title='bbox 233 955 310 984; x_wconf 87' lang='lat' dir='ltr'>mus,</span> <span class='ocrx_word' id='word_1_177' title='bbox 327 947 451 983; x_wconf 81' lang='lat' dir='ltr'>quatinus</span> <span class='ocrx_word' id='word_1_178' title='bbox 468 955 567 982; x_wconf 85' lang='lat' dir='ltr'>purum</span> <span class='ocrx_word' id='word_1_179' title='bbox 582 945 776 985; x_wconf 62' lang='lat' dir='ltr'>conductum,</span> <span class='ocrx_word' id='word_1_180' title='bbox 792 947 825 975; x_wconf 65' lang='grc' dir='ltr'>ὃς</span> <span class='ocrx_word' id='word_1_181' title='bbox 843 946 897 975; x_wconf 79' lang='lat' dir='ltr'>line</span> <span class='ocrx_word' id='word_1_182' title='bbox 917 945 1147 984; x_wconf 88' lang='lat' dir='ltr'>conditione,cui</span> <span class='ocrx_word' id='word_1_183' title='bbox 1161 955 1220 975; x_wconf 92' lang='lat' dir='ltr'>non</span> <span class='ocrx_word' id='word_1_184' title='bbox 1234 954 1298 982; x_wconf 88' lang='lat' dir='ltr'>pos-</span> 
     </span>
     <span class='ocr_line' id='line_1_27' title="bbox 234 983 1297 1022; baseline -0.003 -8"><span class='ocrx_word' id='word_1_185' title='bbox 234 984 265 1015; x_wconf 86' lang='lat' dir='ltr'>sit</span> <span class='ocrx_word' id='word_1_186' title='bbox 279 994 327 1021; x_wconf 86' lang='lat' dir='ltr'>per</span> <span class='ocrx_word' id='word_1_187' title='bbox 343 983 457 1014; x_wconf 87' lang='lat' dir='ltr'>cautelas</span> <span class='ocrx_word' id='word_1_188' title='bbox 469 984 599 1022; x_wconf 86' lang='lat' dir='ltr'>obviari,</span> <span class='ocrx_word' id='word_1_189' title='bbox 614 994 666 1022; x_wconf 91' lang='lat' dir='ltr'>pro</span> <span class='ocrx_word' id='word_1_190' title='bbox 678 984 762 1014; x_wconf 59' lang='lat' dir='ltr'>dietis</span> <span class='ocrx_word' id='word_1_191' title='bbox 775 983 872 1013; x_wconf 88' lang='lat' dir='ltr'>nostris</span> <span class='ocrx_word' id='word_1_192' title='bbox 884 985 1028 1022; x_wconf 78' lang='lat' dir='ltr'>gentibus,</span> <span class='ocrx_word' id='word_1_193' title='bbox 1040 983 1193 1014; x_wconf 75' lang='lat' dir='ltr'>secundum</span> <span class='ocrx_word' id='word_1_194' title='bbox 1206 985 1297 1012; x_wconf 89' lang='lat' dir='ltr'>inten-</span> 
     </span>
     <span class='ocr_line' id='line_1_28' title="bbox 232 1021 1297 1061; baseline 0 -10"><span class='ocrx_word' id='word_1_195' title='bbox 232 1024 340 1052; x_wconf 87' lang='lat' dir='ltr'>tionem</span> <span class='ocrx_word' id='word_1_196' title='bbox 360 1021 485 1051; x_wconf 89' lang='lat' dir='ltr'>nostram</span> <span class='ocrx_word' id='word_1_197' title='bbox 500 1022 682 1061; x_wconf 70' lang='lat' dir='ltr'>praedietani,</span> <span class='ocrx_word' id='word_1_198' title='bbox 700 1023 804 1061; x_wconf 84' lang='lat' dir='ltr'>velitis,</span> <span class='ocrx_word' id='word_1_199' title='bbox 827 1022 845 1052; x_wconf 85' lang='lat' dir='ltr'>ii</span> <span class='ocrx_word' id='word_1_200' title='bbox 866 1023 989 1061; x_wconf 85' lang='lat' dir='ltr'>placeat,</span> <span class='ocrx_word' id='word_1_201' title='bbox 1009 1023 1091 1053; x_wconf 91' lang='lat' dir='ltr'>nobis</span> <span class='ocrx_word' id='word_1_202' title='bbox 1112 1031 1161 1060; x_wconf 90' lang='lat' dir='ltr'>per</span> <span class='ocrx_word' id='word_1_203' title='bbox 1178 1022 1297 1052; x_wconf 85' lang='lat' dir='ltr'>latorem</span> 
     </span>
     <span class='ocr_line' id='line_1_29' title="bbox 232 1060 563 1098; baseline 0.006 -9"><span class='ocrx_word' id='word_1_204' title='bbox 232 1060 407 1098; x_wconf 62' lang='lat' dir='ltr'>praesentium</span> <span class='ocrx_word' id='word_1_205' title='bbox 419 1060 563 1091; x_wconf 84' lang='lat' dir='ltr'>destinare.</span> 
     </span>
    </p>
   </div>
   <div class='ocr_carea' id='block_1_8' title="bbox 234 1135 1296 1216">
    <p class='ocr_par' dir='ltr' id='par_1_11' title="bbox 234 1135 1296 1216">
     <span class='ocr_line' id='line_1_30' title="bbox 234 1135 1296 1214; baseline -0.001 -47"><span class='ocrx_word' id='word_1_206' title='bbox 234 1135 378 1214; x_wconf 38' lang='lat' dir='ltr'>n&#39;Dat1}m</span> <span class='ocrx_word' id='word_1_207' title='bbox 399 1136 549 1176; x_wconf 83' lang='lat' dir='ltr'>Gandani,</span> <span class='ocrx_word' id='word_1_208' title='bbox 565 1137 636 1168; x_wconf 83' lang='lat' dir='ltr'>sexta</span> <span class='ocrx_word' id='word_1_209' title='bbox 649 1137 760 1169; x_wconf 85' lang='lat' dir='ltr'>decima</span> <span class='ocrx_word' id='word_1_210' title='bbox 775 1138 821 1168; x_wconf 91' lang='lat' dir='ltr'>die</span> <span class='ocrx_word' id='word_1_211' title='bbox 836 1137 941 1169; x_wconf 79' lang='lat' dir='ltr'>Mensis</span> <span class='ocrx_word' id='word_1_212' title='bbox 958 1138 1078 1177; x_wconf 80' lang='lat' dir='ltr'>Aprilis,</span> <span class='ocrx_word' id='word_1_213' title='bbox 1092 1148 1167 1169; x_wconf 88' lang='lat' dir='ltr'>anno</span> <span class='ocrx_word' id='word_1_214' title='bbox 1191 1136 1296 1167; x_wconf 89' lang='lat' dir='ltr'>Domi-</span> 
     </span>
     <span class='ocr_line' id='line_1_31' title="bbox 255 1185 361 1216; baseline 0.019 -12"><span class='ocrx_word' id='word_1_215' title='bbox 255 1185 264 1204; x_wconf 88' lang='lat'><em>1</em></span> <span class='ocrx_word' id='word_1_216' title='bbox 280 1185 334 1216; x_wconf 84' lang='lat'>130</span> <span class='ocrx_word' id='word_1_217' title='bbox 355 1200 361 1206; x_wconf 94' lang='lat'><em>.</em></span> 
     </span>
    </p>
   </div>
   <div class='ocr_carea' id='block_1_9' title="bbox 291 1251 1265 1263">
    <p class='ocr_par' dir='ltr' id='par_1_12' title="bbox 291 1251 1265 1263">
     <span class='ocr_line' id='line_1_32' title="bbox 291 1251 1265 1263; baseline 0 0"><span class='ocrx_word' id='word_1_218' title='bbox 291 1251 1265 1263; x_wconf 95' lang='lat' dir='ltr'> </span> 
     </span>
    </p>
   </div>
   <div class='ocr_carea' id='block_1_10' title="bbox 254 1300 1274 1400">
    <p class='ocr_par' dir='ltr' id='par_1_13' title="bbox 254 1300 1274 1400">
     <span class='ocr_line' id='line_1_33' title="bbox 254 1300 1274 1352; baseline 0.004 -19"><span class='ocrx_word' id='word_1_219' title='bbox 254 1303 314 1333; x_wconf 89' lang='lat' dir='ltr'>Pro</span> <span class='ocrx_word' id='word_1_220' title='bbox 336 1300 470 1334; x_wconf 75' lang='lat' dir='ltr'>Blancha</span> <span class='ocrx_word' id='word_1_221' title='bbox 490 1303 612 1349; x_wconf 74' lang='lat' dir='ltr'>Duciffiz</span> <span class='ocrx_word' id='word_1_222' title='bbox 635 1301 762 1347; x_wconf 71' lang='lat' dir='ltr'>Austriae</span> <span class='ocrx_word' id='word_1_223' title='bbox 788 1307 892 1337; x_wconf 80' lang='lat' dir='ltr'>Sorore</span> <span class='ocrx_word' id='word_1_224' title='bbox 915 1305 1103 1352; x_wconf 79' lang='lat' dir='ltr'>Margaretae</span> <span class='ocrx_word' id='word_1_225' title='bbox 1129 1305 1274 1351; x_wconf 75' lang='lat' dir='ltr'>Consbrtis</span> 
     </span>
     <span class='ocr_line' id='line_1_34' title="bbox 710 1355 808 1400; baseline 0 -14"><span class='ocrx_word' id='word_1_226' title='bbox 710 1355 808 1400; x_wconf 68' lang='lat' dir='ltr'>Regis.</span> 
     </span>
    </p>
   </div>
   <div class='ocr_carea' id='block_1_11' title="bbox 203 1434 1294 1938">
    <p class='ocr_par' dir='ltr' id='par_1_14' title="bbox 203 1434 1294 1938">
     <span class='ocr_line' id='line_1_35' title="bbox 203 1434 1293 1489; baseline 0.003 -23"><span class='ocrx_word' id='word_1_227' title='bbox 203 1462 212 1470; x_wconf 84' lang='grc'><em>,</em></span> <span class='ocrx_word' id='word_1_228' title='bbox 229 1434 356 1489; x_wconf 82' lang='lat' dir='ltr'>REX</span> <span class='ocrx_word' id='word_1_229' title='bbox 380 1437 530 1467; x_wconf 76' lang='lat' dir='ltr'>venerabili</span> <span class='ocrx_word' id='word_1_230' title='bbox 547 1439 575 1467; x_wconf 90' lang='lat' dir='ltr'>in</span> <span class='ocrx_word' id='word_1_231' title='bbox 594 1436 710 1468; x_wconf 88' lang='lat' dir='ltr'>Christo</span> <span class='ocrx_word' id='word_1_232' title='bbox 729 1437 818 1476; x_wconf 88' lang='lat' dir='ltr'>Patri,</span> <span class='ocrx_word' id='word_1_233' title='bbox 839 1437 877 1468; x_wconf 92' lang='lat' dir='ltr'>R.</span> <span class='ocrx_word' id='word_1_234' title='bbox 896 1438 996 1469; x_wconf 73' lang='lat' dir='ltr'>eadem</span> <span class='ocrx_word' id='word_1_235' title='bbox 1016 1438 1119 1478; x_wconf 65' lang='lat' dir='ltr'>gratiti,</span> <span class='ocrx_word' id='word_1_236' title='bbox 1132 1438 1293 1477; x_wconf 87' lang='lat' dir='ltr'>Archiepis-</span> 
     </span>
     <span class='ocr_line' id='line_1_36' title="bbox 304 1473 1117 1516; baseline 0.005 -12"><span class='ocrx_word' id='word_1_237' title='bbox 304 1484 380 1512; x_wconf 88' lang='lat' dir='ltr'>copo</span> <span class='ocrx_word' id='word_1_238' title='bbox 395 1473 599 1514; x_wconf 80' lang='lat' dir='ltr'>Cantuarienii,</span> <span class='ocrx_word' id='word_1_239' title='bbox 613 1478 694 1506; x_wconf 91' lang='lat' dir='ltr'>totius</span> <span class='ocrx_word' id='word_1_240' title='bbox 717 1476 829 1514; x_wconf 79' lang='lat' dir='ltr'>Angliae</span> <span class='ocrx_word' id='word_1_241' title='bbox 845 1476 978 1516; x_wconf 84' lang='lat' dir='ltr'>Primati,</span> <span class='ocrx_word' id='word_1_242' title='bbox 995 1477 1117 1508; x_wconf 87' lang='lat' dir='ltr'>salutem.</span> 
     </span>
     <span class='ocr_line' id='line_1_37' title="bbox 267 1511 1294 1555; baseline 0.004 -12"><span class='ocrx_word' id='word_1_243' title='bbox 267 1511 345 1544; x_wconf 89' lang='lat' dir='ltr'>Cum</span> <span class='ocrx_word' id='word_1_244' title='bbox 363 1523 433 1551; x_wconf 85' lang='lat' dir='ltr'>opus</span> <span class='ocrx_word' id='word_1_245' title='bbox 446 1513 571 1545; x_wconf 66' lang='lat' dir='ltr'>sanetum</span> <span class='ocrx_word' id='word_1_246' title='bbox 586 1515 618 1545; x_wconf 88' lang='lat'>&amp;</span> <span class='ocrx_word' id='word_1_247' title='bbox 635 1515 738 1545; x_wconf 83' lang='lat' dir='ltr'>salubre</span> <span class='ocrx_word' id='word_1_248' title='bbox 756 1515 895 1546; x_wconf 85' lang='lat' dir='ltr'>censeatur</span> <span class='ocrx_word' id='word_1_249' title='bbox 910 1526 964 1554; x_wconf 92' lang='lat' dir='ltr'>pro</span> <span class='ocrx_word' id='word_1_250' title='bbox 979 1516 1136 1555; x_wconf 64' lang='lat' dir='ltr'>defundtis,</span> <span class='ocrx_word' id='word_1_251' title='bbox 1150 1524 1180 1546; x_wconf 93' lang='lat' dir='ltr'>ut</span> <span class='ocrx_word' id='word_1_252' title='bbox 1196 1516 1211 1546; x_wconf 76' lang='lat' dir='ltr'>a</span> <span class='ocrx_word' id='word_1_253' title='bbox 1226 1526 1294 1554; x_wconf 86' lang='lat' dir='ltr'>pec-</span> 
     </span>
     <span class='ocr_line' id='line_1_38' title="bbox 230 1551 800 1594; baseline 0.005 -13"><span class='ocrx_word' id='word_1_254' title='bbox 230 1559 359 1582; x_wconf 88' lang='lat' dir='ltr'>catorum</span> <span class='ocrx_word' id='word_1_255' title='bbox 373 1551 510 1583; x_wconf 85' lang='lat' dir='ltr'>solvantur</span> <span class='ocrx_word' id='word_1_256' title='bbox 525 1554 784 1594; x_wconf 42' lang='lat' dir='ltr'>iiexibus,⁴exorare</span> <span class='ocrx_word' id='word_1_257' title='bbox 790 1577 800 1592; x_wconf 89' lang='lat'>,</span> 
     </span>
     <span class='ocr_line' id='line_1_39' title="bbox 271 1589 1291 1631; baseline 0.004 -11"><span class='ocrx_word' id='word_1_258' title='bbox 271 1589 467 1621; x_wconf 82' lang='lat' dir='ltr'>Patemitatem</span> <span class='ocrx_word' id='word_1_259' title='bbox 481 1591 602 1621; x_wconf 87' lang='lat' dir='ltr'>vestram</span> <span class='ocrx_word' id='word_1_260' title='bbox 624 1592 778 1622; x_wconf 62' lang='lat' dir='ltr'>affectuose</span> <span class='ocrx_word' id='word_1_261' title='bbox 796 1593 960 1631; x_wconf 86' lang='lat' dir='ltr'>requirimus</span> <span class='ocrx_word' id='word_1_262' title='bbox 979 1594 1012 1624; x_wconf 88' lang='lat'>&amp;</span> <span class='ocrx_word' id='word_1_263' title='bbox 1031 1602 1165 1630; x_wconf 86' lang='lat' dir='ltr'>rogamus</span> <span class='ocrx_word' id='word_1_264' title='bbox 1223 1594 1291 1623; x_wconf 90' lang='lat' dir='ltr'>uati-</span> 
     </span>
     <span class='ocr_line' id='line_1_40' title="bbox 232 1629 1291 1670; baseline 0.004 -12"><span class='ocrx_word' id='word_1_265' title='bbox 232 1638 281 1658; x_wconf 91' lang='lat' dir='ltr'>nus</span> <span class='ocrx_word' id='word_1_266' title='bbox 299 1630 425 1666; x_wconf 78' lang='lat' dir='ltr'>exequias</span> <span class='ocrx_word' id='word_1_267' title='bbox 438 1629 540 1659; x_wconf 90' lang='lat' dir='ltr'>nobilis</span> <span class='ocrx_word' id='word_1_268' title='bbox 553 1629 690 1660; x_wconf 79' lang='lat' dir='ltr'>Dominae</span> <span class='ocrx_word' id='word_1_269' title='bbox 702 1630 848 1669; x_wconf 74' lang='lat' dir='ltr'>Blanchae,</span> <span class='ocrx_word' id='word_1_270' title='bbox 862 1631 1006 1670; x_wconf 87' lang='lat' dir='ltr'>quondam</span> <span class='ocrx_word' id='word_1_271' title='bbox 1021 1630 1148 1662; x_wconf 69' lang='lat' dir='ltr'>Duciflie</span> <span class='ocrx_word' id='word_1_272' title='bbox 1190 1634 1218 1662; x_wconf 86' lang='lat' dir='ltr'>ui</span> <span class='ocrx_word' id='word_1_273' title='bbox 1234 1633 1291 1670; x_wconf 79' lang='lat' dir='ltr'>riae,</span> 
     </span>
     <span class='ocr_line' id='line_1_41' title="bbox 207 1666 1290 1709; baseline 0.004 -13"><span class='ocrx_word' id='word_1_274' title='bbox 207 1688 214 1697; x_wconf 92' lang='lat'><em>.</em></span> <span class='ocrx_word' id='word_1_275' title='bbox 233 1668 265 1697; x_wconf 63' lang='grc' dir='ltr'>ὃς</span> <span class='ocrx_word' id='word_1_276' title='bbox 283 1666 394 1697; x_wconf 90' lang='lat' dir='ltr'>Sororis</span> <span class='ocrx_word' id='word_1_277' title='bbox 406 1667 575 1705; x_wconf 83' lang='lat' dir='ltr'>Margaretae</span> <span class='ocrx_word' id='word_1_278' title='bbox 586 1667 713 1709; x_wconf 77' lang='lat' dir='ltr'>Reginae</span> <span class='ocrx_word' id='word_1_279' title='bbox 728 1668 856 1708; x_wconf 78' lang='lat' dir='ltr'>Angliae,</span> <span class='ocrx_word' id='word_1_280' title='bbox 872 1669 1015 1700; x_wconf 82' lang='lat' dir='ltr'>Consortis</span> <span class='ocrx_word' id='word_1_281' title='bbox 1028 1669 1131 1700; x_wconf 83' lang='lat' dir='ltr'>nostrae</span> <span class='ocrx_word' id='word_1_282' title='bbox 1145 1670 1290 1700; x_wconf 82' lang='lat' dir='ltr'>kariffimae</span> 
     </span>
     <span class='ocr_line' id='line_1_42' title="bbox 233 1705 1288 1746; baseline 0.004 -11"><span class='ocrx_word' id='word_1_283' title='bbox 233 1706 244 1743; x_wconf 90' lang='lat'>(</span> <span class='ocrx_word' id='word_1_284' title='bbox 253 1715 337 1743; x_wconf 90' lang='lat' dir='ltr'>quam</span> <span class='ocrx_word' id='word_1_285' title='bbox 355 1705 468 1744; x_wconf 89' lang='lat' dir='ltr'>quidem</span> <span class='ocrx_word' id='word_1_286' title='bbox 483 1706 634 1737; x_wconf 85' lang='lat' dir='ltr'>Ducissam</span> <span class='ocrx_word' id='word_1_287' title='bbox 649 1707 741 1745; x_wconf 84' lang='lat' dir='ltr'>Deus,</span> <span class='ocrx_word' id='word_1_288' title='bbox 758 1717 841 1745; x_wconf 90' lang='lat' dir='ltr'>prout</span> <span class='ocrx_word' id='word_1_289' title='bbox 862 1708 911 1738; x_wconf 83' lang='lat' dir='ltr'>sibi</span> <span class='ocrx_word' id='word_1_290' title='bbox 932 1708 1050 1746; x_wconf 81' lang='lat' dir='ltr'>placuit,</span> <span class='ocrx_word' id='word_1_291' title='bbox 1064 1709 1101 1739; x_wconf 91' lang='lat' dir='ltr'>ab</span> <span class='ocrx_word' id='word_1_292' title='bbox 1118 1709 1176 1739; x_wconf 88' lang='lat' dir='ltr'>hoc</span> <span class='ocrx_word' id='word_1_293' title='bbox 1197 1708 1288 1739; x_wconf 88' lang='lat' dir='ltr'>seculo</span> 
     </span>
     <span class='ocr_line' id='line_1_43' title="bbox 229 1744 1290 1786; baseline 0.004 -12"><span class='ocrx_word' id='word_1_294' title='bbox 229 1745 375 1781; x_wconf 85' lang='lat' dir='ltr'>evocavit)</span> <span class='ocrx_word' id='word_1_295' title='bbox 385 1744 489 1775; x_wconf 89' lang='lat' dir='ltr'>devote</span> <span class='ocrx_word' id='word_1_296' title='bbox 504 1746 537 1776; x_wconf 89' lang='lat'>&amp;</span> <span class='ocrx_word' id='word_1_297' title='bbox 551 1745 730 1783; x_wconf 85' lang='lat' dir='ltr'>solempniter</span> <span class='ocrx_word' id='word_1_298' title='bbox 744 1746 929 1785; x_wconf 78' lang='lat' dir='ltr'>celebrantes,</span> <span class='ocrx_word' id='word_1_299' title='bbox 940 1748 997 1785; x_wconf 83' lang='lat' dir='ltr'>ejus</span> <span class='ocrx_word' id='word_1_300' title='bbox 1011 1748 1149 1786; x_wconf 89' lang='lat' dir='ltr'>animam,</span> <span class='ocrx_word' id='word_1_301' title='bbox 1161 1757 1228 1778; x_wconf 91' lang='lat' dir='ltr'>cum</span> <span class='ocrx_word' id='word_1_302' title='bbox 1240 1747 1290 1778; x_wconf 90' lang='lat' dir='ltr'>de-</span> 
     </span>
     <span class='ocr_line' id='line_1_44' title="bbox 227 1781 1288 1824; baseline 0.004 -12"><span class='ocrx_word' id='word_1_303' title='bbox 227 1784 382 1813; x_wconf 84' lang='lat' dir='ltr'>cantatione</span> <span class='ocrx_word' id='word_1_304' title='bbox 398 1781 558 1822; x_wconf 79' lang='lat' dir='ltr'>missarum,</span> <span class='ocrx_word' id='word_1_305' title='bbox 571 1784 680 1822; x_wconf 85' lang='lat' dir='ltr'>aliisque</span> <span class='ocrx_word' id='word_1_306' title='bbox 701 1784 865 1815; x_wconf 86' lang='lat' dir='ltr'>devotarum</span> <span class='ocrx_word' id='word_1_307' title='bbox 883 1786 1044 1816; x_wconf 89' lang='lat' dir='ltr'>oratiorium</span> <span class='ocrx_word' id='word_1_308' title='bbox 1066 1784 1217 1824; x_wconf 61' lang='lat' dir='ltr'>suffiagiis,</span> <span class='ocrx_word' id='word_1_309' title='bbox 1239 1787 1288 1824; x_wconf 83' lang='lat' dir='ltr'>ipfi</span> 
     </span>
     <span class='ocr_line' id='line_1_45' title="bbox 228 1820 1289 1863; baseline 0.005 -13"><span class='ocrx_word' id='word_1_310' title='bbox 228 1820 372 1863; x_wconf 80' lang='lat' dir='ltr'>Altissimo</span> <span class='ocrx_word' id='word_1_311' title='bbox 386 1820 536 1860; x_wconf 79' lang='lat' dir='ltr'>specialiter</span> <span class='ocrx_word' id='word_1_312' title='bbox 551 1823 919 1863; x_wconf 80' lang='lat' dir='ltr'>commendetis,ipsamque</span> <span class='ocrx_word' id='word_1_313' title='bbox 932 1825 968 1854; x_wconf 90' lang='lat' dir='ltr'>ab</span> <span class='ocrx_word' id='word_1_314' title='bbox 982 1824 1110 1855; x_wconf 83' lang='lat' dir='ltr'>univerlis</span> <span class='ocrx_word' id='word_1_315' title='bbox 1121 1824 1154 1854; x_wconf 89' lang='lat'>&amp;</span> <span class='ocrx_word' id='word_1_316' title='bbox 1169 1824 1289 1863; x_wconf 76' lang='lat' dir='ltr'>singulis,</span> 
     </span>
     <span class='ocr_line' id='line_1_46' title="bbox 227 1859 1287 1902; baseline 0.006 -14"><span class='ocrx_word' id='word_1_317' title='bbox 227 1859 358 1893; x_wconf 73' lang='lat' dir='ltr'>religiolis</span> <span class='ocrx_word' id='word_1_318' title='bbox 371 1860 403 1890; x_wconf 87' lang='lat'>&amp;</span> <span class='ocrx_word' id='word_1_319' title='bbox 415 1860 487 1897; x_wconf 82' lang='lat' dir='ltr'>aliis,</span> <span class='ocrx_word' id='word_1_320' title='bbox 502 1861 620 1898; x_wconf 82' lang='lat' dir='ltr'>personis</span> <span class='ocrx_word' id='word_1_321' title='bbox 636 1861 850 1900; x_wconf 84' lang='lat' dir='ltr'>Eccleiiasticis,</span> <span class='ocrx_word' id='word_1_322' title='bbox 869 1862 981 1892; x_wconf 90' lang='lat' dir='ltr'>subditis</span> <span class='ocrx_word' id='word_1_323' title='bbox 996 1862 1106 1902; x_wconf 86' lang='lat' dir='ltr'>vestris,</span> <span class='ocrx_word' id='word_1_324' title='bbox 1128 1872 1178 1901; x_wconf 88' lang='lat' dir='ltr'>per</span> <span class='ocrx_word' id='word_1_325' title='bbox 1199 1871 1287 1895; x_wconf 88' lang='lat' dir='ltr'>totam</span> 
     </span>
     <span class='ocr_line' id='line_1_47' title="bbox 226 1897 1028 1938; baseline 0.005 -10"><span class='ocrx_word' id='word_1_326' title='bbox 226 1897 345 1928; x_wconf 73' lang='lat' dir='ltr'>vestram</span> <span class='ocrx_word' id='word_1_327' title='bbox 361 1898 540 1938; x_wconf 54' lang='lat' dir='ltr'>Diocaesem,</span> <span class='ocrx_word' id='word_1_328' title='bbox 554 1899 658 1930; x_wconf 75' lang='lat' dir='ltr'>faciatis</span> <span class='ocrx_word' id='word_1_329' title='bbox 673 1900 796 1930; x_wconf 77' lang='lat' dir='ltr'>rimiliter</span> <span class='ocrx_word' id='word_1_330' title='bbox 818 1901 1028 1932; x_wconf 86' lang='lat' dir='ltr'>commendari.</span> 
     </span>
    </p>
   </div>
   <div class='ocr_carea' id='block_1_12' title="bbox 263 1974 1154 2096">
    <p class='ocr_par' dir='ltr' id='par_1_15' title="bbox 263 1974 1154 2096">
     <span class='ocr_line' id='line_1_48' title="bbox 263 1974 968 2018; baseline 0.004 -13"><span class='ocrx_word' id='word_1_331' title='bbox 263 1974 352 2006; x_wconf 88' lang='lat' dir='ltr'>Teste</span> <span class='ocrx_word' id='word_1_332' title='bbox 364 1975 450 2013; x_wconf 87' lang='lat' dir='ltr'>Rege</span> <span class='ocrx_word' id='word_1_333' title='bbox 464 1976 537 2014; x_wconf 85' lang='lat' dir='ltr'>apud</span> <span class='ocrx_word' id='word_1_334' title='bbox 558 1975 742 2018; x_wconf 82' lang='lat' dir='ltr'>Kenyngton.</span> <span class='ocrx_word' id='word_1_335' title='bbox 759 1977 806 2007; x_wconf 88' lang='lat'>26.</span> <span class='ocrx_word' id='word_1_336' title='bbox 820 1976 867 2008; x_wconf 86' lang='lat' dir='ltr'>die</span> <span class='ocrx_word' id='word_1_337' title='bbox 884 1977 968 2009; x_wconf 86' lang='lat' dir='ltr'>Maii.</span> 
     </span>
     <span class='ocr_line' id='line_1_49' title="bbox 359 2051 1154 2096; baseline 0.006 -14"><span class='ocrx_word' id='word_1_338' title='bbox 359 2051 528 2084; x_wconf 80' lang='lat' dir='ltr'>Consimiles</span> <span class='ocrx_word' id='word_1_339' title='bbox 541 2053 638 2085; x_wconf 65' lang='lat' dir='ltr'>litterae</span> <span class='ocrx_word' id='word_1_340' title='bbox 650 2054 810 2092; x_wconf 87' lang='lat' dir='ltr'>diriguntur</span> <span class='ocrx_word' id='word_1_341' title='bbox 822 2053 994 2094; x_wconf 86' lang='lat' dir='ltr'>subscriptis,</span> <span class='ocrx_word' id='word_1_342' title='bbox 1007 2055 1137 2088; x_wconf 90' lang='lat' dir='ltr'>videlicet</span> <span class='ocrx_word' id='word_1_343' title='bbox 1144 2079 1154 2096; x_wconf 85' lang='lat'>,</span> 
     </span>
    </p>
   </div>
   <div class='ocr_carea' id='block_1_13' title="bbox 252 2127 720 2743">
    <p class='ocr_par' dir='ltr' id='par_1_16' title="bbox 259 2127 463 2166">
     <span class='ocr_line' id='line_1_50' title="bbox 259 2127 463 2166; baseline 0.015 -10"><span class='ocrx_word' id='word_1_344' title='bbox 259 2127 294 2166; x_wconf 90' lang='lat' dir='ltr'>J.</span> <span class='ocrx_word' id='word_1_345' title='bbox 314 2127 463 2159; x_wconf 77' lang='lat' dir='ltr'>Karliolen.</span> 
     </span>
    </p>

    <p class='ocr_par' dir='ltr' id='par_1_17' title="bbox 261 2166 467 2203">
     <span class='ocr_line' id='line_1_51' title="bbox 261 2166 467 2203; baseline 0.024 -9"><span class='ocrx_word' id='word_1_346' title='bbox 261 2166 296 2203; x_wconf 91' lang='lat' dir='ltr'>J.</span> <span class='ocrx_word' id='word_1_347' title='bbox 314 2169 467 2199; x_wconf 80' lang='lat' dir='ltr'>Norwiren.</span> 
     </span>
    </p>

    <p class='ocr_par' dir='ltr' id='par_1_18' title="bbox 259 2204 410 2243">
     <span class='ocr_line' id='line_1_52' title="bbox 259 2204 410 2243; baseline 0.013 -11"><span class='ocrx_word' id='word_1_348' title='bbox 259 2204 294 2242; x_wconf 90' lang='lat' dir='ltr'>J.</span> <span class='ocrx_word' id='word_1_349' title='bbox 316 2204 410 2243; x_wconf 71' lang='lat' dir='ltr'>Elyen.</span> 
     </span>
    </p>

    <p class='ocr_par' dir='ltr' id='par_1_19' title="bbox 260 2245 439 2282">
     <span class='ocr_line' id='line_1_53' title="bbox 260 2245 439 2282; baseline 0.017 -11"><span class='ocrx_word' id='word_1_350' title='bbox 260 2245 293 2271; x_wconf 88' lang='lat' dir='ltr'>R.</span> <span class='ocrx_word' id='word_1_351' title='bbox 314 2245 439 2282; x_wconf 63' lang='lat' dir='ltr'>ll‘ynton.</span> 
     </span>
    </p>

    <p class='ocr_par' dir='ltr' id='par_1_20' title="bbox 261 2280 413 2320">
     <span class='ocr_line' id='line_1_54' title="bbox 261 2280 413 2320; baseline 0.013 -11"><span class='ocrx_word' id='word_1_352' title='bbox 261 2280 296 2318; x_wconf 88' lang='lat' dir='ltr'>J.</span> <span class='ocrx_word' id='word_1_353' title='bbox 312 2281 413 2320; x_wconf 72' lang='lat' dir='ltr'>Rqffim.</span> 
     </span>
    </p>

    <p class='ocr_par' dir='ltr' id='par_1_21' title="bbox 259 2320 470 2351">
     <span class='ocr_line' id='line_1_55' title="bbox 259 2320 470 2351; baseline 0.019 -4"><span class='ocrx_word' id='word_1_354' title='bbox 259 2324 293 2348; x_wconf 85' lang='lat' dir='ltr'>A.</span> <span class='ocrx_word' id='word_1_355' title='bbox 312 2320 470 2351; x_wconf 74' lang='lat' dir='ltr'>Dunelmen.</span> 
     </span>
    </p>

    <p class='ocr_par' dir='ltr' id='par_1_22' title="bbox 255 2357 457 2393">
     <span class='ocr_line' id='line_1_56' title="bbox 255 2357 457 2393; baseline 0.025 -8"><span class='ocrx_word' id='word_1_356' title='bbox 255 2357 345 2387; x_wconf 83' lang='lat' dir='ltr'>Thom.</span> <span class='ocrx_word' id='word_1_357' title='bbox 367 2361 457 2393; x_wconf 38' lang='lat' dir='ltr'>Exim,</span> 
     </span>
    </p>

    <p class='ocr_par' dir='ltr' id='par_1_23' title="bbox 253 2399 403 2427">
     <span class='ocr_line' id='line_1_57' title="bbox 253 2399 403 2427; baseline 0.013 -3"><span class='ocrx_word' id='word_1_358' title='bbox 253 2399 280 2424; x_wconf 83' lang='lat' dir='ltr'>S.</span> <span class='ocrx_word' id='word_1_359' title='bbox 299 2399 403 2427; x_wconf 78' lang='lat' dir='ltr'>Sarum.</span> 
     </span>
    </p>

    <p class='ocr_par' dir='ltr' id='par_1_24' title="bbox 257 2436 450 2474">
     <span class='ocr_line' id='line_1_58' title="bbox 257 2436 450 2474; baseline 0.01 -11"><span class='ocrx_word' id='word_1_360' title='bbox 257 2436 301 2463; x_wconf 86' lang='lat' dir='ltr'>W.</span> <span class='ocrx_word' id='word_1_361' title='bbox 322 2438 365 2464; x_wconf 86' lang='lat' dir='ltr'><em>W</em></span> <span class='ocrx_word' id='word_1_362' title='bbox 361 2447 450 2474; x_wconf 78' lang='lat' dir='ltr'>ygorn.</span> 
     </span>
    </p>

    <p class='ocr_par' dir='ltr' id='par_1_25' title="bbox 255 2473 482 2513">
     <span class='ocr_line' id='line_1_59' title="bbox 255 2473 482 2513; baseline 0.018 -12"><span class='ocrx_word' id='word_1_363' title='bbox 255 2475 288 2502; x_wconf 89' lang='lat' dir='ltr'>R.</span> <span class='ocrx_word' id='word_1_364' title='bbox 307 2473 482 2513; x_wconf 68' lang='lat' dir='ltr'>Herefitrden.</span> 
     </span>
    </p>

    <p class='ocr_par' dir='ltr' id='par_1_26' title="bbox 252 2513 661 2628">
     <span class='ocr_line' id='line_1_60' title="bbox 256 2513 618 2549; baseline 0.011 -9"><span class='ocrx_word' id='word_1_365' title='bbox 256 2513 301 2541; x_wconf 85' lang='lat' dir='ltr'>W.</span> <span class='ocrx_word' id='word_1_366' title='bbox 321 2513 440 2543; x_wconf 80' lang='lat' dir='ltr'>Bathon.</span> <span class='ocrx_word' id='word_1_367' title='bbox 454 2513 492 2549; x_wconf 73' lang='lat'>&amp;-</span> <span class='ocrx_word' id='word_1_368' title='bbox 508 2514 618 2544; x_wconf 74' lang='lat' dir='ltr'>W&#39;ellen.</span> 
     </span>
     <span class='ocr_line' id='line_1_61' title="bbox 254 2552 661 2593; baseline 0.012 -15"><span class='ocrx_word' id='word_1_369' title='bbox 254 2552 298 2578; x_wconf 87' lang='lat' dir='ltr'>W.</span> <span class='ocrx_word' id='word_1_370' title='bbox 313 2554 441 2582; x_wconf 79' lang='lat' dir='ltr'>Coventr.</span> <span class='ocrx_word' id='word_1_371' title='bbox 455 2552 493 2589; x_wconf 56' lang='grc' dir='ltr'><strong><em>ὠ</em></strong></span> <span class='ocrx_word' id='word_1_372' title='bbox 510 2553 661 2593; x_wconf 70' lang='lat' dir='ltr'>Lycheseld.</span> 
     </span>
     <span class='ocr_line' id='line_1_62' title="bbox 252 2590 436 2628; baseline 0.033 -13"><span class='ocrx_word' id='word_1_373' title='bbox 252 2592 286 2616; x_wconf 88' lang='lat' dir='ltr'>A.</span> <span class='ocrx_word' id='word_1_374' title='bbox 307 2590 436 2628; x_wconf 56' lang='lat' dir='ltr'>Affaven.</span> 
     </span>
    </p>

    <p class='ocr_par' dir='ltr' id='par_1_27' title="bbox 253 2630 461 2665">
     <span class='ocr_line' id='line_1_63' title="bbox 253 2630 461 2665; baseline 0.024 -11"><span class='ocrx_word' id='word_1_375' title='bbox 253 2630 289 2655; x_wconf 88' lang='lat' dir='ltr'>A.</span> <span class='ocrx_word' id='word_1_376' title='bbox 310 2631 461 2665; x_wconf 76' lang='lat' dir='ltr'>Bangoren.</span> 
     </span>
    </p>

    <p class='ocr_par' dir='ltr' id='par_1_28' title="bbox 256 2666 461 2697">
     <span class='ocr_line' id='line_1_64' title="bbox 256 2666 461 2697; baseline 0.024 -5"><span class='ocrx_word' id='word_1_377' title='bbox 256 2666 296 2694; x_wconf 92' lang='lat' dir='ltr'>D.</span> <span class='ocrx_word' id='word_1_378' title='bbox 316 2669 461 2697; x_wconf 80' lang='lat' dir='ltr'>Meneven.</span> 
     </span>
    </p>

    <p class='ocr_par' dir='ltr' id='par_1_29' title="bbox 254 2702 720 2743">
     <span class='ocr_line' id='line_1_65' title="bbox 254 2702 720 2743; baseline 0.019 -12"><span class='ocrx_word' id='word_1_379' title='bbox 254 2702 290 2740; x_wconf 90' lang='lat' dir='ltr'>J.</span> <span class='ocrx_word' id='word_1_380' title='bbox 310 2705 476 2736; x_wconf 73' lang='lat' dir='ltr'>Laudaven.</span> <span class='ocrx_word' id='word_1_381' title='bbox 699 2711 720 2743; x_wconf 76' lang='lat' dir='ltr'>J</span> 
     </span>
    </p>
   </div>
   <div class='ocr_carea' id='block_1_14' title="bbox 712 2131 898 2511">
    <p class='ocr_par' dir='ltr' id='par_1_30' title="bbox 712 2131 898 2511">
     <span class='ocr_line' id='line_1_66' title="bbox 712 2131 734 2231; baseline 0 0"><span class='ocrx_word' id='word_1_382' title='bbox 712 2131 734 2231; x_wconf 76' lang='lat' dir='ltr'>i</span> 
     </span>
     <span class='ocr_line' id='line_1_67' title="bbox 716 2320 898 2511; baseline -0.016 -63"><span class='ocrx_word' id='word_1_383' title='bbox 716 2320 898 2511; x_wconf 55' lang='lat' dir='ltr'>}Episcopis.</span> 
     </span>
    </p>
   </div>
   <div class='ocr_carea' id='block_1_15' title="bbox 248 2779 1114 2904">
    <p class='ocr_par' dir='ltr' id='par_1_31' title="bbox 248 2779 1114 2904">
     <span class='ocr_line' id='line_1_68' title="bbox 253 2779 616 2851; baseline 0.017 -43"><span class='ocrx_word' id='word_1_384' title='bbox 253 2779 350 2811; x_wconf 74' lang='lat' dir='ltr'>Elec&#39;lo</span> <span class='ocrx_word' id='word_1_385' title='bbox 372 2783 494 2813; x_wconf 80' lang='lat' dir='ltr'>London.</span> <span class='ocrx_word' id='word_1_386' title='bbox 509 2782 616 2851; x_wconf 53' lang='lat' dir='ltr'>Cuffodi</span> 
     </span>
     <span class='ocr_line' id='line_1_69' title="bbox 252 2820 1114 2861; baseline 0.005 -13"><span class='ocrx_word' id='word_1_387' title='bbox 252 2820 461 2857; x_wconf 75' lang='lat' dir='ltr'>spiritualitatis</span> <span class='ocrx_word' id='word_1_388' title='bbox 477 2826 538 2852; x_wconf 83' lang='lat' dir='ltr'>Arc</span> <span class='ocrx_word' id='word_1_389' title='bbox 559 2821 728 2861; x_wconf 64' lang='lat' dir='ltr'>iepifsopatiis</span> <span class='ocrx_word' id='word_1_390' title='bbox 751 2823 887 2861; x_wconf 81' lang='lat' dir='ltr'>Eborum,</span> <span class='ocrx_word' id='word_1_391' title='bbox 900 2823 965 2853; x_wconf 80' lang='lat' dir='ltr'>Sede</span> <span class='ocrx_word' id='word_1_392' title='bbox 978 2827 1114 2853; x_wconf 79' lang='lat' dir='ltr'>vacante:</span> 
     </span>
     <span class='ocr_line' id='line_1_70' title="bbox 248 2857 882 2904; baseline 0.008 -17"><span class='ocrx_word' id='word_1_393' title='bbox 248 2857 354 2898; x_wconf 79' lang='lat' dir='ltr'>Custodi</span> <span class='ocrx_word' id='word_1_394' title='bbox 366 2860 575 2898; x_wconf 73' lang='lat' dir='ltr'>spiritualitatis</span> <span class='ocrx_word' id='word_1_395' title='bbox 588 2861 760 2901; x_wconf 64' lang='lat' dir='ltr'>Episc&#39;opattis</span> <span class='ocrx_word' id='word_1_396' title='bbox 774 2861 882 2904; x_wconf 65' lang='lat' dir='ltr'>Cycqllr.</span> 
     </span>
    </p>
   </div>
   <div class='ocr_carea' id='block_1_16' title="bbox 210 2934 1273 3094">
    <p class='ocr_par' dir='ltr' id='par_1_32' title="bbox 210 2934 1273 3094">
     <span class='ocr_line' id='line_1_71' title="bbox 210 2934 1273 3006; baseline 0.006 -41"><span class='ocrx_word' id='word_1_397' title='bbox 210 2934 529 3006; x_wconf 25' lang='lat' dir='ltr'>Rffihdsiallzizzasibi</span> <span class='ocrx_word' id='word_1_398' title='bbox 547 2939 578 2968; x_wconf 89' lang='lat' dir='ltr'>in</span> <span class='ocrx_word' id='word_1_399' title='bbox 598 2937 714 2969; x_wconf 88' lang='lat' dir='ltr'>Christo</span> <span class='ocrx_word' id='word_1_400' title='bbox 730 2963 736 2968; x_wconf 93' lang='lat'><em>.</em></span> <span class='ocrx_word' id='word_1_401' title='bbox 754 2962 762 2970; x_wconf 93' lang='lat'><em>.</em></span> <span class='ocrx_word' id='word_1_402' title='bbox 779 2962 785 2969; x_wconf 95' lang='lat'><em>.</em></span> <span class='ocrx_word' id='word_1_403' title='bbox 804 2938 907 2970; x_wconf 78' lang='lat' dir='ltr'>Abbati</span> <span class='ocrx_word' id='word_1_404' title='bbox 919 2938 1018 2970; x_wconf 72' lang='lat' dir='ltr'>Sanffi</span> <span class='ocrx_word' id='word_1_405' title='bbox 1030 2937 1182 2977; x_wconf 87' lang='lat' dir='ltr'>Augustini</span> <span class='ocrx_word' id='word_1_406' title='bbox 1194 2937 1273 2971; x_wconf 78' lang='lat' dir='ltr'>Can—</span> 
     </span>
     <span class='ocr_line' id='line_1_72' title="bbox 251 3011 817 3054; baseline 0.009 -14"><span class='ocrx_word' id='word_1_407' title='bbox 251 3011 328 3041; x_wconf 87' lang='lat' dir='ltr'>Cum</span> <span class='ocrx_word' id='word_1_408' title='bbox 345 3022 415 3050; x_wconf 90' lang='lat' dir='ltr'>opus</span> <span class='ocrx_word' id='word_1_409' title='bbox 435 3013 561 3045; x_wconf 59' lang='lat' dir='ltr'>studium</span> <span class='ocrx_word' id='word_1_410' title='bbox 576 3015 608 3046; x_wconf 90' lang='lat'>&amp;</span> <span class='ocrx_word' id='word_1_411' title='bbox 624 3014 745 3054; x_wconf 86' lang='lat' dir='ltr'>salubre,</span> <span class='ocrx_word' id='word_1_412' title='bbox 756 3015 817 3047; x_wconf 85' lang='lat' dir='ltr'>&amp;c.</span> 
     </span>
     <span class='ocr_line' id='line_1_73' title="bbox 252 3049 1271 3094; baseline 0.007 -16"><span class='ocrx_word' id='word_1_413' title='bbox 252 3049 381 3079; x_wconf 84' lang='lat' dir='ltr'>Vestram</span> <span class='ocrx_word' id='word_1_414' title='bbox 394 3053 549 3082; x_wconf 87' lang='lat' dir='ltr'>amicitiam</span> <span class='ocrx_word' id='word_1_415' title='bbox 568 3053 716 3084; x_wconf 68' lang='lat' dir='ltr'>affectuose</span> <span class='ocrx_word' id='word_1_416' title='bbox 737 3054 900 3092; x_wconf 88' lang='lat' dir='ltr'>requirimus</span> <span class='ocrx_word' id='word_1_417' title='bbox 913 3054 946 3085; x_wconf 91' lang='lat'>&amp;</span> <span class='ocrx_word' id='word_1_418' title='bbox 961 3063 1111 3091; x_wconf 81' lang='lat' dir='ltr'>rogamuS,</span> <span class='ocrx_word' id='word_1_419' title='bbox 1126 3055 1271 3094; x_wconf 87' lang='lat' dir='ltr'>quatinus,</span> 
     </span>
    </p>
   </div>
   <div class='ocr_carea' id='block_1_17' title="bbox 209 3085 1271 3164">
    <p class='ocr_par' dir='ltr' id='par_1_33' title="bbox 209 3085 1271 3164">
     <span class='ocr_line' id='line_1_74' title="bbox 209 3085 1271 3155; baseline 0.007 -38"><span class='ocrx_word' id='word_1_420' title='bbox 209 3085 273 3155; x_wconf 46' lang='grc' dir='ltr'><strong>(εἷς.</strong></span> <span class='ocrx_word' id='word_1_421' title='bbox 291 3094 322 3116; x_wconf 85' lang='lat' dir='ltr'>ut</span> <span class='ocrx_word' id='word_1_422' title='bbox 322 3086 430 3155; x_wconf 44' lang='grc' dir='ltr'>βψω,</span> <span class='ocrx_word' id='word_1_423' title='bbox 444 3091 664 3133; x_wconf 65' lang='lat' dir='ltr'>commendem,</span> <span class='ocrx_word' id='word_1_424' title='bbox 679 3093 712 3123; x_wconf 62' lang='grc' dir='ltr'>ὃς</span> <span class='ocrx_word' id='word_1_425' title='bbox 725 3092 828 3136; x_wconf 75' lang='lat' dir='ltr'>faciatis</span> <span class='ocrx_word' id='word_1_426' title='bbox 840 3094 875 3123; x_wconf 88' lang='lat' dir='ltr'>ab</span> <span class='ocrx_word' id='word_1_427' title='bbox 889 3093 1023 3123; x_wconf 86' lang='lat' dir='ltr'>omnibus</span> <span class='ocrx_word' id='word_1_428' title='bbox 1035 3093 1069 3124; x_wconf 86' lang='lat'>&amp;</span> <span class='ocrx_word' id='word_1_429' title='bbox 1083 3091 1196 3130; x_wconf 81' lang='lat' dir='ltr'>singulis</span> <span class='ocrx_word' id='word_1_430' title='bbox 1208 3093 1271 3124; x_wconf 88' lang='lat' dir='ltr'>sub-</span> 
     </span>
     <span class='ocr_line' id='line_1_75' title="bbox 242 3126 764 3164; baseline 0.01 -8"><span class='ocrx_word' id='word_1_431' title='bbox 242 3134 276 3156; x_wconf 81' lang='lat' dir='ltr'>tis</span> <span class='ocrx_word' id='word_1_432' title='bbox 286 3136 321 3156; x_wconf 92' lang='lat' dir='ltr'>ve</span> <span class='ocrx_word' id='word_1_433' title='bbox 348 3136 381 3155; x_wconf 84' lang='lat' dir='ltr'>ris</span> <span class='ocrx_word' id='word_1_434' title='bbox 394 3126 545 3164; x_wconf 83' lang='lat' dir='ltr'>specialiter</span> <span class='ocrx_word' id='word_1_435' title='bbox 558 3131 764 3161; x_wconf 89' lang='lat' dir='ltr'>commendari.</span> 
     </span>
    </p>
   </div>
   <div class='ocr_carea' id='block_1_18' title="bbox 239 3201 1213 3358">
    <p class='ocr_par' dir='ltr' id='par_1_34' title="bbox 239 3201 1213 3358">
     <span class='ocr_line' id='line_1_76' title="bbox 242 3201 1213 3247; baseline 0.007 -16"><span class='ocrx_word' id='word_1_436' title='bbox 242 3201 412 3233; x_wconf 87' lang='lat' dir='ltr'>Confimiles</span> <span class='ocrx_word' id='word_1_437' title='bbox 431 3202 529 3234; x_wconf 75' lang='lat' dir='ltr'>litterae</span> <span class='ocrx_word' id='word_1_438' title='bbox 542 3204 698 3244; x_wconf 85' lang='lat' dir='ltr'>diriguntur</span> <span class='ocrx_word' id='word_1_439' title='bbox 710 3207 864 3239; x_wconf 86' lang='lat' dir='ltr'>Abbatibus</span> <span class='ocrx_word' id='word_1_440' title='bbox 883 3207 1054 3246; x_wconf 87' lang='lat' dir='ltr'>subscriptis,</span> <span class='ocrx_word' id='word_1_441' title='bbox 1067 3205 1213 3247; x_wconf 82' lang='lat' dir='ltr'>videlicet,</span> 
     </span>
     <span class='ocr_line' id='line_1_77' title="bbox 240 3277 677 3322; baseline 0.014 -16"><span class='ocrx_word' id='word_1_442' title='bbox 240 3277 352 3308; x_wconf 81' lang='lat' dir='ltr'>Abbati</span> <span class='ocrx_word' id='word_1_443' title='bbox 364 3279 395 3308; x_wconf 83' lang='lat' dir='ltr'>de</span> <span class='ocrx_word' id='word_1_444' title='bbox 406 3281 505 3309; x_wconf 67' lang='lat' dir='ltr'>Sanbi‘o</span> <span class='ocrx_word' id='word_1_445' title='bbox 519 3282 658 3312; x_wconf 79' lang='lat' dir='ltr'>Edmundo</span> <span class='ocrx_word' id='word_1_446' title='bbox 666 3306 677 3322; x_wconf 88' lang='lat'>‚</span> 
     </span>
     <span class='ocr_line' id='line_1_78' title="bbox 239 3316 648 3358; baseline 0.007 -12"><span class='ocrx_word' id='word_1_447' title='bbox 239 3316 354 3346; x_wconf 80' lang='lat' dir='ltr'>Abbati</span> <span class='ocrx_word' id='word_1_448' title='bbox 365 3317 396 3346; x_wconf 84' lang='lat' dir='ltr'>de</span> <span class='ocrx_word' id='word_1_449' title='bbox 408 3320 506 3347; x_wconf 65' lang='lat' dir='ltr'>Sanc‘lo</span> <span class='ocrx_word' id='word_1_450' title='bbox 519 3319 648 3358; x_wconf 80' lang='lat' dir='ltr'>Albano,</span> 
     </span>
    </p>
   </div>
   <div class='ocr_carea' id='block_1_19' title="bbox 239 3354 573 3424">
    <p class='ocr_par' dir='ltr' id='par_1_35' title="bbox 239 3354 573 3424">
     <span class='ocr_line' id='line_1_79' title="bbox 239 3354 573 3396; baseline 0.012 -12"><span class='ocrx_word' id='word_1_451' title='bbox 239 3354 351 3384; x_wconf 77' lang='lat' dir='ltr'>Abbati</span> <span class='ocrx_word' id='word_1_452' title='bbox 365 3355 396 3384; x_wconf 86' lang='lat' dir='ltr'>de</span> <span class='ocrx_word' id='word_1_453' title='bbox 413 3355 573 3396; x_wconf 84' lang='lat' dir='ltr'>Waltham,</span> 
     </span>
     <span class='ocr_line' id='line_1_80' title="bbox 239 3392 470 3424; baseline 0.013 -3"><span class='ocrx_word' id='word_1_454' title='bbox 239 3392 354 3422; x_wconf 83' lang='lat' dir='ltr'>Abbati</span> <span class='ocrx_word' id='word_1_455' title='bbox 368 3398 411 3422; x_wconf 79' lang='lat' dir='ltr'>We</span> <span class='ocrx_word' id='word_1_456' title='bbox 435 3406 470 3424; x_wconf 86' lang='lat' dir='ltr'>m.</span> 
     </span>
    </p>
   </div>
   <div class='ocr_carea' id='block_1_20' title="bbox 237 3467 469 3509">
    <p class='ocr_par' dir='ltr' id='par_1_36' title="bbox 237 3467 469 3509">
     <span class='ocr_line' id='line_1_81' title="bbox 237 3467 469 3509; baseline 0.017 -11"><span class='ocrx_word' id='word_1_457' title='bbox 237 3467 324 3500; x_wconf 89' lang='lat' dir='ltr'>Teste</span> <span class='ocrx_word' id='word_1_458' title='bbox 339 3478 368 3501; x_wconf 91' lang='lat' dir='ltr'>ut</span> <span class='ocrx_word' id='word_1_459' title='bbox 383 3470 469 3509; x_wconf 85' lang='lat' dir='ltr'>supra.</span> 
     </span>
    </p>
   </div>
   <div class='ocr_carea' id='block_1_21' title="bbox 215 3580 341 3590">
    <p class='ocr_par' dir='ltr' id='par_1_37' title="bbox 215 3580 341 3590">
     <span class='ocr_line' id='line_1_82' title="bbox 215 3580 341 3590; baseline 0 0"><span class='ocrx_word' id='word_1_460' title='bbox 215 3580 341 3590; x_wconf 26' lang='grc' dir='ltr'>Ἣγ,</span> 
     </span>
    </p>
   </div>
   <div class='ocr_carea' id='block_1_22' title="bbox 53 3643 1168 3700">
    <p class='ocr_par' dir='ltr' id='par_1_38' title="bbox 53 3643 1168 3700">
     <span class='ocr_line' id='line_1_83' title="bbox 53 3643 1168 3700; baseline 0.008 -26"><span class='ocrx_word' id='word_1_461' title='bbox 53 3647 188 3684; x_wconf 58' lang='lat'><em>³11.965.</em></span> <span class='ocrx_word' id='word_1_462' title='bbox 208 3666 222 3667; x_wconf 23' lang='grc' dir='ltr'><strong>ἡ</strong></span> <span class='ocrx_word' id='word_1_463' title='bbox 308 3643 335 3670; x_wconf 54' lang='lat'>²*</span> <span class='ocrx_word' id='word_1_464' title='bbox 361 3647 407 3679; x_wconf 85' lang='lat' dir='ltr'>De</span> <span class='ocrx_word' id='word_1_465' title='bbox 423 3649 676 3694; x_wconf 81' lang='lat' dir='ltr'>Augmentatione</span> <span class='ocrx_word' id='word_1_466' title='bbox 694 3649 825 3682; x_wconf 81' lang='lat' dir='ltr'>dotalitii</span> <span class='ocrx_word' id='word_1_467' title='bbox 841 3652 1025 3697; x_wconf 80' lang='lat' dir='ltr'>Margaretae</span> <span class='ocrx_word' id='word_1_468' title='bbox 1044 3655 1168 3700; x_wconf 84' lang='lat' dir='ltr'>Reginae.</span> 
     </span>
    </p>
   </div>
   <div class='ocr_carea' id='block_1_23' title="bbox 55 3721 1796 3888">
    <p class='ocr_par' dir='ltr' id='par_1_39' title="bbox 55 3721 1796 3888">
     <span class='ocr_line' id='line_1_84' title="bbox 56 3721 863 3797; baseline 0.005 -39"><span class='ocrx_word' id='word_1_469' title='bbox 56 3721 187 3797; x_wconf 41' lang='lat' dir='ltr'>AI¹¹J¹55D</span> <span class='ocrx_word' id='word_1_470' title='bbox 204 3725 328 3779; x_wconf 82' lang='lat' dir='ltr'>REX</span> <span class='ocrx_word' id='word_1_471' title='bbox 351 3732 497 3771; x_wconf 89' lang='lat' dir='ltr'>omnibus,</span> <span class='ocrx_word' id='word_1_472' title='bbox 512 3733 546 3764; x_wconf 89' lang='lat' dir='ltr'>ad</span> <span class='ocrx_word' id='word_1_473' title='bbox 569 3744 654 3772; x_wconf 86' lang='lat' dir='ltr'>quos,</span> <span class='ocrx_word' id='word_1_474' title='bbox 666 3734 726 3764; x_wconf 89' lang='lat' dir='ltr'>&amp;c.</span> <span class='ocrx_word' id='word_1_475' title='bbox 743 3733 863 3765; x_wconf 85' lang='lat' dir='ltr'>salutem.</span> 
     </span>
     <span class='ocr_line' id='line_1_85' title="bbox 55 3779 1260 3855; baseline 0.012 -28"><span class='ocrx_word' id='word_1_476' title='bbox 55 3779 112 3824; x_wconf 50' lang='lat' dir='ltr'>An.)</span> <span class='ocrx_word' id='word_1_477' title='bbox 127 3808 169 3834; x_wconf 82' lang='lat'>33-</span> <span class='ocrx_word' id='word_1_478' title='bbox 205 3803 391 3848; x_wconf 70' lang='lat' dir='ltr'>providentia,</span> <span class='ocrx_word' id='word_1_479' title='bbox 408 3817 493 3850; x_wconf 79' lang='lat' dir='ltr'>nuper</span> <span class='ocrx_word' id='word_1_480' title='bbox 509 3809 619 3839; x_wconf 69' lang='lat' dir='ltr'>Sanetae</span> <span class='ocrx_word' id='word_1_481' title='bbox 632 3809 837 3854; x_wconf 35' lang='lat' dir='ltr'>Romanam-ac</span> <span class='ocrx_word' id='word_1_482' title='bbox 852 3811 1023 3843; x_wconf 86' lang='lat' dir='ltr'>Universalis</span> <span class='ocrx_word' id='word_1_483' title='bbox 1043 3812 1173 3843; x_wconf 87' lang='lat' dir='ltr'>Ecclesiae</span> <span class='ocrx_word' id='word_1_484' title='bbox 1186 3811 1260 3855; x_wconf 82' lang='lat' dir='ltr'>sum-</span> 
     </span>
     <span class='ocr_line' id='line_1_86' title="bbox 204 3838 1796 3888; baseline 0.009 -18"><span class='ocrx_word' id='word_1_485' title='bbox 204 3848 265 3868; x_wconf 85' lang='lat' dir='ltr'>mus</span> <span class='ocrx_word' id='word_1_486' title='bbox 280 3838 422 3879; x_wconf 81' lang='lat' dir='ltr'>Pontifex,</span> <span class='ocrx_word' id='word_1_487' title='bbox 436 3856 463 3874; x_wconf 87' lang='lat' dir='ltr'>in</span> <span class='ocrx_word' id='word_1_488' title='bbox 479 3857 563 3884; x_wconf 86' lang='lat' dir='ltr'>quem</span> <span class='ocrx_word' id='word_1_489' title='bbox 579 3847 655 3885; x_wconf 87' lang='lat' dir='ltr'>super</span> <span class='ocrx_word' id='word_1_490' title='bbox 671 3858 739 3886; x_wconf 85' lang='lat' dir='ltr'>pace</span> <span class='ocrx_word' id='word_1_491' title='bbox 755 3871 764 3885; x_wconf 89' lang='lat'>‚</span> <span class='ocrx_word' id='word_1_492' title='bbox 794 3856 863 3878; x_wconf 91' lang='lat' dir='ltr'>inter</span> <span class='ocrx_word' id='word_1_493' title='bbox 887 3860 936 3880; x_wconf 89' lang='lat' dir='ltr'>nos</span> <span class='ocrx_word' id='word_1_494' title='bbox 957 3852 989 3881; x_wconf 91' lang='lat'>&amp;</span> <span class='ocrx_word' id='word_1_495' title='bbox 1004 3851 1120 3888; x_wconf 84' lang='lat' dir='ltr'>Regem</span> <span class='ocrx_word' id='word_1_496' title='bbox 1136 3849 1259 3880; x_wconf 76' lang='lat' dir='ltr'>Franciae</span> <span class='ocrx_word' id='word_1_497' title='bbox 1299 3852 1408 3882; x_wconf 67' lang='lat' dir='ltr'>oetabis</span> <span class='ocrx_word' id='word_1_498' title='bbox 1420 3852 1577 3884; x_wconf 84' lang='lat' dir='ltr'>Nativitatis</span> <span class='ocrx_word' id='word_1_499' title='bbox 1591 3854 1680 3884; x_wconf 81' lang='lat' dir='ltr'>Beatae</span> <span class='ocrx_word' id='word_1_500' title='bbox 1695 3854 1796 3885; x_wconf 79' lang='lat' dir='ltr'>Mariae</span> 
     </span>
    </p>
   </div>
   <div class='ocr_carea' id='block_1_24' title="bbox 54 3875 1257 3936">
    <p class='ocr_par' dir='ltr' id='par_1_40' title="bbox 54 3875 1257 3936">
     <span class='ocr_line' id='line_1_87' title="bbox 54 3875 1257 3936; baseline 0.007 -28"><span class='ocrx_word' id='word_1_501' title='bbox 54 3875 129 3936; x_wconf 40' lang='lat' dir='ltr'>{eti—</span> <span class='ocrx_word' id='word_1_502' title='bbox 143 3881 187 3909; x_wconf 86' lang='lat'>33·</span> <span class='ocrx_word' id='word_1_503' title='bbox 202 3876 375 3910; x_wconf 77' lang='lat' dir='ltr'>reformanda</span> <span class='ocrx_word' id='word_1_504' title='bbox 391 3881 485 3919; x_wconf 86' lang='lat' dir='ltr'>(super</span> <span class='ocrx_word' id='word_1_505' title='bbox 501 3884 640 3915; x_wconf 78' lang='lat' dir='ltr'>discordiis</span> <span class='ocrx_word' id='word_1_506' title='bbox 653 3887 686 3916; x_wconf 71' lang='grc' dir='ltr'>δε</span> <span class='ocrx_word' id='word_1_507' title='bbox 703 3887 823 3924; x_wconf 82' lang='lat' dir='ltr'>guerris,</span> <span class='ocrx_word' id='word_1_508' title='bbox 848 3888 919 3917; x_wconf 90' lang='lat' dir='ltr'>inter</span> <span class='ocrx_word' id='word_1_509' title='bbox 939 3899 989 3918; x_wconf 85' lang='lat' dir='ltr'>nos</span> <span class='ocrx_word' id='word_1_510' title='bbox 1004 3890 1037 3920; x_wconf 90' lang='lat'>&amp;</span> <span class='ocrx_word' id='word_1_511' title='bbox 1052 3886 1157 3927; x_wconf 86' lang='lat' dir='ltr'>ipsum,</span> <span class='ocrx_word' id='word_1_512' title='bbox 1171 3897 1257 3918; x_wconf 89' lang='lat' dir='ltr'>occa—</span> 
     </span>
    </p>
   </div>
   <div class='ocr_carea' id='block_1_25' title="bbox 296 3765 1260 3812">
    <p class='ocr_par' dir='ltr' id='par_1_41' title="bbox 296 3765 1260 3812">
     <span class='ocr_line' id='line_1_88' title="bbox 296 3765 1260 3812; baseline 0.009 -18"><span class='ocrx_word' id='word_1_513' title='bbox 296 3765 390 3797; x_wconf 84' lang='lat' dir='ltr'>Sciatis</span> <span class='ocrx_word' id='word_1_514' title='bbox 405 3771 479 3806; x_wconf 90' lang='lat' dir='ltr'>quod</span> <span class='ocrx_word' id='word_1_515' title='bbox 494 3781 560 3801; x_wconf 91' lang='lat' dir='ltr'>cum</span> <span class='ocrx_word' id='word_1_516' title='bbox 574 3795 584 3808; x_wconf 90' lang='lat'>,</span> <span class='ocrx_word' id='word_1_517' title='bbox 606 3771 710 3802; x_wconf 85' lang='lat' dir='ltr'>foelicis</span> <span class='ocrx_word' id='word_1_518' title='bbox 738 3772 950 3812; x_wconf 84' lang='lat' dir='ltr'>recordationis,</span> <span class='ocrx_word' id='word_1_519' title='bbox 969 3774 1142 3812; x_wconf 88' lang='lat' dir='ltr'>Bonifacius,</span> <span class='ocrx_word' id='word_1_520' title='bbox 1164 3771 1260 3804; x_wconf 66' lang='lat' dir='ltr'>divina</span> 
     </span>
    </p>
   </div>
   <div class='ocr_carea' id='block_1_26' title="bbox 1300 3734 2436 3843">
    <p class='ocr_par' dir='ltr' id='par_1_42' title="bbox 1300 3734 2436 3843">
     <span class='ocr_line' id='line_1_89' title="bbox 1302 3734 2355 3780; baseline -0.002 -12"><span class='ocrx_word' id='word_1_521' title='bbox 1302 3738 1387 3774; x_wconf 86' lang='lat' dir='ltr'>gister</span> <span class='ocrx_word' id='word_1_522' title='bbox 1404 3739 1440 3768; x_wconf 91' lang='lat' dir='ltr'>de</span> <span class='ocrx_word' id='word_1_523' title='bbox 1454 3737 1606 3778; x_wconf 89' lang='lat' dir='ltr'>Cadomo,</span> <span class='ocrx_word' id='word_1_524' title='bbox 1627 3739 1763 3780; x_wconf 83' lang='lat' dir='ltr'>Magister</span> <span class='ocrx_word' id='word_1_525' title='bbox 1779 3740 1919 3779; x_wconf 73' lang='lat' dir='ltr'>Johannes</span> <span class='ocrx_word' id='word_1_526' title='bbox 1938 3739 2029 3770; x_wconf 91' lang='lat' dir='ltr'>Bussh.</span> <span class='ocrx_word' id='word_1_527' title='bbox 2041 3739 2225 3780; x_wconf 70' lang='lat' dir='ltr'>&amp;johannes</span> <span class='ocrx_word' id='word_1_528' title='bbox 2238 3735 2274 3780; x_wconf 74' lang='lat' dir='ltr'>de</span> <span class='ocrx_word' id='word_1_529' title='bbox 2290 3734 2355 3766; x_wconf 76' lang='lat' dir='ltr'>Kir-</span> 
     </span>
     <span class='ocr_line' id='line_1_90' title="bbox 1300 3773 2436 3843; baseline -0.003 -37"><span class='ocrx_word' id='word_1_530' title='bbox 1300 3776 1393 3843; x_wconf 47' lang='lat' dir='ltr'>lttiessy,</span> <span class='ocrx_word' id='word_1_531' title='bbox 1407 3777 1542 3814; x_wconf 84' lang='lat' dir='ltr'>recipiatis</span> <span class='ocrx_word' id='word_1_532' title='bbox 1557 3787 1656 3808; x_wconf 89' lang='lat' dir='ltr'>omnes</span> <span class='ocrx_word' id='word_1_533' title='bbox 1673 3780 1833 3822; x_wconf 64' lang='lat' dir='ltr'>petitiones,</span> <span class='ocrx_word' id='word_1_534' title='bbox 1842 3788 1907 3822; x_wconf 79' lang='lat' dir='ltr'>quas</span> <span class='ocrx_word' id='word_1_535' title='bbox 1923 3777 2031 3808; x_wconf 88' lang='lat' dir='ltr'>liberari</span> <span class='ocrx_word' id='word_1_536' title='bbox 2045 3777 2192 3812; x_wconf 87' lang='lat' dir='ltr'>continget</span> <span class='ocrx_word' id='word_1_537' title='bbox 2209 3784 2239 3803; x_wconf 89' lang='lat' dir='ltr'>in</span> <span class='ocrx_word' id='word_1_538' title='bbox 2252 3773 2355 3819; x_wconf 72' lang='lat' dir='ltr'>instari·</span> <span class='ocrx_word' id='word_1_539' title='bbox 2372 3792 2401 3815; x_wconf 79' lang='lat' dir='ltr'>F..</span> <span class='ocrx_word' id='word_1_540' title='bbox 2413 3797 2436 3817; x_wconf 44' lang='grc' dir='ltr'>ι,</span> 
     </span>
    </p>
   </div>
   <div class='ocr_carea' id='block_1_27' title="bbox 627 132 1869 184">
    <p class='ocr_par' dir='ltr' id='par_1_43' title="bbox 627 132 1869 184">
     <span class='ocr_line' id='line_1_91' title="bbox 627 132 1869 184; baseline 0.002 -9"><span class='ocrx_word' id='word_1_541' title='bbox 627 132 1423 182; x_wconf 77' lang='lat' dir='ltr'><strong>CONVENTIONES‚</strong></span> <span class='ocrx_word' id='word_1_542' title='bbox 1480 134 1869 184; x_wconf 82' lang='lat' dir='ltr'>LITERAE,</span> 
     </span>
    </p>
   </div>
   <div class='ocr_carea' id='block_1_28' title="bbox 1332 217 2558 1260">
    <p class='ocr_par' dir='ltr' id='par_1_44' title="bbox 1332 217 2558 411">
     <span class='ocr_line' id='line_1_92' title="bbox 1334 217 2550 266; baseline 0.007 -19"><span class='ocrx_word' id='word_1_543' title='bbox 1334 217 1407 248; x_wconf 87' lang='lat' dir='ltr'>miffi</span> <span class='ocrx_word' id='word_1_544' title='bbox 1416 239 1426 257; x_wconf 87' lang='lat'>,</span> <span class='ocrx_word' id='word_1_545' title='bbox 1439 219 1590 251; x_wconf 73' lang='lat' dir='ltr'>ordinasset</span> <span class='ocrx_word' id='word_1_546' title='bbox 1606 221 1682 258; x_wconf 89' lang='lat' dir='ltr'>quod</span> <span class='ocrx_word' id='word_1_547' title='bbox 1698 222 1907 252; x_wconf 87' lang='lat' dir='ltr'>matrimonium</span> <span class='ocrx_word' id='word_1_548' title='bbox 1929 222 2000 251; x_wconf 90' lang='lat' dir='ltr'>inter</span> <span class='ocrx_word' id='word_1_549' title='bbox 2017 229 2068 252; x_wconf 87' lang='lat' dir='ltr'>nos</span> <span class='ocrx_word' id='word_1_550' title='bbox 2085 222 2119 254; x_wconf 90' lang='lat'>&amp;</span> <span class='ocrx_word' id='word_1_551' title='bbox 2137 221 2346 262; x_wconf 79' lang='lat' dir='ltr'>Margaretam‚</span> <span class='ocrx_word' id='word_1_552' title='bbox 2361 222 2405 254; x_wconf 82' lang='lat' dir='ltr'>so·</span> <span class='ocrx_word' id='word_1_553' title='bbox 2423 234 2490 266; x_wconf 73' lang='lat' dir='ltr'>Am,</span> <span class='ocrx_word' id='word_1_554' title='bbox 2512 227 2550 266; x_wconf 63' lang='lat'>1⁴),</span> 
     </span>
     <span class='ocr_line' id='line_1_93' title="bbox 1333 255 2557 314; baseline 0.005 -27"><span class='ocrx_word' id='word_1_555' title='bbox 1333 267 1425 300; x_wconf 82' lang='lat' dir='ltr'>rorem</span> <span class='ocrx_word' id='word_1_556' title='bbox 1447 258 1575 295; x_wconf 69' lang='lat' dir='ltr'>praedicti</span> <span class='ocrx_word' id='word_1_557' title='bbox 1596 258 1685 297; x_wconf 87' lang='lat' dir='ltr'>Regis</span> <span class='ocrx_word' id='word_1_558' title='bbox 1701 259 1841 298; x_wconf 79' lang='lat' dir='ltr'>Franciae,</span> <span class='ocrx_word' id='word_1_559' title='bbox 1857 260 2077 299; x_wconf 84' lang='lat' dir='ltr'>contraheretur,</span> <span class='ocrx_word' id='word_1_560' title='bbox 2096 261 2145 292; x_wconf 94' lang='lat' dir='ltr'>sub</span> <span class='ocrx_word' id='word_1_561' title='bbox 2169 262 2248 291; x_wconf 90' lang='lat' dir='ltr'>certis</span> <span class='ocrx_word' id='word_1_562' title='bbox 2265 262 2406 292; x_wconf 87' lang='lat' dir='ltr'>conditio-</span> <span class='ocrx_word' id='word_1_563' title='bbox 2452 259 2524 314; x_wconf 48' lang='lat'>1335</span> <span class='ocrx_word' id='word_1_564' title='bbox 2545 255 2557 295; x_wconf 57' lang='lat' dir='ltr'><strong>f</strong></span> 
     </span>
     <span class='ocr_line' id='line_1_94' title="bbox 1332 295 2536 341; baseline 0.006 -17"><span class='ocrx_word' id='word_1_565' title='bbox 1332 295 1413 338; x_wconf 81' lang='lat' dir='ltr'>nibus</span> <span class='ocrx_word' id='word_1_566' title='bbox 1430 305 1510 338; x_wconf 82' lang='lat' dir='ltr'>atque</span> <span class='ocrx_word' id='word_1_567' title='bbox 1530 299 1635 334; x_wconf 75' lang='lat' dir='ltr'>poenis:</span> <span class='ocrx_word' id='word_1_568' title='bbox 1653 299 1686 328; x_wconf 64' lang='grc' dir='ltr'>ὃς</span> <span class='ocrx_word' id='word_1_569' title='bbox 1705 298 1780 335; x_wconf 87' lang='lat' dir='ltr'>quod</span> <span class='ocrx_word' id='word_1_570' title='bbox 1797 298 1954 328; x_wconf 84' lang='lat' dir='ltr'>dotalitium</span> <span class='ocrx_word' id='word_1_571' title='bbox 1971 298 2005 328; x_wconf 90' lang='lat' dir='ltr'>ad</span> <span class='ocrx_word' id='word_1_572' title='bbox 2024 298 2148 329; x_wconf 86' lang='lat' dir='ltr'>valorem</span> <span class='ocrx_word' id='word_1_573' title='bbox 2162 299 2327 337; x_wconf 90' lang='lat' dir='ltr'>quindecim</span> <span class='ocrx_word' id='word_1_574' title='bbox 2347 301 2404 330; x_wconf 90' lang='lat' dir='ltr'>mi-</span> <span class='ocrx_word' id='word_1_575' title='bbox 2422 314 2489 341; x_wconf 76' lang='lat' dir='ltr'>Edv.</span> <span class='ocrx_word' id='word_1_576' title='bbox 2501 296 2536 341; x_wconf 57' lang='lat' dir='ltr'>,J</span> 
     </span>
     <span class='ocr_line' id='line_1_95' title="bbox 1333 333 2558 378; baseline 0.007 -16"><span class='ocrx_word' id='word_1_577' title='bbox 1333 333 1401 363; x_wconf 89' lang='lat' dir='ltr'>hum</span> <span class='ocrx_word' id='word_1_578' title='bbox 1420 333 1551 365; x_wconf 88' lang='lat' dir='ltr'>librarum</span> <span class='ocrx_word' id='word_1_579' title='bbox 1568 336 1678 378; x_wconf 62' lang='lat' dir='ltr'>Turon.</span> <span class='ocrx_word' id='word_1_580' title='bbox 1697 337 1726 366; x_wconf 90' lang='lat' dir='ltr'>in</span> <span class='ocrx_word' id='word_1_581' title='bbox 1744 337 1820 367; x_wconf 88' lang='lat' dir='ltr'>terris</span> <span class='ocrx_word' id='word_1_582' title='bbox 1836 337 1869 367; x_wconf 67' lang='grc' dir='ltr'>ὃς</span> <span class='ocrx_word' id='word_1_583' title='bbox 1886 338 2050 367; x_wconf 86' lang='lat' dir='ltr'>tenementis</span> <span class='ocrx_word' id='word_1_584' title='bbox 2056 359 2066 375; x_wconf 87' lang='lat'>,</span> <span class='ocrx_word' id='word_1_585' title='bbox 2083 338 2112 367; x_wconf 90' lang='lat' dir='ltr'>in</span> <span class='ocrx_word' id='word_1_586' title='bbox 2134 337 2202 368; x_wconf 87' lang='lat' dir='ltr'>locis</span> <span class='ocrx_word' id='word_1_587' title='bbox 2217 339 2404 376; x_wconf 85' lang='lat' dir='ltr'>competenti-</span> <span class='ocrx_word' id='word_1_588' title='bbox 2555 349 2558 352; x_wconf 75' lang='grc'><strong>’</strong></span> 
     </span>
     <span class='ocr_line' id='line_1_96' title="bbox 1336 371 1853 411; baseline 0.01 -11"><span class='ocrx_word' id='word_1_589' title='bbox 1336 371 1402 409; x_wconf 86' lang='lat' dir='ltr'>bus,</span> <span class='ocrx_word' id='word_1_590' title='bbox 1420 382 1468 409; x_wconf 90' lang='lat' dir='ltr'>per</span> <span class='ocrx_word' id='word_1_591' title='bbox 1483 383 1534 402; x_wconf 91' lang='lat' dir='ltr'>nos</span> <span class='ocrx_word' id='word_1_592' title='bbox 1553 374 1731 411; x_wconf 76' lang='lat' dir='ltr'>assignaretur</span> <span class='ocrx_word' id='word_1_593' title='bbox 1745 375 1853 405; x_wconf 86' lang='lat' dir='ltr'>eidem:</span> 
     </span>
    </p>

    <p class='ocr_par' dir='ltr' id='par_1_45' title="bbox 1335 409 2462 720">
     <span class='ocr_line' id='line_1_97' title="bbox 1372 409 2403 451; baseline 0.007 -13"><span class='ocrx_word' id='word_1_594' title='bbox 1372 409 1489 447; x_wconf 87' lang='lat' dir='ltr'>Nosque</span> <span class='ocrx_word' id='word_1_595' title='bbox 1505 411 1661 443; x_wconf 84' lang='lat' dir='ltr'>dotalitium</span> <span class='ocrx_word' id='word_1_596' title='bbox 1677 413 1862 451; x_wconf 62' lang='lat' dir='ltr'>praedictum,</span> <span class='ocrx_word' id='word_1_597' title='bbox 1875 412 1910 443; x_wconf 91' lang='lat' dir='ltr'>de</span> <span class='ocrx_word' id='word_1_598' title='bbox 1922 413 2007 443; x_wconf 86' lang='lat' dir='ltr'>tribus</span> <span class='ocrx_word' id='word_1_599' title='bbox 2024 412 2136 445; x_wconf 89' lang='lat' dir='ltr'>milibus</span> <span class='ocrx_word' id='word_1_600' title='bbox 2149 413 2308 445; x_wconf 85' lang='lat' dir='ltr'>libratarum</span> <span class='ocrx_word' id='word_1_601' title='bbox 2323 422 2403 446; x_wconf 84' lang='lat' dir='ltr'>terrae</span> 
     </span>
     <span class='ocr_line' id='line_1_98' title="bbox 1336 449 2403 491; baseline 0.007 -15"><span class='ocrx_word' id='word_1_602' title='bbox 1336 456 1459 478; x_wconf 84' lang='lat' dir='ltr'>monetae</span> <span class='ocrx_word' id='word_1_603' title='bbox 1473 449 1642 480; x_wconf 88' lang='lat' dir='ltr'>Turonensis</span> <span class='ocrx_word' id='word_1_604' title='bbox 1648 474 1659 489; x_wconf 87' lang='lat'>,</span> <span class='ocrx_word' id='word_1_605' title='bbox 1676 453 1946 488; x_wconf 84' lang='lat' dir='ltr'>augmentaverimus</span> <span class='ocrx_word' id='word_1_606' title='bbox 1964 452 2000 482; x_wconf 88' lang='lat' dir='ltr'>de</span> <span class='ocrx_word' id='word_1_607' title='bbox 2021 451 2113 483; x_wconf 89' lang='lat' dir='ltr'>nostra</span> <span class='ocrx_word' id='word_1_608' title='bbox 2135 455 2244 491; x_wconf 89' lang='lat' dir='ltr'>propria</span> <span class='ocrx_word' id='word_1_609' title='bbox 2264 454 2297 484; x_wconf 88' lang='lat'>&amp;</span> <span class='ocrx_word' id='word_1_610' title='bbox 2318 452 2403 484; x_wconf 90' lang='lat' dir='ltr'>libera</span> 
     </span>
     <span class='ocr_line' id='line_1_99' title="bbox 1335 485 2403 538; baseline 0.007 -24"><span class='ocrx_word' id='word_1_611' title='bbox 1335 485 1492 530; x_wconf 78' lang='lat' dir='ltr'>voluntate,</span> <span class='ocrx_word' id='word_1_612' title='bbox 1509 488 1542 518; x_wconf 90' lang='lat'>&amp;</span> <span class='ocrx_word' id='word_1_613' title='bbox 1560 489 1595 518; x_wconf 86' lang='lat' dir='ltr'>ad</span> <span class='ocrx_word' id='word_1_614' title='bbox 1613 489 1749 526; x_wconf 75' lang='lat' dir='ltr'>praemissa</span> <span class='ocrx_word' id='word_1_615' title='bbox 1767 491 1795 519; x_wconf 90' lang='lat' dir='ltr'>in</span> <span class='ocrx_word' id='word_1_616' title='bbox 1813 491 1943 520; x_wconf 89' lang='lat' dir='ltr'>omnibus</span> <span class='ocrx_word' id='word_1_617' title='bbox 1960 490 1992 520; x_wconf 91' lang='lat'>&amp;</span> <span class='ocrx_word' id='word_1_618' title='bbox 2016 490 2126 527; x_wconf 80' lang='lat' dir='ltr'>singulis</span> <span class='ocrx_word' id='word_1_619' title='bbox 2150 490 2325 538; x_wconf 65' lang='lat' dir='ltr'>adimplenda</span> <span class='ocrx_word' id='word_1_620' title='bbox 2350 502 2403 521; x_wconf 91' lang='lat' dir='ltr'>rio-</span> 
     </span>
     <span class='ocr_line' id='line_1_100' title="bbox 1336 526 2403 569; baseline 0.007 -17"><span class='ocrx_word' id='word_1_621' title='bbox 1336 532 1535 569; x_wconf 82' lang='lat' dir='ltr'>minaverimus</span> <span class='ocrx_word' id='word_1_622' title='bbox 1551 527 1585 557; x_wconf 89' lang='lat'>&amp;</span> <span class='ocrx_word' id='word_1_623' title='bbox 1601 526 1825 564; x_wconf 84' lang='lat' dir='ltr'>affignaverimus</span> <span class='ocrx_word' id='word_1_624' title='bbox 1838 528 1929 558; x_wconf 90' lang='lat' dir='ltr'>eidem</span> <span class='ocrx_word' id='word_1_625' title='bbox 1945 527 2115 565; x_wconf 87' lang='lat' dir='ltr'>Margaretae</span> <span class='ocrx_word' id='word_1_626' title='bbox 2130 538 2205 560; x_wconf 89' lang='lat' dir='ltr'>certa</span> <span class='ocrx_word' id='word_1_627' title='bbox 2221 529 2336 568; x_wconf 52' lang='lat' dir='ltr'>bastra,</span> <span class='ocrx_word' id='word_1_628' title='bbox 2348 529 2403 560; x_wconf 80' lang='lat' dir='ltr'>Gi·-</span> 
     </span>
     <span class='ocr_line' id='line_1_101' title="bbox 1337 563 2402 606; baseline 0.008 -16"><span class='ocrx_word' id='word_1_629' title='bbox 1337 570 1450 605; x_wconf 77' lang='lat' dir='ltr'>vitates,</span> <span class='ocrx_word' id='word_1_630' title='bbox 1464 563 1564 602; x_wconf 87' lang='lat' dir='ltr'>Villas‚</span> <span class='ocrx_word' id='word_1_631' title='bbox 1581 564 1728 604; x_wconf 85' lang='lat' dir='ltr'>Honores,</span> <span class='ocrx_word' id='word_1_632' title='bbox 1744 566 1864 605; x_wconf 87' lang='lat' dir='ltr'>Burgos,</span> <span class='ocrx_word' id='word_1_633' title='bbox 1881 567 2000 605; x_wconf 83' lang='lat' dir='ltr'>Firmas,</span> <span class='ocrx_word' id='word_1_634' title='bbox 2020 566 2165 606; x_wconf 82' lang='lat' dir='ltr'>Maneria,</span> <span class='ocrx_word' id='word_1_635' title='bbox 2180 567 2352 606; x_wconf 86' lang='lat' dir='ltr'>Hundreda,</span> <span class='ocrx_word' id='word_1_636' title='bbox 2367 569 2402 599; x_wconf 69' lang='grc' dir='ltr'>ὃς</span> 
     </span>
     <span class='ocr_line' id='line_1_102' title="bbox 1336 599 2402 644; baseline 0.008 -15"><span class='ocrx_word' id='word_1_637' title='bbox 1336 599 1386 629; x_wconf 82' lang='lat' dir='ltr'>alia</span> <span class='ocrx_word' id='word_1_638' title='bbox 1403 600 1466 631; x_wconf 90' lang='lat' dir='ltr'>loca</span> <span class='ocrx_word' id='word_1_639' title='bbox 1482 601 1587 633; x_wconf 74' lang='lat' dir='ltr'>diversa</span> <span class='ocrx_word' id='word_1_640' title='bbox 1603 626 1613 642; x_wconf 88' lang='lat'>,</span> <span class='ocrx_word' id='word_1_641' title='bbox 1644 604 1681 634; x_wconf 90' lang='lat' dir='ltr'>de</span> <span class='ocrx_word' id='word_1_642' title='bbox 1697 605 1795 642; x_wconf 90' lang='lat' dir='ltr'>quibus</span> <span class='ocrx_word' id='word_1_643' title='bbox 1814 615 1877 635; x_wconf 85' lang='lat' dir='ltr'>eam</span> <span class='ocrx_word' id='word_1_644' title='bbox 1900 605 2057 636; x_wconf 86' lang='lat' dir='ltr'>dotavimus</span> <span class='ocrx_word' id='word_1_645' title='bbox 2078 605 2113 635; x_wconf 91' lang='lat' dir='ltr'>ad</span> <span class='ocrx_word' id='word_1_646' title='bbox 2134 605 2238 636; x_wconf 87' lang='lat' dir='ltr'>ostium</span> <span class='ocrx_word' id='word_1_647' title='bbox 2252 605 2402 644; x_wconf 86' lang='lat' dir='ltr'>Ecclefiae,</span> 
     </span>
     <span class='ocr_line' id='line_1_103' title="bbox 1337 638 2462 683; baseline 0.008 -16"><span class='ocrx_word' id='word_1_648' title='bbox 1337 638 1450 676; x_wconf 84' lang='lat' dir='ltr'>quando</span> <span class='ocrx_word' id='word_1_649' title='bbox 1466 650 1528 670; x_wconf 87' lang='lat' dir='ltr'>eam</span> <span class='ocrx_word' id='word_1_650' title='bbox 1545 640 1810 681; x_wconf 76' lang='lat' dir='ltr'>desponsaverimus·⁷</span> <span class='ocrx_word' id='word_1_651' title='bbox 1825 651 1906 681; x_wconf 90' lang='lat' dir='ltr'>prout</span> <span class='ocrx_word' id='word_1_652' title='bbox 1918 645 1947 673; x_wconf 93' lang='lat' dir='ltr'>in</span> <span class='ocrx_word' id='word_1_653' title='bbox 1962 644 2055 674; x_wconf 88' lang='lat' dir='ltr'>litteris</span> <span class='ocrx_word' id='word_1_654' title='bbox 2068 643 2165 674; x_wconf 88' lang='lat' dir='ltr'>nostris</span> <span class='ocrx_word' id='word_1_655' title='bbox 2180 644 2349 683; x_wconf 71' lang='lat' dir='ltr'>patentibus,</span> <span class='ocrx_word' id='word_1_656' title='bbox 2362 647 2402 675; x_wconf 90' lang='lat' dir='ltr'>ei-</span> <span class='ocrx_word' id='word_1_657' title='bbox 2444 666 2462 669; x_wconf 64' lang='grc'>-«</span> 
     </span>
     <span class='ocr_line' id='line_1_104' title="bbox 1338 677 2154 720; baseline 0.007 -14"><span class='ocrx_word' id='word_1_658' title='bbox 1338 679 1404 706; x_wconf 87' lang='lat' dir='ltr'>dem</span> <span class='ocrx_word' id='word_1_659' title='bbox 1423 677 1592 715; x_wconf 82' lang='lat' dir='ltr'>Margaretae</span> <span class='ocrx_word' id='word_1_660' title='bbox 1609 680 1674 711; x_wconf 89' lang='lat' dir='ltr'>inde</span> <span class='ocrx_word' id='word_1_661' title='bbox 1692 681 1846 719; x_wconf 67' lang='lat' dir='ltr'>confeetis,</span> <span class='ocrx_word' id='word_1_662' title='bbox 1861 681 1966 720; x_wconf 75' lang='lat' dir='ltr'>plenius</span> <span class='ocrx_word' id='word_1_663' title='bbox 1983 684 2154 713; x_wconf 86' lang='lat' dir='ltr'>continetur:</span> 
     </span>
    </p>

    <p class='ocr_par' dir='ltr' id='par_1_46' title="bbox 1337 715 2447 952">
     <span class='ocr_line' id='line_1_105' title="bbox 1377 715 2403 759; baseline 0.006 -14"><span class='ocrx_word' id='word_1_664' title='bbox 1377 715 1458 754; x_wconf 87' lang='lat' dir='ltr'>Nos,</span> <span class='ocrx_word' id='word_1_665' title='bbox 1473 717 1610 748; x_wconf 89' lang='lat' dir='ltr'>honorem</span> <span class='ocrx_word' id='word_1_666' title='bbox 1624 720 1658 750; x_wconf 92' lang='lat'>&amp;</span> <span class='ocrx_word' id='word_1_667' title='bbox 1671 719 1770 750; x_wconf 90' lang='lat' dir='ltr'>statum</span> <span class='ocrx_word' id='word_1_668' title='bbox 1784 720 1863 758; x_wconf 89' lang='lat' dir='ltr'>ipsius</span> <span class='ocrx_word' id='word_1_669' title='bbox 1887 719 2053 758; x_wconf 85' lang='lat' dir='ltr'>Margaretae</span> <span class='ocrx_word' id='word_1_670' title='bbox 2074 721 2181 751; x_wconf 88' lang='lat' dir='ltr'>uberius</span> <span class='ocrx_word' id='word_1_671' title='bbox 2201 720 2334 759; x_wconf 91' lang='lat' dir='ltr'>respicere</span> <span class='ocrx_word' id='word_1_672' title='bbox 2349 731 2403 752; x_wconf 92' lang='lat' dir='ltr'>vo-</span> 
     </span>
     <span class='ocr_line' id='line_1_106' title="bbox 1337 751 2447 799; baseline 0.007 -17"><span class='ocrx_word' id='word_1_673' title='bbox 1337 751 1438 793; x_wconf 86' lang='lat' dir='ltr'>lentes,</span> <span class='ocrx_word' id='word_1_674' title='bbox 1454 754 1608 787; x_wconf 88' lang='lat' dir='ltr'>dotalitium</span> <span class='ocrx_word' id='word_1_675' title='bbox 1620 758 1805 797; x_wconf 68' lang='lat' dir='ltr'>praedietum,</span> <span class='ocrx_word' id='word_1_676' title='bbox 1818 758 1854 788; x_wconf 91' lang='lat' dir='ltr'>de</span> <span class='ocrx_word' id='word_1_677' title='bbox 1875 757 1983 789; x_wconf 88' lang='lat' dir='ltr'>duobus</span> <span class='ocrx_word' id='word_1_678' title='bbox 2001 759 2111 789; x_wconf 86' lang='lat' dir='ltr'>milibus</span> <span class='ocrx_word' id='word_1_679' title='bbox 2127 759 2283 790; x_wconf 88' lang='lat' dir='ltr'>libratarum</span> <span class='ocrx_word' id='word_1_680' title='bbox 2306 768 2402 799; x_wconf 79' lang='lat' dir='ltr'>terrae,</span> <span class='ocrx_word' id='word_1_681' title='bbox 2444 764 2447 768; x_wconf 85' lang='grc'><strong>’</strong></span> 
     </span>
     <span class='ocr_line' id='line_1_107' title="bbox 1338 795 2403 836; baseline 0.007 -15"><span class='ocrx_word' id='word_1_682' title='bbox 1338 801 1460 823; x_wconf 91' lang='lat' dir='ltr'>monetae</span> <span class='ocrx_word' id='word_1_683' title='bbox 1477 795 1636 834; x_wconf 60' lang='lat' dir='ltr'>praedicsstae,</span> <span class='ocrx_word' id='word_1_684' title='bbox 1646 796 1705 834; x_wconf 88' lang='lat' dir='ltr'>jam</span> <span class='ocrx_word' id='word_1_685' title='bbox 1724 796 1852 827; x_wconf 87' lang='lat' dir='ltr'>duximus</span> <span class='ocrx_word' id='word_1_686' title='bbox 1865 797 2121 834; x_wconf 72' lang='lat' dir='ltr'>augmentandum3</span> <span class='ocrx_word' id='word_1_687' title='bbox 2133 799 2170 828; x_wconf 90' lang='lat' dir='ltr'>ita</span> <span class='ocrx_word' id='word_1_688' title='bbox 2186 798 2280 836; x_wconf 86' lang='lat' dir='ltr'>quod,</span> <span class='ocrx_word' id='word_1_689' title='bbox 2296 799 2325 828; x_wconf 91' lang='lat' dir='ltr'>in</span> <span class='ocrx_word' id='word_1_690' title='bbox 2339 799 2403 828; x_wconf 89' lang='lat' dir='ltr'>uni-</span> 
     </span>
     <span class='ocr_line' id='line_1_108' title="bbox 1338 830 2401 874; baseline 0.006 -13"><span class='ocrx_word' id='word_1_691' title='bbox 1338 830 1434 869; x_wconf 85' lang='lat' dir='ltr'>vers0,</span> <span class='ocrx_word' id='word_1_692' title='bbox 1451 831 1565 871; x_wconf 84' lang='lat' dir='ltr'>habeat,</span> <span class='ocrx_word' id='word_1_693' title='bbox 1582 835 1612 863; x_wconf 92' lang='lat' dir='ltr'>in</span> <span class='ocrx_word' id='word_1_694' title='bbox 1630 834 1727 864; x_wconf 88' lang='lat' dir='ltr'>dotem</span> <span class='ocrx_word' id='word_1_695' title='bbox 1752 835 1797 864; x_wconf 87' lang='lat' dir='ltr'>seu</span> <span class='ocrx_word' id='word_1_696' title='bbox 1811 834 1984 873; x_wconf 82' lang='lat' dir='ltr'>dotalitium,</span> <span class='ocrx_word' id='word_1_697' title='bbox 1996 843 2078 865; x_wconf 80' lang='lat' dir='ltr'>terras</span> <span class='ocrx_word' id='word_1_698' title='bbox 2095 836 2127 865; x_wconf 76' lang='grc' dir='ltr'>δε</span> <span class='ocrx_word' id='word_1_699' title='bbox 2145 844 2300 866; x_wconf 87' lang='lat' dir='ltr'>tenementa</span> <span class='ocrx_word' id='word_1_700' title='bbox 2316 836 2401 874; x_wconf 88' lang='lat' dir='ltr'>usque</span> 
     </span>
     <span class='ocr_line' id='line_1_109' title="bbox 1338 868 2402 913; baseline 0.007 -15"><span class='ocrx_word' id='word_1_701' title='bbox 1338 868 1373 898; x_wconf 84' lang='lat' dir='ltr'>ad</span> <span class='ocrx_word' id='word_1_702' title='bbox 1392 870 1518 901; x_wconf 87' lang='lat' dir='ltr'>valorem</span> <span class='ocrx_word' id='word_1_703' title='bbox 1531 873 1633 909; x_wconf 86' lang='lat' dir='ltr'>viginti</span> <span class='ocrx_word' id='word_1_704' title='bbox 1649 873 1758 903; x_wconf 90' lang='lat' dir='ltr'>milium</span> <span class='ocrx_word' id='word_1_705' title='bbox 1772 872 1904 903; x_wconf 89' lang='lat' dir='ltr'>librarum</span> <span class='ocrx_word' id='word_1_706' title='bbox 1919 873 2031 904; x_wconf 90' lang='lat' dir='ltr'>Turon.</span> <span class='ocrx_word' id='word_1_707' title='bbox 2045 875 2323 913; x_wconf 79' lang='lat' dir='ltr'>annuatim3quatu0r</span> <span class='ocrx_word' id='word_1_708' title='bbox 2337 876 2402 905; x_wconf 92' lang='lat' dir='ltr'>Tu-</span> 
     </span>
     <span class='ocr_line' id='line_1_110' title="bbox 1340 910 1910 952; baseline 0.012 -17"><span class='ocrx_word' id='word_1_709' title='bbox 1340 917 1402 936; x_wconf 88' lang='lat' dir='ltr'>ron.</span> <span class='ocrx_word' id='word_1_710' title='bbox 1415 919 1467 952; x_wconf 75' lang='lat' dir='ltr'>pro</span> <span class='ocrx_word' id='word_1_711' title='bbox 1479 920 1537 940; x_wconf 85' lang='lat' dir='ltr'>uno</span> <span class='ocrx_word' id='word_1_712' title='bbox 1552 910 1686 948; x_wconf 88' lang='lat' dir='ltr'>sterlingo</span> <span class='ocrx_word' id='word_1_713' title='bbox 1707 911 1910 949; x_wconf 81' lang='lat' dir='ltr'>computandis.</span> 
     </span>
    </p>

    <p class='ocr_par' dir='ltr' id='par_1_47' title="bbox 1338 944 2401 1067">
     <span class='ocr_line' id='line_1_111' title="bbox 1377 944 2401 982; baseline 0.005 -6"><span class='ocrx_word' id='word_1_714' title='bbox 1377 944 1414 976; x_wconf 91' lang='lat' dir='ltr'>Et</span> <span class='ocrx_word' id='word_1_715' title='bbox 1426 957 1456 977; x_wconf 80' lang='lat' dir='ltr'>in</span> <span class='ocrx_word' id='word_1_716' title='bbox 1471 948 1593 979; x_wconf 89' lang='lat' dir='ltr'>valorem</span> <span class='ocrx_word' id='word_1_717' title='bbox 1606 949 1745 980; x_wconf 71' lang='lat' dir='ltr'>dietarum</span> <span class='ocrx_word' id='word_1_718' title='bbox 1764 951 1879 980; x_wconf 87' lang='lat' dir='ltr'>duarum</span> <span class='ocrx_word' id='word_1_719' title='bbox 1901 949 2010 980; x_wconf 90' lang='lat' dir='ltr'>milium</span> <span class='ocrx_word' id='word_1_720' title='bbox 2030 948 2163 979; x_wconf 86' lang='lat' dir='ltr'>librarum</span> <span class='ocrx_word' id='word_1_721' title='bbox 2183 949 2292 981; x_wconf 84' lang='lat' dir='ltr'>Turon.</span> <span class='ocrx_word' id='word_1_722' title='bbox 2306 953 2401 982; x_wconf 89' lang='lat' dir='ltr'>nomi-</span> 
     </span>
     <span class='ocr_line' id='line_1_112' title="bbox 1338 985 2401 1029; baseline 0.008 -16"><span class='ocrx_word' id='word_1_723' title='bbox 1338 985 1466 1016; x_wconf 88' lang='lat' dir='ltr'>navimus</span> <span class='ocrx_word' id='word_1_724' title='bbox 1478 987 1511 1017; x_wconf 90' lang='lat'>&amp;</span> <span class='ocrx_word' id='word_1_725' title='bbox 1524 986 1719 1025; x_wconf 64' lang='lat' dir='ltr'>assignavimus</span> <span class='ocrx_word' id='word_1_726' title='bbox 1729 987 1820 1019; x_wconf 90' lang='lat' dir='ltr'>eidem</span> <span class='ocrx_word' id='word_1_727' title='bbox 1837 988 2004 1026; x_wconf 82' lang='lat' dir='ltr'>Margaretae</span> <span class='ocrx_word' id='word_1_728' title='bbox 2020 987 2149 1019; x_wconf 85' lang='lat' dir='ltr'>Maneria</span> <span class='ocrx_word' id='word_1_729' title='bbox 2156 986 2382 1028; x_wconf 84' lang='lat' dir='ltr'>,Villas,Firmas</span> <span class='ocrx_word' id='word_1_730' title='bbox 2390 1012 2401 1029; x_wconf 86' lang='lat'>‚</span> 
     </span>
     <span class='ocr_line' id='line_1_113' title="bbox 1338 1021 1910 1067; baseline 0.007 -14"><span class='ocrx_word' id='word_1_731' title='bbox 1338 1023 1372 1053; x_wconf 88' lang='lat'>&amp;</span> <span class='ocrx_word' id='word_1_732' title='bbox 1388 1021 1573 1067; x_wconf 80' lang='lat' dir='ltr'>Hundredum</span> <span class='ocrx_word' id='word_1_733' title='bbox 1586 1026 1748 1067; x_wconf 67' lang='lat' dir='ltr'>subscripta,</span> <span class='ocrx_word' id='word_1_734' title='bbox 1763 1026 1910 1065; x_wconf 87' lang='lat' dir='ltr'>videlicet,</span> 
     </span>
    </p>

    <p class='ocr_par' dir='ltr' id='par_1_48' title="bbox 1337 1061 2400 1141">
     <span class='ocr_line' id='line_1_114' title="bbox 1377 1061 2400 1106; baseline 0.005 -14"><span class='ocrx_word' id='word_1_735' title='bbox 1377 1061 1480 1106; x_wconf 69' lang='lat' dir='ltr'>Villam</span> <span class='ocrx_word' id='word_1_736' title='bbox 1494 1063 1530 1095; x_wconf 91' lang='lat' dir='ltr'>de</span> <span class='ocrx_word' id='word_1_737' title='bbox 1547 1063 1826 1104; x_wconf 87' lang='lat' dir='ltr'>Kingesthorp,cum</span> <span class='ocrx_word' id='word_1_738' title='bbox 1837 1066 2004 1103; x_wconf 86' lang='lat' dir='ltr'>pertinentiis</span> <span class='ocrx_word' id='word_1_739' title='bbox 2018 1066 2048 1095; x_wconf 90' lang='lat' dir='ltr'>in</span> <span class='ocrx_word' id='word_1_740' title='bbox 2063 1063 2208 1095; x_wconf 74' lang='lat' dir='ltr'>(bmitatu</span> <span class='ocrx_word' id='word_1_741' title='bbox 2220 1064 2400 1105; x_wconf 77' lang='lat' dir='ltr'>Northamp-</span> 
     </span>
     <span class='ocr_line' id='line_1_115' title="bbox 1337 1101 2095 1141; baseline 0.003 -11"><span class='ocrx_word' id='word_1_742' title='bbox 1337 1107 1433 1131; x_wconf 89' lang='lat' dir='ltr'>ton.m</span> <span class='ocrx_word' id='word_1_743' title='bbox 1450 1101 1572 1133; x_wconf 90' lang='lat' dir='ltr'>valorem</span> <span class='ocrx_word' id='word_1_744' title='bbox 1587 1102 1724 1141; x_wconf 86' lang='lat' dir='ltr'>sexaginta</span> <span class='ocrx_word' id='word_1_745' title='bbox 1738 1104 1869 1134; x_wconf 87' lang='lat' dir='ltr'>librarum</span> <span class='ocrx_word' id='word_1_746' title='bbox 1883 1102 2095 1140; x_wconf 86' lang='lat' dir='ltr'>sterlingorum:</span> 
     </span>
    </p>

    <p class='ocr_par' dir='ltr' id='par_1_49' title="bbox 1337 1139 2399 1218">
     <span class='ocr_line' id='line_1_116' title="bbox 1377 1139 2399 1182; baseline 0.004 -12"><span class='ocrx_word' id='word_1_747' title='bbox 1377 1139 1537 1172; x_wconf 89' lang='lat' dir='ltr'>Manerium</span> <span class='ocrx_word' id='word_1_748' title='bbox 1551 1141 1586 1172; x_wconf 93' lang='lat' dir='ltr'>de</span> <span class='ocrx_word' id='word_1_749' title='bbox 1600 1141 1778 1181; x_wconf 86' lang='lat' dir='ltr'>Eston,cum</span> <span class='ocrx_word' id='word_1_750' title='bbox 1791 1143 1957 1181; x_wconf 85' lang='lat' dir='ltr'>pertinentiis</span> <span class='ocrx_word' id='word_1_751' title='bbox 1971 1143 2000 1172; x_wconf 89' lang='lat' dir='ltr'>in</span> <span class='ocrx_word' id='word_1_752' title='bbox 2017 1141 2118 1172; x_wconf 89' lang='lat' dir='ltr'>eodem</span> <span class='ocrx_word' id='word_1_753' title='bbox 2134 1141 2296 1182; x_wconf 78' lang='lat' dir='ltr'>Comitatu3</span> <span class='ocrx_word' id='word_1_754' title='bbox 2307 1142 2336 1172; x_wconf 88' lang='lat' dir='ltr'>in</span> <span class='ocrx_word' id='word_1_755' title='bbox 2352 1153 2399 1175; x_wconf 87' lang='lat' dir='ltr'>va-</span> 
     </span>
     <span class='ocr_line' id='line_1_117' title="bbox 1337 1176 1788 1218; baseline 0.009 -12"><span class='ocrx_word' id='word_1_756' title='bbox 1337 1176 1427 1208; x_wconf 90' lang='lat' dir='ltr'>lorem</span> <span class='ocrx_word' id='word_1_757' title='bbox 1448 1180 1627 1218; x_wconf 87' lang='lat' dir='ltr'>quadraginta</span> <span class='ocrx_word' id='word_1_758' title='bbox 1643 1181 1788 1212; x_wconf 84' lang='lat' dir='ltr'>librarum:</span> 
     </span>
    </p>

    <p class='ocr_par' dir='ltr' id='par_1_50' title="bbox 1374 1215 2402 1260">
     <span class='ocr_line' id='line_1_118' title="bbox 1374 1215 2402 1260; baseline 0.003 -13"><span class='ocrx_word' id='word_1_759' title='bbox 1374 1215 1537 1250; x_wconf 83' lang='lat' dir='ltr'>Manerium</span> <span class='ocrx_word' id='word_1_760' title='bbox 1551 1219 1587 1249; x_wconf 89' lang='lat' dir='ltr'>de</span> <span class='ocrx_word' id='word_1_761' title='bbox 1603 1219 1802 1259; x_wconf 86' lang='lat' dir='ltr'>Kingesclive,</span> <span class='ocrx_word' id='word_1_762' title='bbox 1817 1229 1884 1251; x_wconf 91' lang='lat' dir='ltr'>curn</span> <span class='ocrx_word' id='word_1_763' title='bbox 1899 1220 2066 1258; x_wconf 86' lang='lat' dir='ltr'>pertinentiis</span> <span class='ocrx_word' id='word_1_764' title='bbox 2079 1220 2109 1249; x_wconf 87' lang='lat' dir='ltr'>in</span> <span class='ocrx_word' id='word_1_765' title='bbox 2120 1218 2222 1249; x_wconf 90' lang='lat' dir='ltr'>eodem</span> <span class='ocrx_word' id='word_1_766' title='bbox 2239 1217 2402 1260; x_wconf 71' lang='lat' dir='ltr'>(brnitatu3</span> 
     </span>
    </p>
   </div>
   <div class='ocr_carea' id='block_1_29' title="bbox 1281 1255 1989 1296">
    <p class='ocr_par' dir='ltr' id='par_1_51' title="bbox 1281 1255 1989 1296">
     <span class='ocr_line' id='line_1_119' title="bbox 1281 1255 1989 1296; baseline 0.004 -12"><span class='ocrx_word' id='word_1_767' title='bbox 1281 1255 1290 1258; x_wconf 64' lang='lat'><strong>⁴</strong></span> <span class='ocrx_word' id='word_1_768' title='bbox 1336 1255 1365 1284; x_wconf 92' lang='lat' dir='ltr'>in</span> <span class='ocrx_word' id='word_1_769' title='bbox 1381 1256 1502 1287; x_wconf 89' lang='lat' dir='ltr'>valorem</span> <span class='ocrx_word' id='word_1_770' title='bbox 1518 1258 1656 1296; x_wconf 85' lang='lat' dir='ltr'>sexaginta</span> <span class='ocrx_word' id='word_1_771' title='bbox 1669 1260 1702 1290; x_wconf 70' lang='grc' dir='ltr'>ὃς</span> <span class='ocrx_word' id='word_1_772' title='bbox 1716 1259 1832 1290; x_wconf 88' lang='lat' dir='ltr'>duarum</span> <span class='ocrx_word' id='word_1_773' title='bbox 1843 1259 1989 1289; x_wconf 89' lang='lat' dir='ltr'>librarum:</span> 
     </span>
    </p>
   </div>
   <div class='ocr_carea' id='block_1_30' title="bbox 1331 1292 2400 1868">
    <p class='ocr_par' dir='ltr' id='par_1_52' title="bbox 1335 1292 2400 1374">
     <span class='ocr_line' id='line_1_120' title="bbox 1339 1292 2400 1337; baseline 0.004 -13"><span class='ocrx_word' id='word_1_774' title='bbox 1339 1332 1345 1337; x_wconf 43' lang='lat'><strong>·</strong></span> <span class='ocrx_word' id='word_1_775' title='bbox 1374 1292 1533 1326; x_wconf 86' lang='lat' dir='ltr'>Manerium</span> <span class='ocrx_word' id='word_1_776' title='bbox 1547 1296 1582 1327; x_wconf 92' lang='lat' dir='ltr'>de</span> <span class='ocrx_word' id='word_1_777' title='bbox 1600 1297 1804 1336; x_wconf 84' lang='lat' dir='ltr'>Briggestoke,</span> <span class='ocrx_word' id='word_1_778' title='bbox 1815 1307 1883 1328; x_wconf 88' lang='lat' dir='ltr'>curn</span> <span class='ocrx_word' id='word_1_779' title='bbox 1897 1297 2064 1335; x_wconf 86' lang='lat' dir='ltr'>pertinentiis</span> <span class='ocrx_word' id='word_1_780' title='bbox 2076 1297 2104 1326; x_wconf 91' lang='lat' dir='ltr'>in</span> <span class='ocrx_word' id='word_1_781' title='bbox 2116 1296 2219 1327; x_wconf 86' lang='lat' dir='ltr'>eodem</span> <span class='ocrx_word' id='word_1_782' title='bbox 2233 1295 2400 1336; x_wconf 80' lang='lat' dir='ltr'>Comitatu3</span> 
     </span>
     <span class='ocr_line' id='line_1_121' title="bbox 1335 1334 2337 1374; baseline 0.001 -10"><span class='ocrx_word' id='word_1_783' title='bbox 1335 1341 1366 1361; x_wconf 86' lang='lat' dir='ltr'>m</span> <span class='ocrx_word' id='word_1_784' title='bbox 1382 1334 1504 1365; x_wconf 88' lang='lat' dir='ltr'>valorem</span> <span class='ocrx_word' id='word_1_785' title='bbox 1527 1335 1705 1374; x_wconf 88' lang='lat' dir='ltr'>quadraginta</span> <span class='ocrx_word' id='word_1_786' title='bbox 1718 1337 1751 1367; x_wconf 91' lang='lat'>&amp;</span> <span class='ocrx_word' id='word_1_787' title='bbox 1766 1337 1844 1367; x_wconf 91' lang='lat' dir='ltr'>unius</span> <span class='ocrx_word' id='word_1_788' title='bbox 1865 1335 1997 1366; x_wconf 89' lang='lat' dir='ltr'>librarum</span> <span class='ocrx_word' id='word_1_789' title='bbox 2009 1336 2043 1365; x_wconf 68' lang='grc' dir='ltr'>ὅτ</span> <span class='ocrx_word' id='word_1_790' title='bbox 2055 1334 2155 1365; x_wconf 88' lang='lat' dir='ltr'>decem</span> <span class='ocrx_word' id='word_1_791' title='bbox 2169 1335 2337 1366; x_wconf 84' lang='lat' dir='ltr'>solidorum:</span> 
     </span>
    </p>

    <p class='ocr_par' dir='ltr' id='par_1_53' title="bbox 1335 1370 2397 1451">
     <span class='ocr_line' id='line_1_122' title="bbox 1373 1370 2397 1413; baseline 0.004 -12"><span class='ocrx_word' id='word_1_792' title='bbox 1373 1370 1484 1410; x_wconf 90' lang='lat' dir='ltr'>Viginti</span> <span class='ocrx_word' id='word_1_793' title='bbox 1501 1374 1533 1405; x_wconf 92' lang='lat'>&amp;</span> <span class='ocrx_word' id='word_1_794' title='bbox 1551 1375 1673 1413; x_wconf 89' lang='lat' dir='ltr'>quinque</span> <span class='ocrx_word' id='word_1_795' title='bbox 1689 1375 1767 1405; x_wconf 85' lang='lat' dir='ltr'>libras</span> <span class='ocrx_word' id='word_1_796' title='bbox 1783 1374 1820 1405; x_wconf 86' lang='lat' dir='ltr'>de</span> <span class='ocrx_word' id='word_1_797' title='bbox 1836 1374 1933 1412; x_wconf 73' lang='lat' dir='ltr'>firma,</span> <span class='ocrx_word' id='word_1_798' title='bbox 1951 1383 2036 1412; x_wconf 89' lang='lat' dir='ltr'>quarn</span> <span class='ocrx_word' id='word_1_799' title='bbox 2054 1373 2214 1404; x_wconf 82' lang='lat' dir='ltr'>Laurentius</span> <span class='ocrx_word' id='word_1_800' title='bbox 2229 1373 2266 1404; x_wconf 89' lang='lat' dir='ltr'>de</span> <span class='ocrx_word' id='word_1_801' title='bbox 2281 1373 2397 1405; x_wconf 82' lang='lat' dir='ltr'>Preston</span> 
     </span>
     <span class='ocr_line' id='line_1_123' title="bbox 1335 1408 2180 1451; baseline 0.004 -12"><span class='ocrx_word' id='word_1_802' title='bbox 1335 1408 1423 1442; x_wconf 85' lang='lat' dir='ltr'>reddit</span> <span class='ocrx_word' id='word_1_803' title='bbox 1435 1421 1487 1450; x_wconf 90' lang='lat' dir='ltr'>pro</span> <span class='ocrx_word' id='word_1_804' title='bbox 1502 1412 1633 1443; x_wconf 90' lang='lat' dir='ltr'>Manerio</span> <span class='ocrx_word' id='word_1_805' title='bbox 1647 1413 1682 1444; x_wconf 94' lang='lat' dir='ltr'>de</span> <span class='ocrx_word' id='word_1_806' title='bbox 1697 1412 1819 1444; x_wconf 89' lang='lat' dir='ltr'>Gretton</span> <span class='ocrx_word' id='word_1_807' title='bbox 1827 1435 1838 1451; x_wconf 88' lang='lat'>,</span> <span class='ocrx_word' id='word_1_808' title='bbox 1854 1414 1884 1442; x_wconf 91' lang='lat' dir='ltr'>in</span> <span class='ocrx_word' id='word_1_809' title='bbox 1901 1411 2003 1443; x_wconf 87' lang='lat' dir='ltr'>eodem</span> <span class='ocrx_word' id='word_1_810' title='bbox 2021 1410 2180 1443; x_wconf 88' lang='lat' dir='ltr'>Comitatu:</span> 
     </span>
    </p>

    <p class='ocr_par' dir='ltr' id='par_1_54' title="bbox 1333 1449 2394 1529">
     <span class='ocr_line' id='line_1_124' title="bbox 1375 1449 2394 1489; baseline 0.002 -9"><span class='ocrx_word' id='word_1_811' title='bbox 1375 1449 1562 1481; x_wconf 89' lang='lat' dir='ltr'>Hundredum</span> <span class='ocrx_word' id='word_1_812' title='bbox 1576 1451 1611 1481; x_wconf 92' lang='lat' dir='ltr'>de</span> <span class='ocrx_word' id='word_1_813' title='bbox 1627 1451 1744 1482; x_wconf 87' lang='lat' dir='ltr'>Falwele</span> <span class='ocrx_word' id='word_1_814' title='bbox 1759 1453 1788 1481; x_wconf 91' lang='lat' dir='ltr'>in</span> <span class='ocrx_word' id='word_1_815' title='bbox 1801 1451 1904 1482; x_wconf 90' lang='lat' dir='ltr'>eodem</span> <span class='ocrx_word' id='word_1_816' title='bbox 1927 1450 2074 1480; x_wconf 85' lang='lat' dir='ltr'>Comitatu</span> <span class='ocrx_word' id='word_1_817' title='bbox 2089 1461 2099 1489; x_wconf 87' lang='lat'>·,</span> <span class='ocrx_word' id='word_1_818' title='bbox 2122 1451 2152 1480; x_wconf 92' lang='lat' dir='ltr'>in</span> <span class='ocrx_word' id='word_1_819' title='bbox 2168 1451 2290 1482; x_wconf 83' lang='lat' dir='ltr'>valorem</span> <span class='ocrx_word' id='word_1_820' title='bbox 2308 1450 2394 1482; x_wconf 88' lang='lat' dir='ltr'>unde-</span> 
     </span>
     <span class='ocr_line' id='line_1_125' title="bbox 1333 1488 2226 1529; baseline -0.003 -8"><span class='ocrx_word' id='word_1_821' title='bbox 1333 1490 1392 1521; x_wconf 90' lang='lat' dir='ltr'>cim</span> <span class='ocrx_word' id='word_1_822' title='bbox 1410 1489 1558 1528; x_wconf 88' lang='lat' dir='ltr'>librarum,</span> <span class='ocrx_word' id='word_1_823' title='bbox 1572 1489 1712 1520; x_wconf 86' lang='lat' dir='ltr'>sexdecim</span> <span class='ocrx_word' id='word_1_824' title='bbox 1723 1489 1875 1520; x_wconf 90' lang='lat' dir='ltr'>solidorum</span> <span class='ocrx_word' id='word_1_825' title='bbox 1884 1512 1894 1529; x_wconf 88' lang='lat'>,</span> <span class='ocrx_word' id='word_1_826' title='bbox 1916 1490 1950 1520; x_wconf 90' lang='lat'>&amp;</span> <span class='ocrx_word' id='word_1_827' title='bbox 1960 1489 2029 1519; x_wconf 70' lang='grc' dir='ltr'>οᾶὶο</span> <span class='ocrx_word' id='word_1_828' title='bbox 2042 1488 2226 1520; x_wconf 87' lang='lat' dir='ltr'>denariorum:</span> 
     </span>
    </p>

    <p class='ocr_par' dir='ltr' id='par_1_55' title="bbox 1334 1526 2397 1603">
     <span class='ocr_line' id='line_1_126' title="bbox 1372 1526 2397 1570; baseline 0.003 -13"><span class='ocrx_word' id='word_1_829' title='bbox 1372 1526 1533 1558; x_wconf 85' lang='lat' dir='ltr'>Manerium</span> <span class='ocrx_word' id='word_1_830' title='bbox 1550 1528 1586 1558; x_wconf 92' lang='lat' dir='ltr'>de</span> <span class='ocrx_word' id='word_1_831' title='bbox 1604 1529 1870 1570; x_wconf 83' lang='lat' dir='ltr'>Longebenyngton</span> <span class='ocrx_word' id='word_1_832' title='bbox 1885 1551 1895 1566; x_wconf 94' lang='lat'>,</span> <span class='ocrx_word' id='word_1_833' title='bbox 1919 1537 1988 1558; x_wconf 90' lang='lat' dir='ltr'>cum</span> <span class='ocrx_word' id='word_1_834' title='bbox 2013 1528 2180 1565; x_wconf 85' lang='lat' dir='ltr'>pertinentiis</span> <span class='ocrx_word' id='word_1_835' title='bbox 2203 1528 2234 1558; x_wconf 87' lang='lat' dir='ltr'>in</span> <span class='ocrx_word' id='word_1_836' title='bbox 2250 1527 2397 1560; x_wconf 87' lang='lat' dir='ltr'>Comitatu</span> 
     </span>
     <span class='ocr_line' id='line_1_127' title="bbox 1334 1565 2177 1603; baseline -0.002 -6"><span class='ocrx_word' id='word_1_837' title='bbox 1334 1566 1505 1597; x_wconf 85' lang='lat' dir='ltr'>Lincolniae·</span> <span class='ocrx_word' id='word_1_838' title='bbox 1521 1568 1550 1596; x_wconf 91' lang='lat' dir='ltr'>in</span> <span class='ocrx_word' id='word_1_839' title='bbox 1566 1567 1687 1598; x_wconf 89' lang='lat' dir='ltr'>valorem</span> <span class='ocrx_word' id='word_1_840' title='bbox 1702 1576 1818 1598; x_wconf 88' lang='lat' dir='ltr'>centum</span> <span class='ocrx_word' id='word_1_841' title='bbox 1834 1568 1866 1597; x_wconf 67' lang='grc' dir='ltr'>ὃ(</span> <span class='ocrx_word' id='word_1_842' title='bbox 1880 1566 2017 1603; x_wconf 83' lang='lat' dir='ltr'>sexaginta</span> <span class='ocrx_word' id='word_1_843' title='bbox 2032 1565 2177 1596; x_wconf 80' lang='lat' dir='ltr'>librarum:</span> 
     </span>
    </p>

    <p class='ocr_par' dir='ltr' id='par_1_56' title="bbox 1331 1591 2394 1683">
     <span class='ocr_line' id='line_1_128' title="bbox 1368 1591 2394 1648; baseline 0 -12"><span class='ocrx_word' id='word_1_844' title='bbox 1368 1605 1472 1636; x_wconf 89' lang='lat' dir='ltr'>Villam</span> <span class='ocrx_word' id='word_1_845' title='bbox 1489 1591 1524 1636; x_wconf 81' lang='lat' dir='ltr'>de</span> <span class='ocrx_word' id='word_1_846' title='bbox 1542 1605 1720 1647; x_wconf 87' lang='lat' dir='ltr'>Grymesby,</span> <span class='ocrx_word' id='word_1_847' title='bbox 1737 1615 1805 1636; x_wconf 91' lang='lat' dir='ltr'>cum</span> <span class='ocrx_word' id='word_1_848' title='bbox 1822 1605 1970 1635; x_wconf 91' lang='lat' dir='ltr'>redditibus</span> <span class='ocrx_word' id='word_1_849' title='bbox 1987 1604 2021 1635; x_wconf 92' lang='lat'>&amp;</span> <span class='ocrx_word' id='word_1_850' title='bbox 2036 1605 2167 1648; x_wconf 81' lang='lat' dir='ltr'>omnibus</span> <span class='ocrx_word' id='word_1_851' title='bbox 2178 1604 2240 1636; x_wconf 91' lang='lat' dir='ltr'>aliis</span> <span class='ocrx_word' id='word_1_852' title='bbox 2256 1605 2394 1643; x_wconf 83' lang='lat' dir='ltr'>pertinen·</span> 
     </span>
     <span class='ocr_line' id='line_1_129' title="bbox 1331 1643 2337 1683; baseline -0.001 -9"><span class='ocrx_word' id='word_1_853' title='bbox 1331 1645 1374 1675; x_wconf 89' lang='lat' dir='ltr'>tiis</span> <span class='ocrx_word' id='word_1_854' title='bbox 1392 1643 1441 1674; x_wconf 88' lang='lat' dir='ltr'>suis</span> <span class='ocrx_word' id='word_1_855' title='bbox 1459 1645 1487 1674; x_wconf 93' lang='lat' dir='ltr'>in</span> <span class='ocrx_word' id='word_1_856' title='bbox 1505 1644 1607 1675; x_wconf 91' lang='lat' dir='ltr'>eodem</span> <span class='ocrx_word' id='word_1_857' title='bbox 1625 1643 1787 1683; x_wconf 79' lang='lat' dir='ltr'>Comitatu3</span> <span class='ocrx_word' id='word_1_858' title='bbox 1804 1645 1833 1674; x_wconf 92' lang='lat' dir='ltr'>in</span> <span class='ocrx_word' id='word_1_859' title='bbox 1851 1644 1975 1674; x_wconf 85' lang='lat' dir='ltr'>valorem</span> <span class='ocrx_word' id='word_1_860' title='bbox 1993 1643 2170 1681; x_wconf 83' lang='lat' dir='ltr'>quadraginta</span> <span class='ocrx_word' id='word_1_861' title='bbox 2186 1643 2316 1674; x_wconf 87' lang='lat' dir='ltr'>librarum</span> <span class='ocrx_word' id='word_1_862' title='bbox 2331 1654 2337 1673; x_wconf 90' lang='lat'>:</span> 
     </span>
    </p>

    <p class='ocr_par' dir='ltr' id='par_1_57' title="bbox 1332 1681 2394 1759">
     <span class='ocr_line' id='line_1_130' title="bbox 1369 1681 2394 1722; baseline 0.001 -10"><span class='ocrx_word' id='word_1_863' title='bbox 1369 1681 1406 1713; x_wconf 91' lang='lat' dir='ltr'>Et</span> <span class='ocrx_word' id='word_1_864' title='bbox 1422 1683 1620 1721; x_wconf 86' lang='lat' dir='ltr'>quinquaginta</span> <span class='ocrx_word' id='word_1_865' title='bbox 1634 1683 1714 1714; x_wconf 85' lang='lat' dir='ltr'>libras</span> <span class='ocrx_word' id='word_1_866' title='bbox 1730 1683 1766 1713; x_wconf 87' lang='lat' dir='ltr'>de</span> <span class='ocrx_word' id='word_1_867' title='bbox 1783 1682 1883 1722; x_wconf 63' lang='lat' dir='ltr'>firmi,</span> <span class='ocrx_word' id='word_1_868' title='bbox 1921 1692 1984 1712; x_wconf 86' lang='lat' dir='ltr'>uam</span> <span class='ocrx_word' id='word_1_869' title='bbox 2001 1683 2127 1713; x_wconf 88' lang='lat' dir='ltr'>homines</span> <span class='ocrx_word' id='word_1_870' title='bbox 2143 1681 2180 1714; x_wconf 91' lang='lat' dir='ltr'>de</span> <span class='ocrx_word' id='word_1_871' title='bbox 2195 1681 2272 1713; x_wconf 72' lang='grc' dir='ltr'>30εᾶ,</span> <span class='ocrx_word' id='word_1_872' title='bbox 2285 1681 2321 1713; x_wconf 92' lang='lat' dir='ltr'>de</span> <span class='ocrx_word' id='word_1_873' title='bbox 2337 1681 2394 1714; x_wconf 89' lang='lat' dir='ltr'>Ca-</span> 
     </span>
     <span class='ocr_line' id='line_1_131' title="bbox 1332 1720 2055 1759; baseline 0 -9"><span class='ocrx_word' id='word_1_874' title='bbox 1332 1720 1388 1751; x_wconf 89' lang='lat' dir='ltr'>stro</span> <span class='ocrx_word' id='word_1_875' title='bbox 1406 1720 1522 1752; x_wconf 89' lang='lat' dir='ltr'>reddunt</span> <span class='ocrx_word' id='word_1_876' title='bbox 1541 1732 1588 1759; x_wconf 90' lang='lat' dir='ltr'>per</span> <span class='ocrx_word' id='word_1_877' title='bbox 1605 1732 1710 1753; x_wconf 86' lang='lat' dir='ltr'>annum</span> <span class='ocrx_word' id='word_1_878' title='bbox 1727 1722 1756 1751; x_wconf 91' lang='lat' dir='ltr'>in</span> <span class='ocrx_word' id='word_1_879' title='bbox 1774 1721 1877 1752; x_wconf 86' lang='lat' dir='ltr'>eodem</span> <span class='ocrx_word' id='word_1_880' title='bbox 1944 1721 2055 1752; x_wconf 89' lang='lat' dir='ltr'>mitatu:</span> 
     </span>
    </p>

    <p class='ocr_par' dir='ltr' id='par_1_58' title="bbox 1331 1759 2392 1868">
     <span class='ocr_line' id='line_1_132' title="bbox 1367 1759 2390 1798; baseline -0.001 -8"><span class='ocrx_word' id='word_1_881' title='bbox 1367 1759 1505 1790; x_wconf 86' lang='lat' dir='ltr'>Habenda</span> <span class='ocrx_word' id='word_1_882' title='bbox 1521 1760 1554 1791; x_wconf 92' lang='lat'>&amp;</span> <span class='ocrx_word' id='word_1_883' title='bbox 1573 1760 1689 1791; x_wconf 83' lang='lat' dir='ltr'>tenenda</span> <span class='ocrx_word' id='word_1_884' title='bbox 1706 1760 1798 1790; x_wconf 88' lang='lat' dir='ltr'>eidem</span> <span class='ocrx_word' id='word_1_885' title='bbox 1816 1759 2002 1798; x_wconf 84' lang='lat' dir='ltr'>Margaretae,</span> <span class='ocrx_word' id='word_1_886' title='bbox 2024 1761 2053 1789; x_wconf 88' lang='lat' dir='ltr'>in</span> <span class='ocrx_word' id='word_1_887' title='bbox 2068 1760 2323 1797; x_wconf 64' lang='lat' dir='ltr'>augmentationem</span> <span class='ocrx_word' id='word_1_888' title='bbox 2338 1759 2390 1790; x_wconf 80' lang='lat' dir='ltr'>do—</span> 
     </span>
     <span class='ocr_line' id='line_1_133' title="bbox 1331 1797 2392 1842; baseline 0 -13"><span class='ocrx_word' id='word_1_889' title='bbox 1331 1800 1364 1829; x_wconf 89' lang='lat' dir='ltr'>tis</span> <span class='ocrx_word' id='word_1_890' title='bbox 1380 1798 1433 1829; x_wconf 79' lang='lat' dir='ltr'>suae</span> <span class='ocrx_word' id='word_1_891' title='bbox 1444 1798 1609 1842; x_wconf 23' lang='lat' dir='ltr'>Apraeditfitae,</span> <span class='ocrx_word' id='word_1_892' title='bbox 1627 1798 1717 1838; x_wconf 86' lang='lat' dir='ltr'>quoad</span> <span class='ocrx_word' id='word_1_893' title='bbox 1735 1799 1853 1837; x_wconf 85' lang='lat' dir='ltr'>vixerit,</span> <span class='ocrx_word' id='word_1_894' title='bbox 1877 1798 1946 1829; x_wconf 79' lang='lat' dir='ltr'>adeo</span> <span class='ocrx_word' id='word_1_895' title='bbox 1970 1799 2078 1837; x_wconf 81' lang='lat' dir='ltr'>integre</span> <span class='ocrx_word' id='word_1_896' title='bbox 2104 1798 2138 1830; x_wconf 75' lang='grc' dir='ltr'>δε</span> <span class='ocrx_word' id='word_1_897' title='bbox 2155 1797 2240 1829; x_wconf 79' lang='lat' dir='ltr'>libere</span> <span class='ocrx_word' id='word_1_898' title='bbox 2257 1798 2325 1830; x_wconf 89' lang='lat' dir='ltr'>sicut</span> <span class='ocrx_word' id='word_1_899' title='bbox 2341 1807 2392 1829; x_wconf 69' lang='lat' dir='ltr'>nos</span> 
     </span>
     <span class='ocr_line' id='line_1_134' title="bbox 1331 1846 1521 1868; baseline 0 -1"><span class='ocrx_word' id='word_1_900' title='bbox 1331 1847 1362 1868; x_wconf 76' lang='lat' dir='ltr'>ea</span> <span class='ocrx_word' id='word_1_901' title='bbox 1376 1846 1521 1867; x_wconf 63' lang='lat' dir='ltr'>tenuimus</span> 
     </span>
    </p>
   </div>
   <div class='ocr_carea' id='block_1_31' title="bbox 1367 1913 2285 2108">
    <p class='ocr_par' dir='ltr' id='par_1_59' title="bbox 1367 1913 2285 2108">
     <span class='ocr_line' id='line_1_135' title="bbox 1367 1913 1587 1954; baseline 0.005 -10"><span class='ocrx_word' id='word_1_902' title='bbox 1367 1913 1400 1944; x_wconf 92' lang='lat' dir='ltr'>In</span> <span class='ocrx_word' id='word_1_903' title='bbox 1416 1915 1509 1954; x_wconf 74' lang='lat' dir='ltr'>cujus,</span> <span class='ocrx_word' id='word_1_904' title='bbox 1526 1914 1587 1946; x_wconf 84' lang='lat' dir='ltr'>&amp;c.</span> 
     </span>
     <span class='ocr_line' id='line_1_136' title="bbox 1367 1989 2227 2031; baseline 0 -10"><span class='ocrx_word' id='word_1_905' title='bbox 1367 1989 1434 2021; x_wconf 90' lang='lat' dir='ltr'>Dat.</span> <span class='ocrx_word' id='word_1_906' title='bbox 1452 2001 1499 2030; x_wconf 87' lang='lat' dir='ltr'>per</span> <span class='ocrx_word' id='word_1_907' title='bbox 1518 2002 1634 2024; x_wconf 85' lang='lat' dir='ltr'>manum</span> <span class='ocrx_word' id='word_1_908' title='bbox 1650 1991 1772 2025; x_wconf 88' lang='lat' dir='ltr'>nostram</span> <span class='ocrx_word' id='word_1_909' title='bbox 1786 1992 1858 2031; x_wconf 86' lang='lat' dir='ltr'>apud</span> <span class='ocrx_word' id='word_1_910' title='bbox 1875 1991 2007 2023; x_wconf 87' lang='lat' dir='ltr'>Banstede</span> <span class='ocrx_word' id='word_1_911' title='bbox 2020 2000 2067 2031; x_wconf 88' lang='lat'>27.</span> <span class='ocrx_word' id='word_1_912' title='bbox 2084 1991 2130 2022; x_wconf 90' lang='lat' dir='ltr'>die</span> <span class='ocrx_word' id='word_1_913' title='bbox 2145 1990 2227 2022; x_wconf 88' lang='lat' dir='ltr'>Maii.</span> 
     </span>
     <span class='ocr_line' id='line_1_137' title="bbox 1834 2066 2285 2108; baseline -0.007 -8"><span class='ocrx_word' id='word_1_914' title='bbox 1834 2072 1888 2100; x_wconf 82' lang='lat' dir='ltr'>Per</span> <span class='ocrx_word' id='word_1_915' title='bbox 1906 2069 1989 2100; x_wconf 81' lang='lat' dir='ltr'>breve</span> <span class='ocrx_word' id='word_1_916' title='bbox 2003 2070 2034 2100; x_wconf 81' lang='lat' dir='ltr'>de</span> <span class='ocrx_word' id='word_1_917' title='bbox 2044 2072 2160 2108; x_wconf 73' lang='lat' dir='ltr'>privato</span> <span class='ocrx_word' id='word_1_918' title='bbox 2186 2066 2285 2106; x_wconf 77' lang='lat' dir='ltr'>Sigillo.</span> 
     </span>
    </p>
   </div>
   <div class='ocr_carea' id='block_1_32' title="bbox 1402 2217 2306 2266">
    <p class='ocr_par' dir='ltr' id='par_1_60' title="bbox 1402 2217 2306 2266">
     <span class='ocr_line' id='line_1_138' title="bbox 1402 2217 2306 2266; baseline -0.001 -12"><span class='ocrx_word' id='word_1_919' title='bbox 1402 2222 1452 2254; x_wconf 91' lang='lat' dir='ltr'>De</span> <span class='ocrx_word' id='word_1_920' title='bbox 1472 2218 1588 2266; x_wconf 46' lang='lat' dir='ltr'>decima</span> <span class='ocrx_word' id='word_1_921' title='bbox 1605 2220 1802 2253; x_wconf 80' lang='lat' dir='ltr'>Pullanorum</span> <span class='ocrx_word' id='word_1_922' title='bbox 1820 2217 1940 2252; x_wconf 82' lang='lat' dir='ltr'>Abbati</span> <span class='ocrx_word' id='word_1_923' title='bbox 1957 2218 1994 2252; x_wconf 83' lang='lat' dir='ltr'>de</span> <span class='ocrx_word' id='word_1_924' title='bbox 2015 2219 2139 2252; x_wconf 82' lang='lat' dir='ltr'>Nuttele</span> <span class='ocrx_word' id='word_1_925' title='bbox 2147 2218 2306 2264; x_wconf 83' lang='lat' dir='ltr'>sblvenda.</span> 
     </span>
    </p>
   </div>
   <div class='ocr_carea' id='block_1_33' title="bbox 1309 2313 2537 3268">
    <p class='ocr_par' dir='ltr' id='par_1_61' title="bbox 1324 2313 2537 2396">
     <span class='ocr_line' id='line_1_139' title="bbox 1324 2313 2537 2370; baseline 0.005 -26"><span class='ocrx_word' id='word_1_926' title='bbox 1324 2313 1449 2370; x_wconf 82' lang='lat' dir='ltr'>REX</span> <span class='ocrx_word' id='word_1_927' title='bbox 1469 2315 1575 2345; x_wconf 85' lang='lat' dir='ltr'>Ballivis</span> <span class='ocrx_word' id='word_1_928' title='bbox 1593 2314 1760 2351; x_wconf 75' lang='lat' dir='ltr'>Margaretae</span> <span class='ocrx_word' id='word_1_929' title='bbox 1775 2315 1898 2353; x_wconf 79' lang='lat' dir='ltr'>Reginae</span> <span class='ocrx_word' id='word_1_930' title='bbox 1913 2314 2040 2354; x_wconf 77' lang='lat' dir='ltr'>Angliae,</span> <span class='ocrx_word' id='word_1_931' title='bbox 2055 2313 2198 2345; x_wconf 88' lang='lat' dir='ltr'>Consortis</span> <span class='ocrx_word' id='word_1_932' title='bbox 2214 2313 2333 2352; x_wconf 79' lang='lat' dir='ltr'>nostrae,</span> <span class='ocrx_word' id='word_1_933' title='bbox 2351 2314 2386 2345; x_wconf 92' lang='lat' dir='ltr'>de</span> <span class='ocrx_word' id='word_1_934' title='bbox 2404 2315 2480 2348; x_wconf 88' lang='lat' dir='ltr'>Ann.</span> <span class='ocrx_word' id='word_1_935' title='bbox 2493 2316 2537 2350; x_wconf 88' lang='lat' dir='ltr'>D.</span> 
     </span>
     <span class='ocr_line' id='line_1_140' title="bbox 1397 2353 2508 2396; baseline 0.003 -13"><span class='ocrx_word' id='word_1_936' title='bbox 1397 2353 1559 2394; x_wconf 88' lang='lat' dir='ltr'>Rysebergh</span> <span class='ocrx_word' id='word_1_937' title='bbox 1569 2377 1578 2393; x_wconf 89' lang='lat'>‚</span> <span class='ocrx_word' id='word_1_938' title='bbox 1594 2353 1712 2384; x_wconf 73' lang='lat' dir='ltr'>salutem.</span> <span class='ocrx_word' id='word_1_939' title='bbox 2426 2365 2508 2396; x_wconf 83' lang='lat'><em>1305.</em></span> 
     </span>
    </p>

    <p class='ocr_par' dir='ltr' id='par_1_62' title="bbox 1317 2391 2533 2807">
     <span class='ocr_line' id='line_1_141' title="bbox 1362 2391 2510 2433; baseline 0.002 -11"><span class='ocrx_word' id='word_1_940' title='bbox 1362 2391 1440 2430; x_wconf 81' lang='lat' dir='ltr'>Qiia</span> <span class='ocrx_word' id='word_1_941' title='bbox 1456 2393 1616 2429; x_wconf 75' lang='lat' dir='ltr'>accepimus</span> <span class='ocrx_word' id='word_1_942' title='bbox 1629 2401 1676 2429; x_wconf 89' lang='lat' dir='ltr'>per</span> <span class='ocrx_word' id='word_1_943' title='bbox 1692 2392 1912 2431; x_wconf 82' lang='lat' dir='ltr'>inquisitionem,</span> <span class='ocrx_word' id='word_1_944' title='bbox 1927 2401 2012 2431; x_wconf 87' lang='lat' dir='ltr'>quam</span> <span class='ocrx_word' id='word_1_945' title='bbox 2029 2401 2077 2430; x_wconf 89' lang='lat' dir='ltr'>per</span> <span class='ocrx_word' id='word_1_946' title='bbox 2099 2391 2311 2422; x_wconf 88' lang='lat' dir='ltr'>Vicecomitem</span> <span class='ocrx_word' id='word_1_947' title='bbox 2333 2401 2384 2422; x_wconf 93' lang='lat' dir='ltr'>no-</span> <span class='ocrx_word' id='word_1_948' title='bbox 2403 2399 2456 2422; x_wconf 81' lang='lat' dir='ltr'>Au.</span> <span class='ocrx_word' id='word_1_949' title='bbox 2466 2406 2510 2433; x_wconf 81' lang='lat'>33.</span> 
     </span>
     <span class='ocr_line' id='line_1_142' title="bbox 1322 2429 2484 2469; baseline 0 -9"><span class='ocrx_word' id='word_1_950' title='bbox 1322 2429 1409 2461; x_wconf 88' lang='lat' dir='ltr'>strum</span> <span class='ocrx_word' id='word_1_951' title='bbox 1425 2430 1491 2460; x_wconf 85' lang='lat' dir='ltr'>Buk.</span> <span class='ocrx_word' id='word_1_952' title='bbox 1510 2430 1566 2460; x_wconf 85' lang='lat' dir='ltr'>fieri</span> <span class='ocrx_word' id='word_1_953' title='bbox 1582 2430 1698 2460; x_wconf 85' lang='lat' dir='ltr'>fecimus</span> <span class='ocrx_word' id='word_1_954' title='bbox 1728 2431 1803 2469; x_wconf 90' lang='lat' dir='ltr'>quod</span> <span class='ocrx_word' id='word_1_955' title='bbox 1821 2430 1938 2461; x_wconf 66' lang='lat' dir='ltr'>dileStus</span> <span class='ocrx_word' id='word_1_956' title='bbox 1953 2430 2034 2460; x_wconf 84' lang='lat' dir='ltr'>nobis</span> <span class='ocrx_word' id='word_1_957' title='bbox 2053 2431 2083 2460; x_wconf 93' lang='lat' dir='ltr'>in</span> <span class='ocrx_word' id='word_1_958' title='bbox 2104 2429 2218 2460; x_wconf 87' lang='lat' dir='ltr'>Christo</span> <span class='ocrx_word' id='word_1_959' title='bbox 2241 2429 2334 2460; x_wconf 80' lang='lat' dir='ltr'>Abbas</span> <span class='ocrx_word' id='word_1_960' title='bbox 2347 2430 2382 2460; x_wconf 93' lang='lat' dir='ltr'>de</span> <span class='ocrx_word' id='word_1_961' title='bbox 2404 2437 2434 2460; x_wconf 82' lang='grc' dir='ltr'>Ε.</span> <span class='ocrx_word' id='word_1_962' title='bbox 2461 2444 2484 2461; x_wconf 90' lang='lat'>1.</span> 
     </span>
     <span class='ocr_line' id='line_1_143' title="bbox 1322 2454 2517 2513; baseline 0.003 -15"><span class='ocrx_word' id='word_1_963' title='bbox 1322 2468 1456 2507; x_wconf 86' lang='lat' dir='ltr'>Nuttele,</span> <span class='ocrx_word' id='word_1_964' title='bbox 1473 2468 1590 2499; x_wconf 90' lang='lat' dir='ltr'>Persona</span> <span class='ocrx_word' id='word_1_965' title='bbox 1601 2454 1733 2512; x_wconf 59' lang='lat' dir='ltr'>Ecclesiae</span> <span class='ocrx_word' id='word_1_966' title='bbox 1746 2469 1782 2499; x_wconf 93' lang='lat' dir='ltr'>de</span> <span class='ocrx_word' id='word_1_967' title='bbox 1798 2469 1826 2499; x_wconf 81' lang='lat' dir='ltr'>R</span> <span class='ocrx_word' id='word_1_968' title='bbox 1847 2469 1961 2506; x_wconf 87' lang='lat' dir='ltr'>sebergh</span> <span class='ocrx_word' id='word_1_969' title='bbox 1971 2478 2018 2508; x_wconf 88' lang='lat' dir='ltr'>,ac</span> <span class='ocrx_word' id='word_1_970' title='bbox 2033 2467 2244 2513; x_wconf 64' lang='lat' dir='ltr'>Braedecessores</span> <span class='ocrx_word' id='word_1_971' title='bbox 2259 2467 2384 2506; x_wconf 87' lang='lat' dir='ltr'>sui,Ab-</span> <span class='ocrx_word' id='word_1_972' title='bbox 2402 2475 2457 2499; x_wconf 84' lang='lat' dir='ltr'>Rot.</span> <span class='ocrx_word' id='word_1_973' title='bbox 2475 2471 2517 2501; x_wconf 85' lang='lat' dir='ltr'>CI.</span> 
     </span>
     <span class='ocr_line' id='line_1_144' title="bbox 1322 2507 2533 2546; baseline -0.001 -8"><span class='ocrx_word' id='word_1_974' title='bbox 1322 2507 1396 2538; x_wconf 82' lang='lat' dir='ltr'>bates</span> <span class='ocrx_word' id='word_1_975' title='bbox 1415 2507 1536 2546; x_wconf 85' lang='lat' dir='ltr'>ejusdem</span> <span class='ocrx_word' id='word_1_976' title='bbox 1551 2507 1623 2545; x_wconf 88' lang='lat' dir='ltr'>loci,</span> <span class='ocrx_word' id='word_1_977' title='bbox 1639 2508 1672 2538; x_wconf 71' lang='grc' dir='ltr'>δε</span> <span class='ocrx_word' id='word_1_978' title='bbox 1685 2507 1811 2538; x_wconf 86' lang='lat' dir='ltr'>Personae</span> <span class='ocrx_word' id='word_1_979' title='bbox 1851 2508 1957 2539; x_wconf 83' lang='lat' dir='ltr'>cclesiae</span> <span class='ocrx_word' id='word_1_980' title='bbox 1993 2507 2129 2546; x_wconf 64' lang='lat' dir='ltr'>raedid‘cae,</span> <span class='ocrx_word' id='word_1_981' title='bbox 2151 2508 2166 2537; x_wconf 76' lang='lat' dir='ltr'>a</span> <span class='ocrx_word' id='word_1_982' title='bbox 2186 2515 2311 2544; x_wconf 87' lang='lat' dir='ltr'>tempore</span> <span class='ocrx_word' id='word_1_983' title='bbox 2327 2518 2383 2545; x_wconf 89' lang='lat' dir='ltr'>quo</span> <span class='ocrx_word' id='word_1_984' title='bbox 2403 2514 2487 2546; x_wconf 80' lang='lat' dir='ltr'><em>33.E.</em></span> <span class='ocrx_word' id='word_1_985' title='bbox 2507 2512 2533 2537; x_wconf 86' lang='lat' dir='ltr'>i.&#39;</span> 
     </span>
     <span class='ocr_line' id='line_1_145' title="bbox 1319 2546 1987 2584; baseline 0.001 -9"><span class='ocrx_word' id='word_1_986' title='bbox 1319 2555 1378 2575; x_wconf 91' lang='lat' dir='ltr'>non</span> <span class='ocrx_word' id='word_1_987' title='bbox 1398 2554 1470 2576; x_wconf 85' lang='lat' dir='ltr'>extat</span> <span class='ocrx_word' id='word_1_988' title='bbox 1488 2547 1641 2584; x_wconf 89' lang='lat' dir='ltr'>memoria,</span> <span class='ocrx_word' id='word_1_989' title='bbox 1659 2555 1715 2576; x_wconf 90' lang='lat' dir='ltr'>tam</span> <span class='ocrx_word' id='word_1_990' title='bbox 1733 2554 1859 2584; x_wconf 89' lang='lat' dir='ltr'>tempore</span> <span class='ocrx_word' id='word_1_991' title='bbox 1875 2546 1960 2576; x_wconf 87' lang='lat' dir='ltr'>Ricar</span> <span class='ocrx_word' id='word_1_992' title='bbox 1983 2548 1987 2552; x_wconf 86' lang='lat'>&#39;</span> 
     </span>
     <span class='ocr_line' id='line_1_146' title="bbox 1320 2582 2382 2623; baseline 0 -9"><span class='ocrx_word' id='word_1_993' title='bbox 1320 2582 1442 2615; x_wconf 88' lang='lat' dir='ltr'>Comitis</span> <span class='ocrx_word' id='word_1_994' title='bbox 1459 2583 1630 2622; x_wconf 82' lang='lat' dir='ltr'>Comubiae,</span> <span class='ocrx_word' id='word_1_995' title='bbox 1647 2586 1729 2622; x_wconf 73' lang='lat' dir='ltr'>quam</span> <span class='ocrx_word' id='word_1_996' title='bbox 1747 2593 1873 2623; x_wconf 88' lang='lat' dir='ltr'>tempore</span> <span class='ocrx_word' id='word_1_997' title='bbox 1890 2584 2031 2615; x_wconf 87' lang='lat' dir='ltr'>Edmundi</span> <span class='ocrx_word' id='word_1_998' title='bbox 2047 2594 2133 2622; x_wconf 87' lang='lat' dir='ltr'>nuper</span> <span class='ocrx_word' id='word_1_999' title='bbox 2151 2583 2274 2615; x_wconf 90' lang='lat' dir='ltr'>Comitis</span> <span class='ocrx_word' id='word_1_1000' title='bbox 2289 2608 2299 2622; x_wconf 79' lang='lat'>,</span> <span class='ocrx_word' id='word_1_1001' title='bbox 2327 2584 2382 2614; x_wconf 91' lang='lat' dir='ltr'>ibi-</span> 
     </span>
     <span class='ocr_line' id='line_1_147' title="bbox 1319 2621 2380 2662; baseline 0.001 -10"><span class='ocrx_word' id='word_1_1002' title='bbox 1319 2621 1388 2652; x_wconf 91' lang='lat' dir='ltr'>dem</span> <span class='ocrx_word' id='word_1_1003' title='bbox 1406 2625 1564 2661; x_wconf 86' lang='lat' dir='ltr'>percipere,</span> <span class='ocrx_word' id='word_1_1004' title='bbox 1577 2623 1610 2654; x_wconf 89' lang='lat'>&amp;</span> <span class='ocrx_word' id='word_1_1005' title='bbox 1625 2623 1726 2653; x_wconf 85' lang='lat' dir='ltr'>habere</span> <span class='ocrx_word' id='word_1_1006' title='bbox 1743 2623 1942 2654; x_wconf 88' lang='lat' dir='ltr'>consueverunt</span> <span class='ocrx_word' id='word_1_1007' title='bbox 1958 2623 2116 2662; x_wconf 88' lang='lat' dir='ltr'>decimam,</span> <span class='ocrx_word' id='word_1_1008' title='bbox 2132 2631 2189 2653; x_wconf 88' lang='lat' dir='ltr'>tam</span> <span class='ocrx_word' id='word_1_1009' title='bbox 2207 2621 2380 2660; x_wconf 86' lang='lat' dir='ltr'>pullariorum</span> 
     </span>
     <span class='ocr_line' id='line_1_148' title="bbox 1319 2660 2529 2730; baseline 0 -39"><span class='ocrx_word' id='word_1_1010' title='bbox 1319 2660 1443 2729; x_wconf 52' lang='lat' dir='ltr'>{gotum</span> <span class='ocrx_word' id='word_1_1011' title='bbox 1458 2661 1572 2692; x_wconf 85' lang='lat' dir='ltr'>Ricardi</span> <span class='ocrx_word' id='word_1_1012' title='bbox 1587 2663 1620 2692; x_wconf 85' lang='lat'>&amp;</span> <span class='ocrx_word' id='word_1_1013' title='bbox 1633 2661 1791 2708; x_wconf 76' lang='lat' dir='ltr'>Edrnundi,</span> <span class='ocrx_word' id='word_1_1014' title='bbox 1804 2663 1888 2707; x_wconf 66' lang='lat' dir='ltr'>quarn</span> <span class='ocrx_word' id='word_1_1015' title='bbox 1907 2662 1925 2681; x_wconf 63' lang='lat'>*⁵</span> <span class='ocrx_word' id='word_1_1016' title='bbox 1944 2661 2108 2730; x_wconf 61' lang='grc' dir='ltr'><strong>’3110ωῇ111</strong></span> <span class='ocrx_word' id='word_1_1017' title='bbox 2127 2661 2273 2730; x_wconf 75' lang='lat' dir='ltr'>Parcodde</span> <span class='ocrx_word' id='word_1_1018' title='bbox 2291 2661 2319 2691; x_wconf 94' lang='lat' dir='ltr'>R</span> <span class='ocrx_word' id='word_1_1019' title='bbox 2338 2661 2377 2730; x_wconf 53' lang='lat' dir='ltr'>{ff</span> <span class='ocrx_word' id='word_1_1020' title='bbox 2399 2661 2529 2699; x_wconf 73' lang='lat'><em>*11.965.&#39;</em></span> 
     </span>
     <span class='ocr_line' id='line_1_149' title="bbox 1317 2699 2380 2807; baseline -0.001 -39"><span class='ocrx_word' id='word_1_1021' title='bbox 1317 2699 2249 2807; x_wconf 43' lang='lat' dir='ltr'>mffigussl’sffinassaiiffis’13¹¹Leffieffiffigssffffiffirovfissifflssamf</span> <span class='ocrx_word' id='word_1_1022' title='bbox 2269 2710 2344 2806; x_wconf 49' lang='grc' dir='ltr'>(ΞΗ</span> <span class='ocrx_word' id='word_1_1023' title='bbox 2367 2717 2380 2723; x_wconf 90' lang='grc'><em>“</em></span> 
     </span>
    </p>

    <p class='ocr_par' dir='ltr' id='par_1_63' title="bbox 1314 2786 2377 2973">
     <span class='ocr_line' id='line_1_150' title="bbox 1391 2786 2376 2807; baseline -0.001 0"><span class='ocrx_word' id='word_1_1024' title='bbox 1391 2787 1427 2807; x_wconf 90' lang='lat' dir='ltr'>uo</span> <span class='ocrx_word' id='word_1_1025' title='bbox 1477 2787 1650 2807; x_wconf 82' lang='lat' dir='ltr'>ueeonae</span> <span class='ocrx_word' id='word_1_1026' title='bbox 1692 2787 1739 2807; x_wconf 92' lang='lat' dir='ltr'>um</span> <span class='ocrx_word' id='word_1_1027' title='bbox 1811 2801 1816 2806; x_wconf 95' lang='lat'><em>.</em></span> <span class='ocrx_word' id='word_1_1028' title='bbox 1931 2786 1986 2806; x_wconf 90' lang='lat' dir='ltr'>1e</span> <span class='ocrx_word' id='word_1_1029' title='bbox 2027 2786 2056 2806; x_wconf 90' lang='lat' dir='ltr'>us</span> <span class='ocrx_word' id='word_1_1030' title='bbox 2098 2786 2226 2806; x_wconf 84' lang='lat' dir='ltr'>eaanns</span> <span class='ocrx_word' id='word_1_1031' title='bbox 2343 2787 2376 2806; x_wconf 93' lang='lat' dir='ltr'>o-</span> 
     </span>
     <span class='ocr_line' id='line_1_151' title="bbox 1315 2787 2377 2853; baseline 0.001 -9"><span class='ocrx_word' id='word_1_1032' title='bbox 1315 2813 1364 2844; x_wconf 90' lang='lat' dir='ltr'>des</span> <span class='ocrx_word' id='word_1_1033' title='bbox 1407 2787 1484 2853; x_wconf 52' lang='lat' dir='ltr'>quitcii</span> <span class='ocrx_word' id='word_1_1034' title='bbox 1501 2814 1603 2853; x_wconf 80' lang='lat' dir='ltr'>nostri,</span> <span class='ocrx_word' id='word_1_1035' title='bbox 1620 2814 1767 2853; x_wconf 86' lang='lat' dir='ltr'>postquam</span> <span class='ocrx_word' id='word_1_1036' title='bbox 1790 2815 1899 2845; x_wconf 63' lang='lat' dir='ltr'>dietum</span> <span class='ocrx_word' id='word_1_1037' title='bbox 1924 2813 2085 2845; x_wconf 87' lang='lat' dir='ltr'>Manerium</span> <span class='ocrx_word' id='word_1_1038' title='bbox 2100 2836 2110 2852; x_wconf 89' lang='lat'>‚</span> <span class='ocrx_word' id='word_1_1039' title='bbox 2135 2813 2213 2844; x_wconf 90' lang='lat' dir='ltr'>firnul</span> <span class='ocrx_word' id='word_1_1040' title='bbox 2238 2798 2377 2851; x_wconf 61' lang='lat' dir='ltr'>praedidio</span> 
     </span>
     <span class='ocr_line' id='line_1_152' title="bbox 1315 2851 2376 2892; baseline 0.001 -10"><span class='ocrx_word' id='word_1_1041' title='bbox 1315 2851 1420 2891; x_wconf 90' lang='lat' dir='ltr'>Parco,</span> <span class='ocrx_word' id='word_1_1042' title='bbox 1437 2864 1486 2891; x_wconf 92' lang='lat' dir='ltr'>per</span> <span class='ocrx_word' id='word_1_1043' title='bbox 1503 2862 1626 2884; x_wconf 88' lang='lat' dir='ltr'>mortem</span> <span class='ocrx_word' id='word_1_1044' title='bbox 1644 2854 1748 2891; x_wconf 68' lang='lat' dir='ltr'>praefati</span> <span class='ocrx_word' id='word_1_1045' title='bbox 1766 2853 1908 2884; x_wconf 86' lang='lat' dir='ltr'>Edmundi</span> <span class='ocrx_word' id='word_1_1046' title='bbox 1922 2875 1932 2891; x_wconf 85' lang='lat'>,</span> <span class='ocrx_word' id='word_1_1047' title='bbox 1958 2852 1992 2883; x_wconf 86' lang='lat' dir='ltr'>ad</span> <span class='ocrx_word' id='word_1_1048' title='bbox 2010 2862 2107 2883; x_wconf 66' lang='lat' dir='ltr'>manus</span> <span class='ocrx_word' id='word_1_1049' title='bbox 2129 2851 2231 2882; x_wconf 91' lang='lat' dir='ltr'>nostras</span> <span class='ocrx_word' id='word_1_1050' title='bbox 2247 2851 2376 2892; x_wconf 84' lang='lat' dir='ltr'>devenit,</span> 
     </span>
     <span class='ocr_line' id='line_1_153' title="bbox 1314 2890 2374 2930; baseline 0.002 -10"><span class='ocrx_word' id='word_1_1051' title='bbox 1314 2892 1462 2928; x_wconf 80' lang='lat' dir='ltr'>praefatum</span> <span class='ocrx_word' id='word_1_1052' title='bbox 1483 2892 1641 2929; x_wconf 82' lang='lat' dir='ltr'>Abbatem,</span> <span class='ocrx_word' id='word_1_1053' title='bbox 1658 2902 1715 2930; x_wconf 87' lang='lat' dir='ltr'>quo</span> <span class='ocrx_word' id='word_1_1054' title='bbox 1732 2893 1822 2922; x_wconf 89' lang='lat' dir='ltr'>minus</span> <span class='ocrx_word' id='word_1_1055' title='bbox 1841 2891 1946 2922; x_wconf 65' lang='lat' dir='ltr'>dietam</span> <span class='ocrx_word' id='word_1_1056' title='bbox 1964 2890 2105 2921; x_wconf 89' lang='lat' dir='ltr'>decimam</span> <span class='ocrx_word' id='word_1_1057' title='bbox 2122 2891 2262 2929; x_wconf 85' lang='lat' dir='ltr'>percipere</span> <span class='ocrx_word' id='word_1_1058' title='bbox 2279 2891 2312 2923; x_wconf 91' lang='lat'>&amp;</span> <span class='ocrx_word' id='word_1_1059' title='bbox 2326 2891 2374 2922; x_wconf 88' lang='lat' dir='ltr'>ha-</span> 
     </span>
     <span class='ocr_line' id='line_1_154' title="bbox 1314 2930 1996 2973; baseline 0.004 -14"><span class='ocrx_word' id='word_1_1060' title='bbox 1314 2930 1380 2960; x_wconf 90' lang='lat' dir='ltr'>bere</span> <span class='ocrx_word' id='word_1_1061' title='bbox 1397 2930 1503 2969; x_wconf 86' lang='lat' dir='ltr'>poffet,</span> <span class='ocrx_word' id='word_1_1062' title='bbox 1517 2930 1737 2969; x_wconf 88' lang='lat' dir='ltr'>impediverunt,</span> <span class='ocrx_word' id='word_1_1063' title='bbox 1992 2968 1996 2973; x_wconf 96' lang='lat'><em>.</em></span> 
     </span>
    </p>

    <p class='ocr_par' dir='ltr' id='par_1_64' title="bbox 1313 2966 2376 3084">
     <span class='ocr_line' id='line_1_155' title="bbox 1353 2966 2376 3008; baseline 0.002 -10"><span class='ocrx_word' id='word_1_1064' title='bbox 1353 2967 1404 2999; x_wconf 89' lang='lat' dir='ltr'>Per</span> <span class='ocrx_word' id='word_1_1065' title='bbox 1427 2969 1503 3007; x_wconf 91' lang='lat' dir='ltr'>quod</span> <span class='ocrx_word' id='word_1_1066' title='bbox 1522 2979 1573 2999; x_wconf 90' lang='lat' dir='ltr'>vos</span> <span class='ocrx_word' id='word_1_1067' title='bbox 1587 2991 1597 3008; x_wconf 90' lang='lat'>,</span> <span class='ocrx_word' id='word_1_1068' title='bbox 1625 2968 1773 3007; x_wconf 85' lang='lat' dir='ltr'>postquam</span> <span class='ocrx_word' id='word_1_1069' title='bbox 1791 2967 1867 2998; x_wconf 62' lang='lat' dir='ltr'>dieta</span> <span class='ocrx_word' id='word_1_1070' title='bbox 1886 2966 2049 2999; x_wconf 86' lang='lat' dir='ltr'>Manenum</span> <span class='ocrx_word' id='word_1_1071' title='bbox 2066 2967 2100 2999; x_wconf 89' lang='lat'>&amp;</span> <span class='ocrx_word' id='word_1_1072' title='bbox 2119 2967 2239 2998; x_wconf 88' lang='lat' dir='ltr'>Parcum</span> <span class='ocrx_word' id='word_1_1073' title='bbox 2255 2967 2376 3006; x_wconf 82' lang='lat' dir='ltr'>praefatae</span> 
     </span>
     <span class='ocr_line' id='line_1_156' title="bbox 1314 3005 2373 3045; baseline 0.002 -9"><span class='ocrx_word' id='word_1_1074' title='bbox 1314 3005 1446 3038; x_wconf 86' lang='lat' dir='ltr'>Consorti</span> <span class='ocrx_word' id='word_1_1075' title='bbox 1458 3006 1559 3038; x_wconf 86' lang='lat' dir='ltr'>nostrae</span> <span class='ocrx_word' id='word_1_1076' title='bbox 1573 3006 1784 3045; x_wconf 83' lang='lat' dir='ltr'>affignavirnus,</span> <span class='ocrx_word' id='word_1_1077' title='bbox 1800 3005 1910 3037; x_wconf 69' lang='lat' dir='ltr'>dietum</span> <span class='ocrx_word' id='word_1_1078' title='bbox 1927 3006 2070 3038; x_wconf 88' lang='lat' dir='ltr'>Abbatem</span> <span class='ocrx_word' id='word_1_1079' title='bbox 2088 3005 2166 3044; x_wconf 78' lang='lat' dir='ltr'>fiiper</span> <span class='ocrx_word' id='word_1_1080' title='bbox 2183 3006 2239 3037; x_wconf 84' lang='lat' dir='ltr'>hoc</span> <span class='ocrx_word' id='word_1_1081' title='bbox 2252 3007 2373 3039; x_wconf 82' lang='lat' dir='ltr'>similiter</span> 
     </span>
     <span class='ocr_line' id='line_1_157' title="bbox 1313 3045 1834 3084; baseline 0 -10"><span class='ocrx_word' id='word_1_1082' title='bbox 1313 3045 1513 3084; x_wconf 84' lang='lat' dir='ltr'>impedivistis,</span> <span class='ocrx_word' id='word_1_1083' title='bbox 1530 3046 1564 3077; x_wconf 91' lang='lat'>&amp;</span> <span class='ocrx_word' id='word_1_1084' title='bbox 1581 3045 1672 3076; x_wconf 91' lang='lat' dir='ltr'>adhuc</span> <span class='ocrx_word' id='word_1_1085' title='bbox 1688 3045 1834 3083; x_wconf 79' lang='lat' dir='ltr'>impeditis.</span> 
     </span>
    </p>

    <p class='ocr_par' dir='ltr' id='par_1_65' title="bbox 1309 3083 2373 3268">
     <span class='ocr_line' id='line_1_158' title="bbox 1350 3083 2373 3123; baseline -0.001 -9"><span class='ocrx_word' id='word_1_1086' title='bbox 1350 3084 1432 3123; x_wconf 84' lang='lat' dir='ltr'>Nos,</span> <span class='ocrx_word' id='word_1_1087' title='bbox 1450 3084 1575 3115; x_wconf 90' lang='lat' dir='ltr'>nolentes</span> <span class='ocrx_word' id='word_1_1088' title='bbox 1587 3084 1662 3122; x_wconf 92' lang='lat' dir='ltr'>quod</span> <span class='ocrx_word' id='word_1_1089' title='bbox 1680 3083 1771 3114; x_wconf 88' lang='lat' dir='ltr'>eidem</span> <span class='ocrx_word' id='word_1_1090' title='bbox 1786 3083 1887 3113; x_wconf 86' lang='lat' dir='ltr'>Abbati</span> <span class='ocrx_word' id='word_1_1091' title='bbox 1902 3084 2042 3122; x_wconf 88' lang='lat' dir='ltr'>injurietur</span> <span class='ocrx_word' id='word_1_1092' title='bbox 2058 3084 2088 3113; x_wconf 92' lang='lat' dir='ltr'>in</span> <span class='ocrx_word' id='word_1_1093' title='bbox 2104 3084 2157 3114; x_wconf 90' lang='lat' dir='ltr'>hac</span> <span class='ocrx_word' id='word_1_1094' title='bbox 2175 3092 2248 3122; x_wconf 84' lang='lat' dir='ltr'>parte</span> <span class='ocrx_word' id='word_1_1095' title='bbox 2259 3106 2270 3122; x_wconf 89' lang='lat'>,</span> <span class='ocrx_word' id='word_1_1096' title='bbox 2290 3084 2373 3114; x_wconf 81' lang='lat' dir='ltr'>vobis</span> 
     </span>
     <span class='ocr_line' id='line_1_159' title="bbox 1311 3120 2371 3161; baseline -0.001 -8"><span class='ocrx_word' id='word_1_1097' title='bbox 1311 3123 1489 3160; x_wconf 86' lang='lat' dir='ltr'>mandamus,</span> <span class='ocrx_word' id='word_1_1098' title='bbox 1503 3122 1582 3161; x_wconf 80' lang='lat' dir='ltr'>quod</span> <span class='ocrx_word' id='word_1_1099' title='bbox 1602 3121 1768 3160; x_wconf 65' lang='lat' dir='ltr'>praedietum</span> <span class='ocrx_word' id='word_1_1100' title='bbox 1785 3121 1925 3152; x_wconf 88' lang='lat' dir='ltr'>Abbatem</span> <span class='ocrx_word' id='word_1_1101' title='bbox 1943 3121 2065 3153; x_wconf 89' lang='lat' dir='ltr'>decimas</span> <span class='ocrx_word' id='word_1_1102' title='bbox 2082 3122 2225 3159; x_wconf 53' lang='lat' dir='ltr'>praedictas</span> <span class='ocrx_word' id='word_1_1103' title='bbox 2238 3123 2267 3152; x_wconf 89' lang='lat' dir='ltr'>in</span> <span class='ocrx_word' id='word_1_1104' title='bbox 2282 3120 2371 3152; x_wconf 87' lang='lat' dir='ltr'>Pareo</span> 
     </span>
     <span class='ocr_line' id='line_1_160' title="bbox 1310 3158 2370 3199; baseline -0.002 -8"><span class='ocrx_word' id='word_1_1105' title='bbox 1310 3161 1448 3199; x_wconf 57' lang='lat' dir='ltr'>praedicto</span> <span class='ocrx_word' id='word_1_1106' title='bbox 1463 3162 1603 3199; x_wconf 88' lang='lat' dir='ltr'>percipere</span> <span class='ocrx_word' id='word_1_1107' title='bbox 1612 3183 1621 3199; x_wconf 89' lang='lat'>,</span> <span class='ocrx_word' id='word_1_1108' title='bbox 1635 3161 1668 3191; x_wconf 93' lang='lat'>&amp;</span> <span class='ocrx_word' id='word_1_1109' title='bbox 1681 3160 1782 3190; x_wconf 83' lang='lat' dir='ltr'>habere</span> <span class='ocrx_word' id='word_1_1110' title='bbox 1798 3161 1976 3198; x_wconf 84' lang='lat' dir='ltr'>permittatis,</span> <span class='ocrx_word' id='word_1_1111' title='bbox 1991 3168 2072 3198; x_wconf 88' lang='lat' dir='ltr'>prout</span> <span class='ocrx_word' id='word_1_1112' title='bbox 2084 3159 2156 3198; x_wconf 87' lang='lat' dir='ltr'>ipse,</span> <span class='ocrx_word' id='word_1_1113' title='bbox 2170 3160 2203 3190; x_wconf 77' lang='grc' dir='ltr'>δε</span> <span class='ocrx_word' id='word_1_1114' title='bbox 2218 3158 2370 3197; x_wconf 88' lang='lat' dir='ltr'>praedeces-</span> 
     </span>
     <span class='ocr_line' id='line_1_161' title="bbox 1309 3198 2370 3268; baseline 0 -39"><span class='ocrx_word' id='word_1_1115' title='bbox 1309 3199 1384 3268; x_wconf 47' lang='lat' dir='ltr'>sorress</span> <span class='ocrx_word' id='word_1_1116' title='bbox 1398 3199 1436 3230; x_wconf 90' lang='lat' dir='ltr'>sui</span> <span class='ocrx_word' id='word_1_1117' title='bbox 1460 3199 1605 3238; x_wconf 70' lang='lat' dir='ltr'>praediffl,</span> <span class='ocrx_word' id='word_1_1118' title='bbox 1621 3209 1664 3229; x_wconf 74' lang='lat' dir='ltr'>eas</span> <span class='ocrx_word' id='word_1_1119' title='bbox 1681 3199 1850 3236; x_wconf 85' lang='lat' dir='ltr'>temporibus</span> <span class='ocrx_word' id='word_1_1120' title='bbox 1867 3199 2006 3230; x_wconf 67' lang='lat' dir='ltr'>retroactis</span> <span class='ocrx_word' id='word_1_1121' title='bbox 2024 3199 2165 3237; x_wconf 87' lang='lat' dir='ltr'>percipere</span> <span class='ocrx_word' id='word_1_1122' title='bbox 2178 3221 2189 3237; x_wconf 66' lang='lat'>2</span> <span class='ocrx_word' id='word_1_1123' title='bbox 2213 3199 2246 3230; x_wconf 88' lang='lat'>&amp;</span> <span class='ocrx_word' id='word_1_1124' title='bbox 2269 3198 2370 3229; x_wconf 85' lang='lat' dir='ltr'>habere</span> 
     </span>
     <span class='ocr_line' id='line_1_162' title="bbox 1310 3246 1517 3268; baseline 0 0"><span class='ocrx_word' id='word_1_1125' title='bbox 1310 3248 1347 3268; x_wconf 91' lang='lat' dir='ltr'>co</span> <span class='ocrx_word' id='word_1_1126' title='bbox 1378 3246 1517 3268; x_wconf 73' lang='lat' dir='ltr'>neverunt.</span> 
     </span>
    </p>
   </div>
   <div class='ocr_carea' id='block_1_34' title="bbox 2007 2545 2478 2584">
    <p class='ocr_par' dir='ltr' id='par_1_66' title="bbox 2007 2545 2478 2584">
     <span class='ocr_line' id='line_1_163' title="bbox 2007 2545 2478 2584; baseline 0 -8"><span class='ocrx_word' id='word_1_1127' title='bbox 2007 2545 2042 2576; x_wconf 91' lang='lat' dir='ltr'>de</span> <span class='ocrx_word' id='word_1_1128' title='bbox 2061 2545 2224 2576; x_wconf 89' lang='lat' dir='ltr'>Alemannia</span> <span class='ocrx_word' id='word_1_1129' title='bbox 2239 2568 2248 2583; x_wconf 85' lang='lat'>‚</span> <span class='ocrx_word' id='word_1_1130' title='bbox 2275 2545 2382 2576; x_wconf 87' lang='lat' dir='ltr'>dudum</span> <span class='ocrx_word' id='word_1_1131' title='bbox 2400 2558 2437 2576; x_wconf 86' lang='lat' dir='ltr'>m.</span> <span class='ocrx_word' id='word_1_1132' title='bbox 2450 2558 2478 2584; x_wconf 86' lang='lat'>9.</span> 
     </span>
    </p>
   </div>
   <div class='ocr_carea' id='block_1_35' title="bbox 1345 3311 2238 3429">
    <p class='ocr_par' dir='ltr' id='par_1_67' title="bbox 1345 3311 2238 3429">
     <span class='ocr_line' id='line_1_164' title="bbox 1345 3311 2004 3352; baseline 0 -8"><span class='ocrx_word' id='word_1_1133' title='bbox 1345 3313 1432 3345; x_wconf 88' lang='lat' dir='ltr'>Teste</span> <span class='ocrx_word' id='word_1_1134' title='bbox 1446 3313 1531 3352; x_wconf 86' lang='lat' dir='ltr'>Rege</span> <span class='ocrx_word' id='word_1_1135' title='bbox 1546 3313 1618 3351; x_wconf 88' lang='lat' dir='ltr'>apud</span> <span class='ocrx_word' id='word_1_1136' title='bbox 1640 3311 1769 3344; x_wconf 85' lang='lat' dir='ltr'>Cantuar.</span> <span class='ocrx_word' id='word_1_1137' title='bbox 1786 3313 1861 3345; x_wconf 86' lang='lat' dir='ltr'>sexto</span> <span class='ocrx_word' id='word_1_1138' title='bbox 1874 3314 1919 3344; x_wconf 89' lang='lat' dir='ltr'>die</span> <span class='ocrx_word' id='word_1_1139' title='bbox 1928 3313 2004 3352; x_wconf 89' lang='lat' dir='ltr'>Julii.</span> 
     </span>
     <span class='ocr_line' id='line_1_165' title="bbox 1807 3385 2238 3429; baseline -0.002 -8"><span class='ocrx_word' id='word_1_1140' title='bbox 1807 3389 1858 3421; x_wconf 90' lang='lat' dir='ltr'>Per</span> <span class='ocrx_word' id='word_1_1141' title='bbox 1875 3391 2040 3429; x_wconf 87' lang='lat' dir='ltr'>petitionem</span> <span class='ocrx_word' id='word_1_1142' title='bbox 2052 3390 2088 3421; x_wconf 92' lang='lat' dir='ltr'>de</span> <span class='ocrx_word' id='word_1_1143' title='bbox 2103 3385 2238 3421; x_wconf 83' lang='lat' dir='ltr'>Consilio.</span> 
     </span>
    </p>
   </div>
   <div class='ocr_carea' id='block_1_36' title="bbox 1306 3525 2364 3577">
    <p class='ocr_par' dir='ltr' id='par_1_68' title="bbox 1306 3525 2364 3577">
     <span class='ocr_line' id='line_1_166' title="bbox 1306 3525 2364 3577; baseline -0.003 -15"><span class='ocrx_word' id='word_1_1144' title='bbox 1306 3531 1356 3562; x_wconf 83' lang='lat' dir='ltr'>Dc</span> <span class='ocrx_word' id='word_1_1145' title='bbox 1379 3526 1581 3576; x_wconf 80' lang='lat' dir='ltr'>Receptoribus</span> <span class='ocrx_word' id='word_1_1146' title='bbox 1602 3531 1783 3563; x_wconf 82' lang='lat' dir='ltr'>Petitionum</span> <span class='ocrx_word' id='word_1_1147' title='bbox 1819 3533 1850 3562; x_wconf 85' lang='lat' dir='ltr'>in</span> <span class='ocrx_word' id='word_1_1148' title='bbox 1871 3533 2011 3577; x_wconf 85' lang='lat' dir='ltr'>proximo</span> <span class='ocrx_word' id='word_1_1149' title='bbox 2040 3529 2242 3563; x_wconf 83' lang='lat' dir='ltr'>Parliamento</span> <span class='ocrx_word' id='word_1_1150' title='bbox 2261 3525 2364 3571; x_wconf 66' lang='lat' dir='ltr'>conshl-</span> 
     </span>
    </p>
   </div>
   <div class='ocr_carea' id='block_1_37' title="bbox 1303 3588 2506 3751">
    <p class='ocr_par' dir='ltr' id='par_1_69' title="bbox 1303 3588 2506 3751">
     <span class='ocr_line' id='line_1_167' title="bbox 1797 3588 1880 3613; baseline 0.024 -3"><span class='ocrx_word' id='word_1_1151' title='bbox 1797 3588 1880 3613; x_wconf 68' lang='lat' dir='ltr'><em>tull!-</em></span> 
     </span>
     <span class='ocr_line' id='line_1_168' title="bbox 1303 3661 2506 3720; baseline 0.002 -28"><span class='ocrx_word' id='word_1_1152' title='bbox 1303 3661 1430 3720; x_wconf 85' lang='lat' dir='ltr'>REX</span> <span class='ocrx_word' id='word_1_1153' title='bbox 1452 3662 1558 3707; x_wconf 64' lang='grc' dir='ltr'>ᾀῦεᾶρ</span> <span class='ocrx_word' id='word_1_1154' title='bbox 1579 3663 1618 3708; x_wconf 37' lang='lat'>&amp;·</span> <span class='ocrx_word' id='word_1_1155' title='bbox 1634 3662 1706 3694; x_wconf 87' lang='lat' dir='ltr'>fideli</span> <span class='ocrx_word' id='word_1_1156' title='bbox 1725 3664 1789 3702; x_wconf 83' lang='lat' dir='ltr'>suo,</span> <span class='ocrx_word' id='word_1_1157' title='bbox 1805 3663 1938 3694; x_wconf 89' lang='lat' dir='ltr'>Gilberto</span> <span class='ocrx_word' id='word_1_1158' title='bbox 1952 3662 1988 3707; x_wconf 82' lang='lat' dir='ltr'>de</span> <span class='ocrx_word' id='word_1_1159' title='bbox 2003 3663 2118 3707; x_wconf 52' lang='lat' dir='ltr'>Robur:</span> <span class='ocrx_word' id='word_1_1160' title='bbox 2129 3661 2250 3706; x_wconf 43' lang='lat' dir='ltr'>salutern..</span> <span class='ocrx_word' id='word_1_1161' title='bbox 2375 3670 2450 3703; x_wconf 45' lang='lat' dir='ltr'><strong>Ann-</strong></span> <span class='ocrx_word' id='word_1_1162' title='bbox 2467 3672 2506 3705; x_wconf 43' lang='lat' dir='ltr'>D.</span> 
     </span>
     <span class='ocr_line' id='line_1_169' title="bbox 1397 3696 2477 3751; baseline 0 -21"><span class='ocrx_word' id='word_1_1163' title='bbox 1397 3701 1473 3740; x_wconf 78' lang='lat' dir='ltr'>Qua</span> <span class='ocrx_word' id='word_1_1164' title='bbox 1494 3700 1681 3732; x_wconf 84' lang='lat' dir='ltr'>ordmaV1rnus</span> <span class='ocrx_word' id='word_1_1165' title='bbox 1700 3703 1777 3740; x_wconf 92' lang='lat' dir='ltr'>quod</span> <span class='ocrx_word' id='word_1_1166' title='bbox 1798 3712 1865 3740; x_wconf 86' lang='lat' dir='ltr'>vos,</span> <span class='ocrx_word' id='word_1_1167' title='bbox 1882 3703 1915 3733; x_wconf 90' lang='lat'>&amp;</span> <span class='ocrx_word' id='word_1_1168' title='bbox 1932 3701 2026 3732; x_wconf 71' lang='lat' dir='ltr'>dilecti</span> <span class='ocrx_word' id='word_1_1169' title='bbox 2043 3700 2148 3732; x_wconf 80' lang='lat' dir='ltr'>Clerici</span> <span class='ocrx_word' id='word_1_1170' title='bbox 2165 3699 2268 3736; x_wconf 86' lang='lat' dir='ltr'>nostri,</span> <span class='ocrx_word' id='word_1_1171' title='bbox 2288 3696 2356 3728; x_wconf 87' lang='lat' dir='ltr'>Ma·</span> <span class='ocrx_word' id='word_1_1172' title='bbox 2395 3721 2477 3751; x_wconf 46' lang='lat'><em>1305-</em></span> 
     </span>
    </p>
   </div>
   <div class='ocr_carea' id='block_1_38' title="bbox 2373 3753 2480 3788">
    <p class='ocr_par' dir='ltr' id='par_1_70' title="bbox 2373 3753 2480 3788">
     <span class='ocr_line' id='line_1_170' title="bbox 2373 3753 2480 3788; baseline 0.009 -12"><span class='ocrx_word' id='word_1_1173' title='bbox 2373 3753 2480 3788; x_wconf 81' lang='lat' dir='ltr'>An.33.</span> 
     </span>
    </p>
   </div>
   <div class='ocr_carea' id='block_1_39' title="bbox 1362 3811 2497 3903">
    <p class='ocr_par' dir='ltr' id='par_1_71' title="bbox 1362 3811 2497 3903">
     <span class='ocr_line' id='line_1_171' title="bbox 1362 3811 2476 3859; baseline 0.006 -15"><span class='ocrx_word' id='word_1_1174' title='bbox 1362 3814 1522 3845; x_wconf 87' lang='lat' dir='ltr'>arliamento</span> <span class='ocrx_word' id='word_1_1175' title='bbox 1542 3815 1655 3854; x_wconf 87' lang='lat' dir='ltr'>nostro,</span> <span class='ocrx_word' id='word_1_1176' title='bbox 1669 3817 1746 3855; x_wconf 90' lang='lat' dir='ltr'>quod</span> <span class='ocrx_word' id='word_1_1177' title='bbox 1762 3818 1820 3846; x_wconf 87' lang='lat' dir='ltr'>inei</span> <span class='ocrx_word' id='word_1_1178' title='bbox 1841 3825 1892 3854; x_wconf 87' lang='lat' dir='ltr'>iet,</span> <span class='ocrx_word' id='word_1_1179' title='bbox 1906 3815 1978 3853; x_wconf 87' lang='lat' dir='ltr'>apud</span> <span class='ocrx_word' id='word_1_1180' title='bbox 1998 3811 2301 3859; x_wconf 61' lang='lat' dir='ltr'>Weſtrnpnasteriumy</span> <span class='ocrx_word' id='word_1_1181' title='bbox 2324 3823 2354 3843; x_wconf 84' lang='lat'>11¹</span> <span class='ocrx_word' id='word_1_1182' title='bbox 2369 3830 2425 3853; x_wconf 81' lang='lat' dir='ltr'>Rot.</span> <span class='ocrx_word' id='word_1_1183' title='bbox 2435 3827 2476 3856; x_wconf 84' lang='lat' dir='ltr'>cl,</span> 
     </span>
     <span class='ocr_line' id='line_1_172' title="bbox 1840 3855 2497 3903; baseline 0 -21"><span class='ocrx_word' id='word_1_1184' title='bbox 1840 3855 1953 3892; x_wconf 82' lang='lat' dir='ltr'>irginis,</span> <span class='ocrx_word' id='word_1_1185' title='bbox 1966 3861 2098 3891; x_wconf 81' lang='lat' dir='ltr'>proximo</span> <span class='ocrx_word' id='word_1_1186' title='bbox 2107 3860 2165 3889; x_wconf 87' lang='lat' dir='ltr'>Jam</span> <span class='ocrx_word' id='word_1_1187' title='bbox 2179 3858 2314 3881; x_wconf 87' lang='lat' dir='ltr'>venturis:</span> <span class='ocrx_word' id='word_1_1188' title='bbox 2369 3871 2417 3903; x_wconf 83' lang='lat'>3²·</span> <span class='ocrx_word' id='word_1_1189' title='bbox 2430 3869 2459 3892; x_wconf 77' lang='lat' dir='ltr'>E.</span> <span class='ocrx_word' id='word_1_1190' title='bbox 2471 3868 2497 3893; x_wconf 52' lang='lat'>¹·-</span> 
     </span>
    </p>
   </div>
   <div class='ocr_carea' id='block_1_40' title="bbox 1336 3888 2480 3933">
    <p class='ocr_par' dir='ltr' id='par_1_72' title="bbox 1336 3888 2480 3933">
     <span class='ocr_line' id='line_1_173' title="bbox 1336 3888 2480 3933; baseline 0.011 -13"><span class='ocrx_word' id='word_1_1191' title='bbox 1336 3890 1427 3920; x_wconf 86' lang='lat' dir='ltr'>Vobis</span> <span class='ocrx_word' id='word_1_1192' title='bbox 1444 3890 1623 3930; x_wconf 85' lang='lat' dir='ltr'>mandamus,</span> <span class='ocrx_word' id='word_1_1193' title='bbox 1636 3892 1750 3923; x_wconf 78' lang='lat' dir='ltr'>firmiter</span> <span class='ocrx_word' id='word_1_1194' title='bbox 1766 3893 1956 3930; x_wconf 71' lang='lat' dir='ltr'>injungentes,</span> <span class='ocrx_word' id='word_1_1195' title='bbox 1969 3888 2199 3928; x_wconf 60' lang='lat' dir='ltr'>qffldsomnibus</span> <span class='ocrx_word' id='word_1_1196' title='bbox 2210 3888 2266 3919; x_wconf 86' lang='lat' dir='ltr'>aliis</span> <span class='ocrx_word' id='word_1_1197' title='bbox 2281 3899 2353 3926; x_wconf 84' lang='lat' dir='ltr'>prae-</span> <span class='ocrx_word' id='word_1_1198' title='bbox 2369 3914 2406 3933; x_wconf 87' lang='lat' dir='ltr'>m.</span> <span class='ocrx_word' id='word_1_1199' title='bbox 2417 3904 2445 3932; x_wconf 91' lang='lat'>8.</span> <span class='ocrx_word' id='word_1_1200' title='bbox 2454 3903 2480 3932; x_wconf 85' lang='lat' dir='ltr'>d.</span> 
     </span>
    </p>
   </div>
   <div class='ocr_carea' id='block_1_41' title="bbox 202 3913 2409 3971">
    <p class='ocr_par' dir='ltr' id='par_1_73' title="bbox 202 3913 2409 3971">
     <span class='ocr_line' id='line_1_174' title="bbox 202 3913 2409 3971; baseline 0.007 -28"><span class='ocrx_word' id='word_1_1201' title='bbox 202 3913 277 3945; x_wconf 89' lang='lat' dir='ltr'>sione</span> <span class='ocrx_word' id='word_1_1202' title='bbox 298 3925 488 3957; x_wconf 83' lang='lat' dir='ltr'>quacumque,</span> <span class='ocrx_word' id='word_1_1203' title='bbox 502 3931 589 3959; x_wconf 88' lang='lat' dir='ltr'>nuper</span> <span class='ocrx_word' id='word_1_1204' title='bbox 609 3924 725 3961; x_wconf 86' lang='lat' dir='ltr'>exortis)</span> <span class='ocrx_word' id='word_1_1205' title='bbox 745 3924 793 3954; x_wconf 89' lang='lat' dir='ltr'>sub</span> <span class='ocrx_word' id='word_1_1206' title='bbox 810 3926 890 3954; x_wconf 78' lang='lat' dir='ltr'>certis</span> <span class='ocrx_word' id='word_1_1207' title='bbox 906 3925 1004 3956; x_wconf 89' lang='lat' dir='ltr'>formis</span> <span class='ocrx_word' id='word_1_1208' title='bbox 1026 3928 1060 3958; x_wconf 91' lang='lat'>&amp;</span> <span class='ocrx_word' id='word_1_1209' title='bbox 1080 3926 1171 3956; x_wconf 90' lang='lat' dir='ltr'>modis</span> <span class='ocrx_word' id='word_1_1210' title='bbox 1183 3947 1194 3963; x_wconf 84' lang='lat'>,</span> <span class='ocrx_word' id='word_1_1211' title='bbox 1223 3933 1256 3956; x_wconf 89' lang='lat' dir='ltr'>ex</span> <span class='ocrx_word' id='word_1_1212' title='bbox 1297 3928 1440 3966; x_wconf 71' lang='lat' dir='ltr'>terminis,</span> <span class='ocrx_word' id='word_1_1213' title='bbox 1457 3929 1590 3960; x_wconf 88' lang='lat' dir='ltr'>London.</span> <span class='ocrx_word' id='word_1_1214' title='bbox 1607 3941 1675 3961; x_wconf 91' lang='lat' dir='ltr'>cum</span> <span class='ocrx_word' id='word_1_1215' title='bbox 1693 3932 1777 3961; x_wconf 91' lang='lat' dir='ltr'>omni</span> <span class='ocrx_word' id='word_1_1216' title='bbox 1793 3930 1947 3966; x_wconf 89' lang='lat' dir='ltr'>celeritate,</span> <span class='ocrx_word' id='word_1_1217' title='bbox 1960 3939 2012 3966; x_wconf 85' lang='lat' dir='ltr'>qua</span> <span class='ocrx_word' id='word_1_1218' title='bbox 2026 3927 2164 3970; x_wconf 67' lang='lat' dir='ltr'>poteritiS,</span> <span class='ocrx_word' id='word_1_1219' title='bbox 2178 3926 2352 3971; x_wconf 76' lang='lat' dir='ltr'>personaliter</span> <span class='ocrx_word' id='word_1_1220' title='bbox 2407 3936 2409 3938; x_wconf 77' lang='grc'><strong>’</strong></span> 
     </span>
    </p>
   </div>
   <div class='ocr_carea' id='block_1_42' title="bbox 200 3992 1252 4069">
    <p class='ocr_par' dir='ltr' id='par_1_74' title="bbox 200 3992 1252 4069">
     <span class='ocr_line' id='line_1_175' title="bbox 200 3992 1252 4041; baseline 0.014 -19"><span class='ocrx_word' id='word_1_1221' title='bbox 200 3992 231 4022; x_wconf 85' lang='lat' dir='ltr'>in</span> <span class='ocrx_word' id='word_1_1222' title='bbox 247 3993 480 4028; x_wconf 84' lang='lat' dir='ltr'>pronunciationis</span> <span class='ocrx_word' id='word_1_1223' title='bbox 498 3995 551 4028; x_wconf 82' lang='lat' dir='ltr'>suae</span> <span class='ocrx_word' id='word_1_1224' title='bbox 566 3998 631 4030; x_wconf 90' lang='lat' dir='ltr'>serie</span> <span class='ocrx_word' id='word_1_1225' title='bbox 643 4001 817 4033; x_wconf 84' lang='lat' dir='ltr'>continentur</span> <span class='ocrx_word' id='word_1_1226' title='bbox 829 4025 840 4040; x_wconf 86' lang='lat'>,</span> <span class='ocrx_word' id='word_1_1227' title='bbox 863 4010 898 4032; x_wconf 83' lang='lat' dir='ltr'>ex</span> <span class='ocrx_word' id='word_1_1228' title='bbox 916 4003 1016 4034; x_wconf 87' lang='lat' dir='ltr'>virtute</span> <span class='ocrx_word' id='word_1_1229' title='bbox 1036 4002 1107 4035; x_wconf 62' lang='lat' dir='ltr'>dieti</span> <span class='ocrx_word' id='word_1_1230' title='bbox 1121 4011 1252 4041; x_wconf 75' lang='lat' dir='ltr'>compro·</span> 
     </span>
     <span class='ocr_line' id='line_1_176' title="bbox 216 4053 241 4069; baseline 0 0"><span class='ocrx_word' id='word_1_1231' title='bbox 216 4053 241 4069; x_wconf 52' lang='lat' dir='ltr'>K</span> 
     </span>
    </p>
   </div>
   <div class='ocr_carea' id='block_1_43' title="bbox 52 3953 2352 4043">
    <p class='ocr_par' dir='ltr' id='par_1_75' title="bbox 52 3953 2352 4043">
     <span class='ocr_line' id='line_1_177' title="bbox 52 3953 2352 4007; baseline 0.011 -28"><span class='ocrx_word' id='word_1_1232' title='bbox 52 3955 76 3984; x_wconf 84' lang='lat' dir='ltr'>p.</span> <span class='ocrx_word' id='word_1_1233' title='bbox 95 3956 119 3976; x_wconf 83' lang='lat'>2-</span> <span class='ocrx_word' id='word_1_1234' title='bbox 135 3958 172 3976; x_wconf 84' lang='lat' dir='ltr'>m·</span> <span class='ocrx_word' id='word_1_1235' title='bbox 201 3961 278 3988; x_wconf 83' lang='lat' dir='ltr'>parte</span> <span class='ocrx_word' id='word_1_1236' title='bbox 292 3953 382 3984; x_wconf 89' lang='lat' dir='ltr'>nostra</span> <span class='ocrx_word' id='word_1_1237' title='bbox 395 3956 427 3985; x_wconf 70' lang='grc' dir='ltr'>ὃ(</span> <span class='ocrx_word' id='word_1_1238' title='bbox 441 3958 520 3994; x_wconf 84' lang='lat' dir='ltr'>iplius</span> <span class='ocrx_word' id='word_1_1239' title='bbox 533 3959 621 3997; x_wconf 87' lang='lat' dir='ltr'>Regis</span> <span class='ocrx_word' id='word_1_1240' title='bbox 636 3962 721 3992; x_wconf 90' lang='lat' dir='ltr'>fuerat</span> <span class='ocrx_word' id='word_1_1241' title='bbox 734 3964 964 4000; x_wconf 88' lang='lat' dir='ltr'>compromiflum</span> <span class='ocrx_word' id='word_1_1242' title='bbox 973 3966 1055 4002; x_wconf 69' lang='lat' dir='ltr'>,inter</span> <span class='ocrx_word' id='word_1_1243' title='bbox 1070 3972 1256 4001; x_wconf 84' lang='lat' dir='ltr'>caetera‚quae</span> <span class='ocrx_word' id='word_1_1244' title='bbox 1296 3966 1449 4004; x_wconf 78' lang='lat' dir='ltr'>accedatis,</span> <span class='ocrx_word' id='word_1_1245' title='bbox 1463 3967 1497 3997; x_wconf 92' lang='lat'>&amp;</span> <span class='ocrx_word' id='word_1_1246' title='bbox 1511 3969 1655 4005; x_wconf 66' lang='lat' dir='ltr'>petitiones</span> <span class='ocrx_word' id='word_1_1247' title='bbox 1669 3968 1904 4007; x_wconf 66' lang='lat' dir='ltr'>hujufinodi,nn”a</span> <span class='ocrx_word' id='word_1_1248' title='bbox 1919 3976 1985 3997; x_wconf 88' lang='lat' dir='ltr'>cum</span> <span class='ocrx_word' id='word_1_1249' title='bbox 2000 3963 2118 3994; x_wconf 68' lang='lat' dir='ltr'>Clenffls</span> <span class='ocrx_word' id='word_1_1250' title='bbox 2136 3964 2236 3995; x_wconf 68' lang='lat' dir='ltr'>nostris</span> <span class='ocrx_word' id='word_1_1251' title='bbox 2250 3964 2352 4003; x_wconf 74' lang='lat' dir='ltr'>Pfaedl·</span> 
     </span>
     <span class='ocr_line' id='line_1_178' title="bbox 1297 4001 2352 4043; baseline -0.002 -7"><span class='ocrx_word' id='word_1_1252' title='bbox 1297 4004 1367 4043; x_wconf 68' lang='lat' dir='ltr'>ctis,</span> <span class='ocrx_word' id='word_1_1253' title='bbox 1381 4005 1516 4043; x_wconf 83' lang='lat' dir='ltr'>recipiatis</span> <span class='ocrx_word' id='word_1_1254' title='bbox 1537 4006 1643 4038; x_wconf 82' lang='lat' dir='ltr'>ibidem</span> <span class='ocrx_word' id='word_1_1255' title='bbox 1663 4016 1772 4039; x_wconf 82' lang='lat' dir='ltr'>exnunc</span> <span class='ocrx_word' id='word_1_1256' title='bbox 1793 4006 1830 4038; x_wconf 85' lang='lat' dir='ltr'>de</span> <span class='ocrx_word' id='word_1_1257' title='bbox 1844 4005 1890 4036; x_wconf 85' lang='lat' dir='ltr'>die</span> <span class='ocrx_word' id='word_1_1258' title='bbox 1904 4005 1935 4035; x_wconf 90' lang='lat' dir='ltr'>in</span> <span class='ocrx_word' id='word_1_1259' title='bbox 1949 4003 2024 4035; x_wconf 78' lang='lat' dir='ltr'>diem</span> <span class='ocrx_word' id='word_1_1260' title='bbox 2035 4024 2047 4041; x_wconf 88' lang='lat'>,</span> <span class='ocrx_word' id='word_1_1261' title='bbox 2074 4001 2158 4041; x_wconf 86' lang='lat' dir='ltr'>usque</span> <span class='ocrx_word' id='word_1_1262' title='bbox 2177 4003 2212 4035; x_wconf 88' lang='lat' dir='ltr'>ad</span> <span class='ocrx_word' id='word_1_1263' title='bbox 2238 4004 2352 4035; x_wconf 87' lang='lat' dir='ltr'>tertium</span> 
     </span>
    </p>
   </div>
   <div class='ocr_carea' id='block_1_44' title="bbox 2279 4040 2356 4073">
    <p class='ocr_par' dir='ltr' id='par_1_76' title="bbox 2279 4040 2356 4073">
     <span class='ocr_line' id='line_1_179' title="bbox 2279 4040 2356 4073; baseline 0.013 -1"><span class='ocrx_word' id='word_1_1264' title='bbox 2279 4040 2356 4073; x_wconf 87' lang='lat' dir='ltr'>diem</span> 
     </span>
    </p>
   </div>
  </div>
 </body>
</html>
