2570 4261
0 290 4 296 .
16 263 57 296 D.

0 306 39 342 39.

18 352 42 372 1·

5 1429 76 1457 -4¹¹·

633 170 744 214 ET
829 173 1097 214 ACTA

72 262 156 302 pharii
176 261 212 292 de
233 260 328 292 Podio
346 259 464 292 Notarii
486 258 592 298 publici
612 257 827 297 Barchinoniae,
847 260 878 289 in
892 260 1034 297 praesentia
1050 260 1134 290 etiarn

73 301 187 333 testium
202 300 437 338 subscriptorum,

108 377 291 409 Venerabiles
306 377 339 408 &
353 375 462 406 discreti
477 375 556 413 Viri,

113 456 212 484 Petrus
226 453 257 483 de
271 455 386 490 Cigiario
402 459 498 481 tenens
511 451 540 479 in
554 450 695 480 Vicariain
712 449 813 480 Barth.
832 450 932 481 locum
954 450 1055 481 nobilis
1076 451 1135 478 Gu-

75 491 160 523 lielmi
182 493 213 521 de
233 489 363 521 Cardeliis
376 490 483 520 Vicarii
495 488 599 518 Barch.
616 486 654 523 ὠ
669 488 805 528 Ausoniiae
819 499 871 527 pro
886 488 986 520 Illustri
1000 489 1134 519 Domino

77 531 163 571 Rege
174 533 303 567 Aragon.
321 526 360 563 ὠ·

78 605 201 646 Jacobus
215 606 329 641 Grnuny
338 627 347 642 ,
628 602 784 642 Radulphus
801 602 929 633 Marchti
936 627 946 642 ‚

78 648 178 675 Petrus
192 643 224 673 de
237 644 336 672 Sanelo
348 640 496 680 Clemente,
628 644 808 679 Berengarius
821 642 953 682 Mayolli‚

80 681 185 713 Barth.
205 683 313 719 Romei,
332 679 370 715 όν
628 680 751 718 Jacobus
766 682 792 708 E
789 685 893 720 ymeria

80 719 251 752 Guillielmus
271 720 301 749 a'e
323 723 422 756 Serra,
440 715 590 757 Confiliarii
629 721 726 748 Petrus
742 720 773 748 de
789 704 981 758 Μίναυιίείίο,

138 759 255 790 raediaelae
270 760 403 787 Civitatis
416 756 519 785 Barth.
630 759 781 795 Longarius
796 758 828 787 de
843 757 974 797 Fenqstrir
984 777 994 794 ‚

81 799 111 828 T
125 808 197 828 omas
213 799 344 836 Grnuny,

119 872 243 913 Jacobus
263 872 295 901 de
316 874 462 910 Carrione,
480 870 567 901 Cives
583 871 727 909 praediCtae
740 871 869 903 Civitatis
884 872 982 902 Barch.
1002 868 1035 899 &
1048 866 1142 897 caeteri

82 913 168 951 probi
189 911 320 942 homines
346 911 378 940 &
393 919 454 941 tota
466 910 642 940 Univcrlitas
654 910 797 948 praedictae
812 911 940 941 Civitatis
955 907 1054 941 Barch-
1072 915 1143 935 con-

118 950 190 990 egati
208 951 242 981 &
262 957 431 987 congregata
451 959 500 986 per
520 958 703 987 prreconcm,
721 958 804 985 prout
824 951 911 980 moris
932 949 988 986 est,
1010 946 1039 974 in
1059 943 1144 986 gfadu

82 960 183 1021 {rami
204 987 317 1027 Regalis
338 987 460 1025 ejusdem
479 986 629 1025 Civitatis,
647 987 696 1017 ubi
719 987 891 1018 Univeriitas
913 987 958 1017 seu
980 983 1141 1025 Conhllun)

85 1026 215 1065 generale
234 1025 364 1056 consueta
383 1026 428 1056 sea
442 1025 607 1057 consuetum
622 1025 663 1056 est
681 1028 858 1066 congregari,
877 1027 1029 1066 fecerunt„
1040 1020 1147 1050 consti-

86 1074 200 1097 tuerunt
214 1066 247 1096 &
261 1064 460 1095 ordinaverunt
471 1065 638 1094 unanimiter
650 1066 683 1096 ὃς
697 1065 878 1096 concordirer
892 1060 1086 1096 Venerabiles,
1095 1059 1147 1089 Be-

88 1115 102 1135 r
159 1105 248 1134 arium
260 1103 296 1134 de
312 1102 406 1133 Riaria
415 1128 424 1141 ,
442 1102 646 1140 Randulphum
661 1103 800 1142 Andreae,
814 1103 970 1134 Arnaldum
983 1101 1019 1132 de
1033 1098 1149 1130 Sei-iano

86 1144 122 1174 &
158 1150 313 1173 onanatum
326 1141 487 1179 Lobatoni,
506 1140 651 1172 Concives
666 1142 727 1171 suos
743 1141 943 1172 Procuratores
958 1142 991 1172 &
1011 1139 1150 1178 Syndicos

88 1181 234 1250 stpecialesb,
251 1179 311 1215 &a
331 1183 415 1210 Prout
426 1184 454 1210 in
463 1183 646 1219 procuratorio
662 1184 794 1209 Civitatis
808 1184 836 1210 V
839 1180 893 1210 illae
917 1178 1048 1209 Franchae
1070 1177 1149 1218 usque

110 1231 146 1250 (ει
161 1230 213 1250 ver
233 1231 267 1257 a,
284 1230 345 1248 viz.

129 1259 162 1289 In
185 1268 309 1296 quorum
330 1258 462 1287 omniurn
483 1255 676 1286 testimonium
700 1256 805 1294 proefiiti
824 1256 923 1286 Petrus
942 1255 978 1286 de
1000 1255 1039 1285 Ci
1059 1255 1125 1284 iario
1145 1277 1155 1292 ,

92 1296 274 1335 Consiliarii,
307 1296 390 1333 probi
408 1295 561 1332 homines,
597 1295 630 1324 &
656 1293 831 1324 Univeriiras
861 1294 1005 1332 praedic‘tae
1053 1293 1153 1323 ivitatis

93 1335 192 1367 Barch.
211 1337 245 1367 ὃς
265 1335 381 1372 quilibet
394 1342 495 1363 eorum
512 1332 714 1362 mandaverunt
735 1332 771 1362 de
790 1332 949 1371 praeiniffis,
967 1333 1100 1362 omnibus
1120 1332 1154 1362 &

93 1375 221 1413 singulis,
248 1383 297 1413 per
318 1381 367 1402 me
388 1371 562 1409 Stephanum
583 1370 619 1400 de
636 1370 744 1408 podio,
770 1371 928 1401 Notarium
949 1370 1155 1408 supradictum,

104 1415 213 1443 *raesens
229 1411 287 1441 fieri
299 1421 336 1448 pu
358 1411 444 1440 licum
459 1409 697 1447 Instrumentuin3
716 1410 762 1440 cui
775 1408 794 1428 *Ε
811 1409 1004 1440 Instrumento
1024 1409 1156 1446 praedicta

94 1423 268 1482 fJniversitas
282 1420 410 1488 Sigillum
424 1449 504 1478 suum
519 1448 587 1478 fecit
599 1449 711 1485 apponi.

133 1489 206 1519 Acta
219 1489 281 1519 sunt
293 1488 355 1518 haec
372 1488 400 1517 in
413 1486 512 1517 Gradu
529 1486 625 1517 Palatii
639 1485 752 1527 Regalis
767 1485 978 1525 Barchinoniae,
996 1485 1042 1516 die
1056 1486 1089 1516 &
1108 1495 1158 1515 an-

95 1539 136 1559 no
150 1529 179 1558 in
194 1528 284 1565 prima
297 1526 370 1556 linea
384 1525 568 1563 suprascriptis
577 1549 586 1564 ,

132 1603 335 1642 Praesentibus,
355 1603 388 1635 &
403 1612 456 1641 pro
467 1601 582 1632 testibus
593 1600 738 1639 assumptis
749 1600 962 1632 Venerabilibus
977 1600 1069 1641 Viris,

133 1680 287 1712 Guillielmo
305 1681 336 1710 de
353 1678 461 1719 Rocha,

133 1718 286 1750 Guillielmo
302 1720 333 1749 cle
345 1716 447 1757 Spiellis
455 1741 464 1756 ‚

132 1757 304 1789 Bartholom.
323 1758 354 1787 de
369 1755 448 1788 Villa
461 1760 571 1786 Franca
583 1756 616 1786 de
629 1759 716 1786 Domo
730 1754 842 1796 illustris
854 1758 966 1786 Domini
980 1757 1059 1794 Regis
1078 1760 1163 1787 Ara-

190 1808 230 1826 071.

136 1808 285 1864 Gugillielmi
299 1836 326 1863 E
323 1837 432 1875 ymerici
440 1856 449 1872 2

137 1875 280 1905 Bernardo
294 1874 326 1903 de
339 1877 501 1910 fllmreone,

136 1915 220 1943 Petro
233 1914 265 1942 de
279 1911 421 1949 Medaba,

137 1951 295 1981 Bertrando
308 1951 340 1980 de
354 1954 441 1988 Sena,
464 1946 502 1983 ὠ·

138 1993 285 2020 Bonanaco
299 1990 331 2019 de
345 1991 447 2026 Pecra,
465 1986 648 2027 Jurisperitis.

140 2067 259 2106 Signum
279 2067 336 2096 mei
354 2066 486 2103 Stephani
503 2065 539 2095 de
556 2063 669 2102 Podio‘,
686 2062 803 2094 Notarii
818 2060 927 2103 Puplici
946 2061 1116 2095 Barchinon.
1132 2065 1167 2096 δε

56 2126 58 2129 v
102 2105 338 2136 Consiliariorum
357 2104 478 2142 ejusdem
497 2102 624 2134 Civitatis
637 2125 646 2141 ,
680 2104 727 2140 qui
749 2101 887 2140 praedietis
907 2103 1043 2140 interfui,
1077 2104 1110 2134 &
1132 2103 1167 2133 de

0 2548 43 2568 nn.
55 2537 94 2567 D.

5 2578 71 2615 289.

0 2628 19 2644 z.
38 2626 78 2651 17.

0 2741 36 2758 ¹0.
55 2731 79 2758 b.

0 2779 43 2797 'nes
50 2774 100 2797 Ca-

0 2818 63 2836 erar.

102 2144 238 2175 mandato
257 2143 458 2181 pi·aedi6tort1m
480 2142 556 2172 Petri
577 2141 613 2171 de
637 2140 778 2180 Cigiario,
798 2140 1051 2178 Consiliariorum,
1068 2143 1101 2172 &
1119 2141 1170 2172 U-

103 2182 285 2219 investiatis,
309 2182 372 2212 haec
394 2181 486 2219 scripsi
508 2183 541 2212 &
566 2180 649 2210 clausi
686 2181 719 2210 δε
734 2179 819 2209 etiarn
835 2180 901 2210 huic
917 2179 1105 2210 instrumento
1126 2180 1170 2210 Si-

104 2221 203 2260 gillum
215 2220 359 2259 praedictae
375 2219 555 2252 universitatis
567 2203 699 2259 apposni,
717 2218 799 2256 loco,
817 2217 863 2248 die
882 2219 915 2250 δε
938 2228 1031 2257 anno,
1051 2228 1109 2257 quo
1126 2218 1171 2250 su-

104 2268 163 2299 pra.

163 2396 317 2440 Coifimile
335 2398 583 2429 Procuratorium
599 2392 742 2427 Gerundae
762 2396 905 2425 Civitatis
923 2392 959 2425 de
971 2393 1117 2427 antedic‘so

449 2442 635 2489 Jnramcnto
645 2440 841 2487 fiaefiipoendo.

151 2530 186 2561 N
202 2529 338 2560 Nomine
352 2527 476 2559 Domini
492 2526 581 2557 nostri
589 2525 662 2564 Jehu
679 2525 796 2556 Christi.

184 2568 332 2598 Noverint
352 2566 471 2597 universi
492 2565 569 2604 quod
591 2565 636 2595 die
658 2564 814 2595 Dominica
827 2588 836 2603 ,
867 2573 931 2594 ante
953 2564 1067 2596 Festum
1087 2565 1177 2597 beatae

115 2607 219 2637 Mariae
233 2605 442 2643 candelarum,
462 2607 515 2642 qua
541 2604 774 2641 computabatur,
792 2604 874 2633 tertio
896 2602 1034 2633 Kalendas
1055 2604 1177 2635 Februa—

115 2646 165 2683 rii,
180 2654 255 2675 anno
269 2644 394 2674 Domini
413 2644 484 2673 1233
494 2668 502 2680 ,
518 2642 551 2672 In
567 2641 708 2680 praesentia
722 2643 778 2671 mei
793 2641 910 2671 Not-arii
931 2641 1042 2673 Publici
1063 2643 1179 2675 Gerun-

116 2684 161 2715 dae
175 2683 337 2722 infrascripti
345 2707 354 2721 ‚
373 2684 402 2713 in
414 2682 556 2720 praesentia
568 2682 652 2711 etiam
668 2679 782 2711 testium
793 2680 1010 2718 subscriptorum
1020 2703 1030 2720 ‚

155 2759 336 2791 Venerabiles
351 2759 385 2790 &
400 2758 523 2789 Discreti
536 2757 614 2796 Viri,

120 2838 286 2880 Reymundus
300 2835 412 2866 Calveci
425 2835 524 2874 Judex
546 2835 631 2864 ordi·
670 2833 838 2874 Reymundus
853 2837 908 2863 Car
919 2833 970 2864 bon
981 2834 1027 2864 elli

159 2880 253 2908 narius
269 2878 378 2905 Domini
387 2877 464 2911 Regis
479 2877 507 2904 in
524 2876 632 2903 Genm-
670 2875 768 2902 Petrus
788 2873 818 2902 de
842 2872 943 2912 Epali‚
966 2871 1004 2908 όν
1026 2873 1176 2915 Confiliarii

161 2916 230 2954 den,
250 2913 287 2948 &
706 2910 743 2946 ὠ·
757 2911 861 2950 Jurati
877 2914 1011 2942 Civitatis
1031 2915 1183 2953 Gerundae,

123 2953 284 2983 Bernardus
303 2951 334 2981 de
353 2949 491 2980 Balneolir
515 2949 633 2989 Bajulus
672 2952 770 2979 Petrus
786 2950 816 2979 de
831 2949 1008 2989 Cortilliano,

160 2990 275 3030 ejusdem
292 2990 356 3027 loci,
673 2989 842 3028 Reymundus
858 2987 986 3028 Renalli,

125 3029 294 3069 Reymundus
305 3025 436 3065 Geraldi,
674 3027 797 3066 Jacohus
813 3028 844 3056 de
858 3026 1009 3067 Bardulis,

124 3069 224 3098 Petrus
235 3064 348 3096 Geraldi
356 3088 366 3104 ,
675 3065 835 3095 Bernara'us
850 3069 878 3095 V
879 3065 941 3095 ital.

127 3108 286 3135 Bonenatur
298 3104 331 3134 de
349 3102 498 3141 Bardulis,
677 3103 824 3134 Arnaldm
839 3103 979 3144 Roffard5'‚

126 3143 273 3176 Arnala'us
299 3143 330 3173 de
355 3146 457 3173 Fenam
488 3139 639 3181 Jurisperi-
676 3144 842 3183 Reymundus
859 3143 1028 3184 Adalbem',

163 3190 208 3212 tus
222 3206 232 3221 ‚
677 3183 842 3221 Reymundus
855 3184 886 3212 de
901 3186 1017 3214 Canciao
1025 3183 1136 3223 junior,
1149 3179 1187 3216 (ἐν

126 3222 225 3251 Petrus
241 3222 386 3259 Barnecii,
677 3219 802 3258 Jacobus
817 3225 954 3251 Cermasw.

168 3305 206 3337 Et
220 3307 316 3337 caeteri
329 3306 414 3344 probi
426 3305 556 3336 homines
571 3305 604 3335 δε
620 3313 679 3335 tota
701 3305 877 3338 Univerfitas
898 3308 1041 3346 praediffle
1061 3307 1189 3338 Civitatis

129 3344 277 3385 Gerundig
291 3345 504 3383 congregati&
518 3352 685 3386 congregata
705 3354 754 3382 per
776 3345 952 3385 Preconern,
972 3357 1002 3377 ut
1025 3348 1111 3376 moris
1131 3345 1188 3383 est,

128 3386 159 3415 in
175 3383 310 3421 Draperia
323 3382 380 3414 five
395 3382 488 3420 placea
502 3382 624 3419 ejusdem
639 3381 767 3413 Civitatis
783 3384 830 3414 ubi
845 3386 1004 3416 universitas
1016 3386 1061 3416 seu
1086 3384 1189 3415 Consi-

128 3423 199 3453 lium
221 3420 348 3461 generale
366 3420 497 3451 consueta
518 3420 564 3450 seu
585 3421 751 3451 consuetum
771 3421 812 3451 est
832 3426 997 3462 congregari
1010 3449 1020 3462 ,
1043 3424 1188 3460 fecerunt,

130 3460 338 3491 constituerunt
350 3459 384 3489 &
398 3457 598 3489 ordinaverunt
615 3460 781 3489 unanimiter
796 3460 829 3490 &
848 3463 1025 3493 concorditer
1046 3462 1190 3492 venerabi-

130 3500 187 3537 les,
212 3497 385 3529 Bernardum
404 3495 609 3535 Strustionem‚
635 3498 668 3528 δε
690 3498 843 3528 Arnaldum
864 3499 1041 3531 Funiiearum
1055 3525 1064 3539 ‚
1089 3509 1188 3530 eorum

131 3537 278 3568 Concives
293 3561 301 3573 ,
326 3536 387 3566 suos
408 3534 608 3565 Procuratores
632 3536 664 3565 &
684 3535 812 3566 Sindicos
833 3537 959 3574 speciales
982 3541 1014 3570 &
1035 3539 1188 3577 quemlibet

132 3586 234 3644 eortim
248 3577 278 3606 in
291 3574 429 3612 solidum,
444 3571 503 3608 &a
517 3579 598 3612 prout
620 3577 648 3603 in
664 3578 846 3611 procuratorio
865 3577 1019 3616 antedicto,
1035 3577 1112 3617 afilae
1132 3577 1189 3606 haec

136 3625 188 3645 ver
207 3626 226 3644 a
259 3624 320 3644 viz.

172 3653 206 3683 In
228 3637 353 3691 quorum
369 3652 503 3682 omnium
520 3649 717 3682 testimonium
733 3651 836 3688 praefati
852 3651 1041 3692 Reymundus
1055 3653 1190 3692 Calveci,

135 3689 289 3721 Bernardus
310 3690 346 3721 de
366 3689 482 3720 Balniol.
501 3688 675 3727 consiliarii,
695 3689 777 3727 probi
795 3689 942 3731 homines,
958 3693 991 3723 &
1016 3693 1190 3723 Universitas

95 3734 97 3737 '
134 3729 279 3767 praedidiae
293 3728 422 3760 Civitatis
437 3727 602 3765 Gerundae,
621 3729 653 3758 ὃς
668 3728 784 3765 quilibet
803 3738 902 3759 eorum
912 3754 921 3768 ‚
940 3731 1141 3762 mandaverunt
1156 3731 1192 3762 de

135 3767 284 3805 praemiffis
302 3768 436 3798 omnibus
458 3767 492 3798 δε
513 3766 639 3805 singulis,
658 3776 706 3804 per
729 3776 776 3795 me
797 3766 953 3797 Notarium
973 3769 1191 3808 infrascriptum,

158 3806 254 3836 raesens
273 3804 332 3837 fieri
353 3806 499 3844 publicum
518 3804 755 3842 Instrumentumz,
775 3806 821 3834 cui
841 3804 1035 3838 instrumento
1057 3809 1190 3846 praedieta

175 3843 315 3876 niversitas
329 3844 459 3885 Sigillum
469 3844 550 3875 suum
562 3844 629 3874 fecit
642 3844 754 3881 apponi.

178 3918 253 3950 Aeta
263 3919 325 3951 sunt
339 3921 402 3952 haec
416 3922 444 3951 in
459 3920 611 3959 Draperia‚
630 3920 686 3950 sive
698 3919 799 3949 Placea
817 3919 946 3950 Civitatis
968 3921 1133 3962 Gerundae,
1151 3924 1198 3955 die

139 3958 187 4028 ²81ss
182 3959 320 4033 uamngtoisin
339 3960 430 3996 prima
450 3959 521 3991 linea
541 3958 740 3999 suprascriptis,
757 3958 935 3997 praesentibus
947 3959 982 3991 &
996 3971 1049 3999 pro
1061 3962 1198 3994 Testibus

297 4019 308 4034 2

178 4070 391 4106 Venerabilibus
403 4071 494 4113 Viris,

213 4112 285 4141 Tom-
302 4112 330 4141 Ι.
346 4111 381 4140 P.
399 4112 457 4146 ΙΙΙ.

1181 169 1661 218 PussticA.
2177 186 2233 233 43

1175 259 1209 287 R.
1228 254 1409 296 Jurisperito,
1458 294 1461 296 ¹
1722 261 1757 290 R.
1774 260 1807 290 de
1821 259 1975 292 corniliano
1988 263 2140 301 cirurgica,
2246 256 2378 292 Ame'-

1174 295 1281 333 Jacobo
1298 298 1328 324 de
1343 297 1442 325 Sanctio
1456 295 1609 337 Celadonio,
1723 300 1865 329 Bernardo
1879 301 1910 329 de
1926 299 2006 330 Scala
2020 300 2157 340 Juniore,
2268 297 2355 336 1289.

1176 336 1259 363 Petro
1273 337 1396 363 Frenerio
1411 338 1560 374 Bagam,
1724 337 1856 375 Johanne
1869 337 2005 376 Geraldo,
2245 340 2312 365 Ελν-
2336 344 2360 363 ¹-

1176 373 1237 402 Ad.
1256 375 1405 411 Scriptore,
1421 373 1439 392 *ὅ
1454 377 1521 403 Cive
1535 374 1688 414 Gerundae,
1725 376 1837 406 Civibus
1851 378 1994 407 Gerundae.
2246 377 2381 411 ·11.412‚

1214 447 1280 492 Ego
1293 447 1478 492 Raymundus
1492 448 1528 480 de
1540 449 1692 489 Toylano,
1710 451 1841 483 Publicus
1855 453 2001 484 Gerundae
2011 453 2166 493 Notarius,
2185 454 2235 493 qui

1176 487 1315 524 praediffls
1328 487 1455 525 interfui,
1474 488 1507 518 ὃς
1520 488 1600 518 scribi
1616 489 1687 527 feci,
1706 490 1739 520 ὅτ
1753 491 1836 520 etiam
1849 491 1915 522 huic
1938 492 2131 524 Instrumento
2151 493 2235 531 sigila

1175 525 1375 601 ὲυὲἒςξὶζξήῑεε
1388 525 1583 557 Univerfitatis
1596 528 1726 566 apposui,
1744 528 1790 558 die
1805 529 1838 559 &
1853 539 1929 560 anno
1942 532 1976 561 δε
1990 531 2059 562 loco
2080 542 2140 570 quo
2157 532 2235 570 supra

1188 574 1205 593 u
1269 574 1277 592 i
1309 574 1338 594 o.

1180 710 1229 741 De
1250 707 1373 753 prefato
1396 706 1582 753 Jnramento
1601 722 1656 757 per
1680 712 1819 744 Pontium
1836 712 1874 746 V
1871 714 2050 747 icecomitem
2071 717 2242 762 Empuriae*

1604 771 1675 792 rum
1691 759 1823 806 prestito.

1184 852 1259 914 N
1268 853 1532 899 OverintUniversi
1541 878 1550 893 ‚
1564 855 1597 886 ad
1610 865 1680 893 quos
1690 855 1792 886 Literae
1806 856 1949 894 praesentes
1976 858 2151 898 ervenerint,
2160 857 2239 898 quod

1279 902 1346 922 curn
1367 893 1474 923 discreti
1494 896 1546 923 viri
1568 893 1698 924 Maoistri
1717 894 1862 932 Johannes
1884 896 1921 925 de
1963 897 2063 927 adamo
2077 896 2240 928 Canonicus
2263 879 2392 913 Ann·D‘

1185 931 1385 974 Eboracensis,
1403 932 1436 961 &
1450 931 1593 962 Robertus
1608 918 1643 962 d‘}
1659 932 1803 962 Lusarchis
1815 932 1922 964 Clerici
1937 935 1969 965 &
1979 934 2175 966 Procuratores
2190 936 2242 966 Se·
2282 920 2368 957 ¹²89·

1186 968 1320 1000 reniffimi
1340 968 1477 1006 Principis
1499 969 1621 1000 Domini
1642 969 1775 1001 Edwardi
1788 995 1797 1009 ,
1822 971 1879 1001 Dei
1898 973 1981 1011 gratia
1994 997 2004 1010 ,
2026 972 2135 1004 illustris
2153 974 2242 1013 Regis
2265 963 2306 987 An
2336 968 2376 994 ¹7·

1188 1008 1315 1045 Angfiae,
1337 1009 1370 1038 &
1391 1008 1493 1046 egregii
1513 1009 1564 1037 viri
1584 1008 1707 1038 Domini
1727 1007 1828 1039 Karoli
1842 1008 1978 1049 Principis
1990 1011 2152 1042 salernitani
2171 1012 2244 1051 apud
2263 1001 2293 1025 Β
2318 1004 2342 1024 ¹·

1187 1046 1286 1077 locum
1307 1047 1355 1083 qui
1378 1046 1478 1076 dicitur
1491 1045 1626 1076 Castellio
1640 1046 1757 1084 Empur.
1776 1046 1810 1076 ad
1826 1057 1877 1076 nos
1891 1046 2027 1078 Pontium
2036 1050 2246 1082 Vicecomitem
2267 1041 2298 1064 ¹⁴·
2314 1033 2380 1072 B.f.

1188 1084 1345 1127 Empuriar.
1364 1083 1542 1124 personaliter
1555 1084 1730 1115 accessiffent
1743 1092 1885 1122 petentes,
1902 1095 1936 1115 ac
1951 1088 2035 1123 parati
2049 1088 2064 1116 Ξι
2079 1089 2160 1119 nobis
2175 1090 2248 1120 reci·
2272 1083 2334 1100 ¹⁰²·
2352 1072 2378 1099 b'

1189 1133 1254 1190 pere
1263 1130 1473 1168 juramentum,
1491 1123 1551 1154 &c.
1565 1129 1648 1162 prout
1662 1126 1690 1153 in
1703 1122 1804 1153 litteris
1814 1122 2005 1154 Barchinoniae
2021 1124 2099 1165 usqae
2112 1126 2168 1156 haee
2183 1137 2248 1158 ver-
2268 1114 2401 1180 ξῃρῖγῗῗ*

1209 1173 1242 1200 a,
1261 1171 1322 1190 vtz.
2359 1168 2367 1185 ε

1230 1236 1340 1281 Datum
1360 1236 1432 1275 apud
1454 1234 1657 1268 Castellionern
1678 1236 1879 1276 Empuriarum
1901 1239 2000 1272 ultima
2020 1238 2067 1272 die
2090 1238 2253 1280 MenfisJa-

1193 1285 1298 1313 nuaru,
1315 1285 1391 1306 anno
1404 1275 1528 1306 Domini
1549 1277 1632 1307 1288.

1232 1351 1368 1384 Testibus
1382 1350 1540 1383 Nobilibus
1555 1351 1646 1391 Viris,

1234 1431 1367 1458 Dominus
1380 1431 1530 1469 Reymundo
1545 1429 1662 1467 Judice,

1233 1470 1315 1497 Petro
1330 1467 1447 1508 Alkerly
1462 1467 1616 1505 Militibus,
1633 1468 1672 1503 ὠ·

1233 1505 1422 1552 Barrholomeo
1439 1507 1471 1536 de
1491 1505 1568 1537 Villa
1586 1510 1695 1536 Franca
1711 1529 1722 1545 ,
1746 1498 1890 1537 Familiam·
1909 1496 2021 1547 illustris
2041 1509 2120 1546 Regis
2142 1504 2256 1549 Auge*

1274 1556 1345 1583 ntae,

1239 1621 1301 1660 Qi
1314 1621 1459 1659 praesentes
1472 1620 1586 1653 fuerunt
1600 1622 1768 1661 praestationi
1777 1621 1933 1661 juramenti
1947 1622 2082 1660 praedicti.

1264 1765 1361 1814 Q⁰d
1381 1769 1445 1800 Rex
1458 1765 1572 1808 restitus·
1581 1766 1684 1810 faciat
1705 1766 1844 1800 Arnaldo
1851 1767 1919 1812 filio
1936 1771 2021 1802 Petri
2041 1767 2202 1801 Bertrandi

1412 1813 1547 1858 Castrum
1567 1814 1603 1847 de
1619 1814 1802 1861 Blaanord
1815 1815 1943 1863 Burdeg.
1970 1819 2058 1850 Dioc-

1205 1908 1281 1972 N
1290 1909 1399 1940 Icolaus
1413 1908 1584 1947 Episcopus,
1602 1909 1694 1939 servus
1709 1909 1855 1941 servorum
1871 1909 2108 1949 Dei‚Carisfimo
2121 1911 2151 1941 in
2165 1903 2267 1941 Chris-
2288 1902 2365 1934 Ann-
2377 1901 2421 1934 D=

1300 1958 1331 1979 to
1348 1948 1420 1977 Filio
1550 1947 1626 1988 Regi
1641 1947 1801 1987 Anglorum
1815 1948 1933 1988 illustri,
1951 1949 2066 1981 salutern
2086 1950 2120 1980 &
2135 1948 2269 1987 apostoli·
2308 1942 2393 1980 1289-

1206 1997 1271 2019 cam
1284 1986 1526 2017 benediffionem.
2289 1985 2342 2009 An.
2361 1989 2403 2017 ¹7·

1244 2025 1436 2056 Praecellentia
1455 2031 1511 2054 tuae
1536 2023 1739 2063 Magnitudinis
1759 2025 1897 2064 personis,
1916 2025 2063 2057 nobilitate
2083 2026 2273 2065 pollentibus,
2293 2024 2322 2047 Ε·
2345 2029 2369 2046 ¹·

1207 2063 1353 2095 consuevit
1367 2062 1483 2093 existere
1495 2062 1653 2092 favorabilis
1671 2064 1705 2094 &
1733 2064 1870 2103 benign23
1890 2066 2013 2095 maxime
2057 2074 2116 2103 uae,
2134 2074 2187 2103 pro
2208 2065 2272 2095 suo-
2295 2062 2332 2085 Ex
2347 2060 2408 2093 ΛΜ,

1208 2113 1273 2133 rum
1294 2101 1507 2133 conservatione
1526 2111 1559 2131 ac
1580 2103 1792 2142 recuperatione
1807 2103 1932 2142 jurium,
1958 2075 2081 2142 praeiidia
2105 2105 2147 2134 tui
2168 2103 2273 2136 favoris
2290 2104 2355 2134 ²03?-

1209 2141 1372 2171 fiducialiter
1385 2140 1568 2177 interpellant.

1248 2180 1321 2210 Sane
1334 2179 1428 2209 dileffl
1443 2178 1507 2216 filii,
1525 2177 1644 2208 Nobilis
1658 2179 1727 2217 viri,
1746 2178 1861 2209 Amaldi
1877 2178 1925 2209 filii
1940 2180 1973 2210 &
1992 2178 2108 2210 haeredis
2130 2178 2276 2218 quondam

1211 2218 1286 2248 Petri
1300 2217 1458 2255 Bertrandi,
1477 2217 1601 2247 Domini
1617 2215 1711 2246 Castri
1724 2216 1760 2247 de
1774 2216 1942 2248 Blankeford
1955 2242 1965 2256 ,
1983 2215 2059 2248 Burd
2077 2226 2094 2241 0
2111 2218 2165 2248 len.
2185 2218 2275 2250 Dioc.

1211 2257 1296 2287 habet
1309 2257 1437 2294 assertio,
1456 2255 1534 2294 quod
1548 2255 1715 2285 Senescallus
1728 2262 1791 2286 tuus
1804 2256 1833 2285 in
1847 2255 2002 2286 Wasconia
2014 2266 2071 2294 prae
2092 2257 2182 2287 stium
2206 2256 2279 2287 Cas-

1211 2305 1307 2332 trum,
1324 2297 1352 2325 in
1372 2305 1430 2333 quo
1452 2294 1579 2332 praefatus
1600 2293 1717 2324 Nobilis
1736 2294 1822 2325 Petro
1837 2294 1977 2332 praedieto
1993 2295 2135 2332 succedit,
2154 2296 2279 2326 indebite

1213 2335 1383 2372 occupavit,
1401 2333 1525 2371 illudque
1536 2332 1696 2370 hujusmodi
1708 2334 1903 2371 occupationis
1914 2342 2068 2372 praeteXtu,
2084 2333 2186 2365 diceris
2208 2333 2281 2365 deti-

1214 2383 1289 2403 nere.

1252 2411 1342 2450 Super
1356 2419 1416 2447 quo
1430 2418 1603 2439 memoratus
1618 2408 1751 2445 Nobilis,
1770 2417 1915 2448 tamquam
1936 2409 2057 2440 devotus
2079 2409 2167 2448 filius,
2185 2409 2221 2440 de
2241 2408 2283 2440 fa-

1214 2459 1285 2480 vore
1300 2448 1368 2479 sedis
1387 2448 1551 2485 apostolicae
1569 2447 1656 2484 digne
1675 2447 1835 2485 confidens,
1855 2447 1929 2486 apud
1949 2458 2001 2478 nos
2022 2448 2132 2479 devotis
2152 2447 2283 2486 precibus

1214 2487 1330 2525 institit,
1348 2495 1379 2516 ut
1389 2487 1457 2524 tibi,
1473 2486 1553 2524 super
1565 2487 1641 2522 hoc,
1663 2495 1716 2523 pro
1731 2496 1767 2516 eo
1781 2486 1900 2516 scribere
1919 2496 2087 2517 curaremus.

1256 2525 1324 2556 Nos
1341 2526 1434 2562 itaque
1446 2524 1606 2555 devotionis
1619 2523 1772 2563 affestum,
1787 2534 1873 2562 quam
1888 2524 2011 2555 eundem
2026 2524 2171 2555 Nobilem
2180 2547 2189 2563 ‚
2209 2525 2281 2564 ejus-

1217 2574 1274 2602 que
1288 2564 1480 2602 progenitores
1493 2562 1527 2592 ad
1541 2572 1594 2593 nos
1606 2563 1756 2600 specialiter
1769 2563 1802 2593 ὃς
1819 2563 1984 2593 Romanam
2002 2563 2157 2594 Ecclesiam
2170 2563 2283 2594 habuis-

1217 2604 1244 2634 se
1260 2603 1424 2642 didicimus,
1443 2602 1589 2648 benignius
1601 2600 1792 2638 attendeiite53
1812 2601 1947 2639 quodque
1971 2610 2143 2633 memoratus
2163 2602 2284 2640 nobilis,

1218 2642 1288 2672 sicut
1299 2641 1408 2679 asserit,
1425 2641 1492 2678 tibi,
1512 2651 1527 2670 a
1542 2650 1601 2677 quo
1616 2640 1806 2678 progenitores
1821 2640 1860 2670 sui
1872 2639 2007 2670 Castrum
2023 2640 2111 2678 ipsum
2133 2649 2284 2671 tenuerunt

1220 2682 1247 2710 in
1263 2680 1396 2717 feudum,
1415 2687 1522 2717 paratus
1537 2677 1578 2709 est
1589 2688 1642 2719 pro
1656 2678 1715 2716 ipso
1731 2676 1834 2709 Castro
1850 2678 1979 2717 praestare
1989 2679 2106 2718 justitias
2120 2678 2225 2710 debitas
2250 2679 2285 2712 ἕξ

1218 2719 1327 2750 servitia
1342 2719 1490 2754 consueta3

1256 2758 1439 2788 Serenitatem
1459 2755 1580 2795 Regiam
1602 2763 1734 2794 rogamus
1751 2756 1856 2786 attente
1879 2755 2006 2793 quatinus
2018 2756 2108 2794 ipsum
2123 2755 2288 2794 Nobilem,'

1220 2797 1269 2835 qui
1289 2796 1326 2826 de
1345 2794 1437 2834 Regia
1457 2795 1583 2825 bonitate
1601 2793 1736 2832 confidit,
1756 2796 1862 2832 quique
1883 2804 1978 2832 preces
1998 2794 2104 2825 nostras
2124 2794 2158 2825 ad
2172 2802 2201 2825 te
2214 2793 2287 2828 fidu-

1221 2835 1325 2865 cialiter
1341 2835 1517 2872 impetravit,
1537 2833 1642 2862 habens
1658 2842 1711 2870 pro
1724 2832 1817 2862 nostra
1831 2833 1864 2863 ὃς
1877 2832 2042 2871 apostolicae
2062 2832 2130 2864 sedis
2153 2840 2285 2864 reveren-

1220 2873 1275 2912 tifi,
1294 2882 1430 2911 quantum
1443 2881 1512 2902 cum
1525 2871 1594 2901 Deo
1608 2871 1710 2909 poteris
1720 2895 1729 2909 ,
1740 2870 1929 2902 favorabiliter
1948 2871 2200 2909 commendatum,
2215 2870 2288 2902 Cas-

1225 2921 1303 2943 trum
1318 2911 1423 2950 ipsum,
1438 2920 1505 2940 cum
1515 2910 1622 2949 juribus
1638 2910 1671 2941 &
1686 2910 1857 2947 pertinentiis
1873 2910 1938 2949 suis,
1957 2909 2063 2940 Nobili
2083 2909 2207 2940 restituas
2227 2917 2290 2941 me-

1225 2959 1353 2981 morato·

1261 2988 1302 3019 Ita
1324 2974 1402 3027 qi'iod
1424 2986 1498 3017 idern
1521 2996 1554 3017 ex
1577 2987 1784 3017 interventione
1803 2986 1960 3017 nostrarum
1980 2995 2099 3025 precum
2128 2986 2291 3025 speratumg

1225 3037 1311 3065 quern
1327 3025 1574 3065 quaerstssrudlum
1589 3034 1623 3055 ex
1638 3024 1687 3054 illis
1701 3026 1728 3056 se
1761 3035 1824 3055 erce
1845 3025 1894 3055 isse
1907 3025 2031 3063 laetetur,
2046 3026 2080 3056 ὅς
2095 3025 2208 3065 Regalis
2223 3034 2291 3068 pro-

1224 3065 1348 3096 videntia
1361 3065 1490 3134 ευὶἓῃίιῖἰε
1505 3063 1652 3103 condignis
1667 3065 1730 3094 exiri
1750 3073 1766 3093 e
1778 3065 1808 3094 in
1839 3064 1940 3095 omino
1957 3063 2082 3095 laudibus
2096 3064 2185 3096 valeat
2204 3073 2291 3095 men-

1225 3111 1257 3135 to·
1273 3113 1410 3135 commen
1431 3112 1476 3133 ari.

1266 3179 1334 3210 Dat.
1354 3179 1461 3211 Rornae
1474 3177 1546 3217 apud
1559 3177 1691 3208 Sameram
1707 3178 1830 3210 Mariam
1847 3175 2010 3219 Mnjorem,
2029 3178 2150 3211 Kalend.
2165 3178 2289 3211 Februa-

1226 3220 1274 3258 rii,
1292 3218 1478 3250 Pontificatsis
1491 3217 1580 3249 nostri
1592 3227 1669 3248 anno
1684 3218 1790 3255 primo.

1903 3293 1958 3324 Sub
1964 3293 2018 3336 filo
2034 3293 2159 3324 canabeo.

1228 3442 1255 3470 ’k
1281 3443 1330 3475 De
1360 3443 1438 3490 Rege
1465 3442 1604 3474 terminos
1620 3441 1702 3472 circa
1718 3439 1872 3473 auxilium
1889 3439 1986 3472 Terre
2002 3439 2113 3472 Sanslae
2125 3434 2290 3482 firendum
2308 3452 2440 3494 411413,

1666 3499 1843 3534 acceptante.

1231 3577 1268 3638 S
1277 3573 1396 3607 Urnrno
1412 3573 1561 3612 Pontifici,
1579 3581 1647 3606 curn
1661 3572 1944 3603 recommendatione
1956 3570 2073 3610 humili,
2087 3570 2195 3609 pedum
2208 3571 2291 3604 oscu-
2310 3575 2387 3607 Ann.
2398 3575 2439 3608 D,

1269 3614 1616 3684 Lisngireiilisriiffganffltatis
1634 3649 1751 3687 vestrae,
1769 3649 1849 3687 super
1870 3650 1988 3688 negotio
2010 3655 2092 3678 terrae
2105 3647 2223 3689 sanctae,
2240 3659 2290 3688 per
2309 3616 2423 3689 Αιῐιῗῗξ.

1230 3691 1343 3722 fratrem
1358 3689 1551 3721 Willielmum
1565 3687 1601 3718 de
1614 3687 1751 3718 Hothum
1766 3688 1850 3717 nobis
1873 3687 2075 3725 exhibitarum,
2092 3695 2190 3719 tenore
2209 3689 2292 3718 nobis
2311 3697 2340 3721 E.
2365 3701 2388 3719 1.

1231 3731 1376 3769 diligenter
1400 3728 1525 3766 exposito
1546 3727 1579 3757 ὃς
1599 3726 1707 3767 plenius
1726 3726 1885 3764 intellecto,
1901 3725 2054 3755 deliberato
2076 3725 2156 3764 super
2169 3725 2220 3757 hiis
2241 3727 2291 3756 ha·
2312 3728 2427 3759 Pat.18.

1231 3770 1292 3799 bito
1314 3767 1433 3799 consilio
1448 3789 1457 3805 ‚
1480 3764 1642 3796 assentimus
1661 3765 1690 3794 in
1713 3764 1842 3795 articulos
1865 3764 1979 3794 inferius
2000 3772 2146 3795 annotatos
2159 3787 2170 3803 ,
2193 3765 2293 3797 videli-
2312 3774 2340 3796 Ε.
2368 3780 2389 3797 ι.
2404 3777 2445 3804 me

1231 3816 1276 3839 cet
2309 3817 2356 3842 40.
2374 3810 2401 3836 in

1272 3830 1363 3884 Qiod
1387 3843 1520 3873 terminus
1545 3839 1659 3879 passagii
1684 3840 1816 3880 generalis
1840 3840 1930 3870 vestra
1947 3840 2112 3872 auctoritate
2128 3840 2259 3872 statuatur
2276 3840 2292 3870 a
2308 3847 2404 3876 cedula.

1234 3884 1308 3916 festo
1329 3882 1491 3913 Nativitatis
1517 3879 1612 3910 Sancti
1627 3879 1762 3916 Johannis
1780 3878 1910 3918 Baptistae
1928 3880 2060 3919 proximo
2078 3880 2173 3911 futuro
2191 3881 2220 3909 in
2238 3888 2292 3909 tres

1235 3933 1340 3960 ann05,
1360 3919 1437 3959 quod
1459 3919 1509 3949 erit
1527 3927 1603 3948 auno
1625 3917 1749 3948 Domini
1767 3927 1858 3958 1293,
1875 3916 1918 3949 Ita
1931 3917 2009 3956 quod
2024 3926 2109 3956 runc,
2128 3918 2210 3949 mori}
2223 3916 2293 3954 qua-

1236 3963 1305 3993 libet
1318 3961 1438 3990 omnino
1454 3956 1621 3995 postposita,
1641 3956 1686 3987 fiat
1701 3955 1851 3995 passagium
1863 3956 2008 3996 generale,
2025 3957 2059 3988 &
2074 3956 2152 3995 quod
2166 3965 2214 3993 per
2226 3964 2293 3984 om-

1238 4011 1287 4032 nes
1301 4007 1388 4037 partes
1401 3995 1613 4027 Christianitatis
1627 4004 1696 4025 crux
1710 3995 1902 4026 communiter
1914 3994 2080 4033 praedicetur
2093 3996 2121 4025 in
2134 4003 2215 4025 terrae
2229 3992 2295 4023 sub-

1241 4039 1342 4070 sidium
1356 4043 1521 4067 memoratae
1530 4057 1539 4072 ,
1556 4033 1624 4064 ficut
1638 4034 1725 4071 magis
1740 4032 1866 4070 expediet
1878 4034 1998 4071 negotio
2013 4032 2096 4064 dictae
2108 4041 2197 4063 terrae.

1277 4076 1366 4114 Item,
1385 4073 1463 4113 quod
1484 4072 1595 4104 decima
1613 4071 1658 4104 sex
1678 4081 1836 4141 mnorpm,
1854 4065 1975 4105 collect&
1992 4072 2023 4104 in
2043 4069 2194 4102 subsidium
2213 4076 2297 4138 teSrrae

1802 4119 1821 4140 2
2253 4115 2302 4136 an-
