<?xml version="1.0" encoding="UTF-8"?>
<!DOCTYPE html PUBLIC "-//W3C//DTD XHTML 1.0 Transitional//EN"
    "http://www.w3.org/TR/xhtml1/DTD/xhtml1-transitional.dtd">
<html xmlns="http://www.w3.org/1999/xhtml" xml:lang="en" lang="en">
 <head>
  <title>
</title>
<meta http-equiv="Content-Type" content="text/html;charset=utf-8" />
  <meta name='ocr-system' content='tesseract 3.04.00' />
  <meta name='ocr-capabilities' content='ocr_page ocr_carea ocr_par ocr_line ocrx_word'/>
</head>
<body>
  <div class='ocr_page' id='page_1' title='image "./fderaconventione01ryme/fderaconventione01ryme_0305.png"; bbox 0 0 2570 4261; ppageno 0'>
   <div class='ocr_carea' id='block_1_1' title="bbox 11 257 144 372">
    <p class='ocr_par' dir='ltr' id='par_1_1' title="bbox 11 257 144 372">
     <span class='ocr_line' id='line_1_1' title="bbox 11 257 144 291; baseline -0.038 0"><span class='ocrx_word' id='word_1_1' title='bbox 11 259 89 291; x_wconf 85' lang='lat' dir='ltr'>Ann.</span> <span class='ocrx_word' id='word_1_2' title='bbox 101 257 144 288; x_wconf 90' lang='lat' dir='ltr'>D.</span> 
     </span>
     <span class='ocr_line' id='line_1_2' title="bbox 34 296 115 336; baseline -0.012 -9"><span class='ocrx_word' id='word_1_3' title='bbox 34 296 115 336; x_wconf 86' lang='lat'>1258.</span> 
     </span>
     <span class='ocr_line' id='line_1_3' title="bbox 11 342 119 372; baseline -0.028 -6"><span class='ocrx_word' id='word_1_4' title='bbox 11 342 75 366; x_wconf 78' lang='lat' dir='ltr'>Heu.</span> <span class='ocrx_word' id='word_1_5' title='bbox 92 345 119 372; x_wconf 83' lang='lat'>3.</span> 
     </span>
    </p>
   </div>
   <div class='ocr_carea' id='block_1_2' title="bbox 21 532 148 568">
    <p class='ocr_par' dir='ltr' id='par_1_2' title="bbox 21 532 148 568">
     <span class='ocr_line' id='line_1_4' title="bbox 21 532 148 568; baseline -0.016 -7"><span class='ocrx_word' id='word_1_6' title='bbox 21 532 148 568; x_wconf 68' lang='lat'>*1.658.</span> 
     </span>
    </p>
   </div>
   <div class='ocr_carea' id='block_1_3' title="bbox 738 169 1200 212">
    <p class='ocr_par' dir='ltr' id='par_1_3' title="bbox 738 169 1200 212">
     <span class='ocr_line' id='line_1_5' title="bbox 738 169 1200 212; baseline -0.002 -2"><span class='ocrx_word' id='word_1_7' title='bbox 738 169 848 210; x_wconf 90' lang='lat' dir='ltr'>ET</span> <span class='ocrx_word' id='word_1_8' title='bbox 932 170 1200 212; x_wconf 87' lang='lat' dir='ltr'><strong>ACTA</strong></span> 
     </span>
    </p>
   </div>
   <div class='ocr_carea' id='block_1_4' title="bbox 165 253 1226 987">
    <p class='ocr_par' dir='ltr' id='par_1_4' title="bbox 180 253 1218 298">
     <span class='ocr_line' id='line_1_6' title="bbox 180 253 1218 298; baseline -0.001 -13"><span class='ocrx_word' id='word_1_9' title='bbox 180 293 185 298; x_wconf 92' lang='lat'>.</span> <span class='ocrx_word' id='word_1_10' title='bbox 203 253 251 286; x_wconf 91' lang='lat' dir='ltr'>Ad</span> <span class='ocrx_word' id='word_1_11' title='bbox 270 254 329 287; x_wconf 88' lang='lat' dir='ltr'>hoc</span> <span class='ocrx_word' id='word_1_12' title='bbox 342 264 435 287; x_wconf 83' lang='lat' dir='ltr'>autern</span> <span class='ocrx_word' id='word_1_13' title='bbox 448 255 525 296; x_wconf 90' lang='lat' dir='ltr'>quod</span> <span class='ocrx_word' id='word_1_14' title='bbox 539 255 574 286; x_wconf 89' lang='lat' dir='ltr'>de</span> <span class='ocrx_word' id='word_1_15' title='bbox 587 254 664 287; x_wconf 64' lang='lat' dir='ltr'>dieto</span> <span class='ocrx_word' id='word_1_16' title='bbox 679 254 762 286; x_wconf 87' lang='lat' dir='ltr'>fratre</span> <span class='ocrx_word' id='word_1_17' title='bbox 776 255 874 286; x_wconf 81' lang='lat' dir='ltr'>nostro</span> <span class='ocrx_word' id='word_1_18' title='bbox 887 257 916 285; x_wconf 90' lang='lat' dir='ltr'>in</span> <span class='ocrx_word' id='word_1_19' title='bbox 930 256 1026 287; x_wconf 85' lang='lat' dir='ltr'>vestris</span> <span class='ocrx_word' id='word_1_20' title='bbox 1040 257 1132 287; x_wconf 86' lang='lat' dir='ltr'>litteris</span> <span class='ocrx_word' id='word_1_21' title='bbox 1146 265 1218 285; x_wconf 90' lang='lat' dir='ltr'>con-</span> 
     </span>
    </p>

    <p class='ocr_par' dir='ltr' id='par_1_5' title="bbox 165 294 1217 451">
     <span class='ocr_line' id='line_1_7' title="bbox 165 294 1216 335; baseline -0.002 -11"><span class='ocrx_word' id='word_1_22' title='bbox 165 294 318 333; x_wconf 86' lang='lat' dir='ltr'>tinebatur,</span> <span class='ocrx_word' id='word_1_23' title='bbox 336 296 492 335; x_wconf 72' lang='lat' dir='ltr'>praenotatis</span> <span class='ocrx_word' id='word_1_24' title='bbox 513 294 606 333; x_wconf 90' lang='lat' dir='ltr'>quod,</span> <span class='ocrx_word' id='word_1_25' title='bbox 623 294 742 332; x_wconf 88' lang='lat' dir='ltr'>scilicet,</span> <span class='ocrx_word' id='word_1_26' title='bbox 761 295 842 325; x_wconf 87' lang='lat' dir='ltr'>vobis</span> <span class='ocrx_word' id='word_1_27' title='bbox 862 295 894 324; x_wconf 88' lang='lat'>&amp;</span> <span class='ocrx_word' id='word_1_28' title='bbox 916 295 1010 325; x_wconf 83' lang='lat' dir='ltr'>vestris</span> <span class='ocrx_word' id='word_1_29' title='bbox 1028 294 1216 334; x_wconf 90' lang='lat' dir='ltr'>multipliciter</span> 
     </span>
     <span class='ocr_line' id='line_1_8' title="bbox 167 331 1217 373; baseline 0.002 -11"><span class='ocrx_word' id='word_1_30' title='bbox 167 333 325 373; x_wconf 83' lang='lat' dir='ltr'>injuriatus,</span> <span class='ocrx_word' id='word_1_31' title='bbox 343 344 397 364; x_wconf 90' lang='lat' dir='ltr'>nec</span> <span class='ocrx_word' id='word_1_32' title='bbox 415 333 485 363; x_wconf 87' lang='lat' dir='ltr'>dum</span> <span class='ocrx_word' id='word_1_33' title='bbox 505 343 556 363; x_wconf 92' lang='lat' dir='ltr'>vos</span> <span class='ocrx_word' id='word_1_34' title='bbox 576 335 610 364; x_wconf 68' lang='grc' dir='ltr'>δε</span> <span class='ocrx_word' id='word_1_35' title='bbox 630 332 736 363; x_wconf 85' lang='lat' dir='ltr'>vestros</span> <span class='ocrx_word' id='word_1_36' title='bbox 756 333 859 370; x_wconf 88' lang='lat' dir='ltr'>injuriis</span> <span class='ocrx_word' id='word_1_37' title='bbox 872 333 999 363; x_wconf 70' lang='lat' dir='ltr'>lacessere</span> <span class='ocrx_word' id='word_1_38' title='bbox 1015 333 1116 364; x_wconf 85' lang='lat' dir='ltr'>desistit</span> <span class='ocrx_word' id='word_1_39' title='bbox 1128 331 1217 371; x_wconf 82' lang='lat' dir='ltr'>(quod</span> 
     </span>
     <span class='ocr_line' id='line_1_9' title="bbox 166 371 1217 413; baseline -0.002 -12"><span class='ocrx_word' id='word_1_40' title='bbox 166 372 242 402; x_wconf 88' lang='lat' dir='ltr'>nulla</span> <span class='ocrx_word' id='word_1_41' title='bbox 263 372 371 413; x_wconf 86' lang='lat' dir='ltr'>prorsus</span> <span class='ocrx_word' id='word_1_42' title='bbox 387 373 494 401; x_wconf 89' lang='lat' dir='ltr'>ratione</span> <span class='ocrx_word' id='word_1_43' title='bbox 514 371 657 409; x_wconf 86' lang='lat' dir='ltr'><strong>vellemus)</strong></span> <span class='ocrx_word' id='word_1_44' title='bbox 677 371 755 411; x_wconf 88' lang='lat' dir='ltr'>super</span> <span class='ocrx_word' id='word_1_45' title='bbox 774 381 832 411; x_wconf 89' lang='lat' dir='ltr'>quo</span> <span class='ocrx_word' id='word_1_46' title='bbox 851 372 934 401; x_wconf 88' lang='lat' dir='ltr'>etiam</span> <span class='ocrx_word' id='word_1_47' title='bbox 956 383 971 402; x_wconf 92' lang='lat' dir='ltr'>a</span> <span class='ocrx_word' id='word_1_48' title='bbox 992 373 1073 402; x_wconf 85' lang='lat' dir='ltr'>nobis</span> <span class='ocrx_word' id='word_1_49' title='bbox 1086 372 1217 402; x_wconf 87' lang='lat' dir='ltr'>auxilium</span> 
     </span>
     <span class='ocr_line' id='line_1_10' title="bbox 167 409 552 451; baseline -0.005 -11"><span class='ocrx_word' id='word_1_50' title='bbox 167 411 249 441; x_wconf 79' lang='lat' dir='ltr'>vob1s</span> <span class='ocrx_word' id='word_1_51' title='bbox 263 411 385 451; x_wconf 82' lang='lat' dir='ltr'>praestari</span> <span class='ocrx_word' id='word_1_52' title='bbox 399 409 552 448; x_wconf 86' lang='lat' dir='ltr'>postulatis:</span> 
     </span>
    </p>

    <p class='ocr_par' dir='ltr' id='par_1_6' title="bbox 165 445 1220 681">
     <span class='ocr_line' id='line_1_11' title="bbox 203 445 1219 488; baseline -0.004 -8"><span class='ocrx_word' id='word_1_53' title='bbox 203 448 282 480; x_wconf 91' lang='lat' dir='ltr'>Cum</span> <span class='ocrx_word' id='word_1_54' title='bbox 296 449 373 488; x_wconf 89' lang='lat' dir='ltr'>super</span> <span class='ocrx_word' id='word_1_55' title='bbox 384 447 435 477; x_wconf 88' lang='lat' dir='ltr'>hiis</span> <span class='ocrx_word' id='word_1_56' title='bbox 446 456 525 478; x_wconf 88' lang='lat' dir='ltr'>antea</span> <span class='ocrx_word' id='word_1_57' title='bbox 538 447 625 477; x_wconf 81' lang='lat' dir='ltr'>nichil</span> <span class='ocrx_word' id='word_1_58' title='bbox 637 445 832 484; x_wconf 72' lang='lat' dir='ltr'><strong>accepissemus</strong></span> <span class='ocrx_word' id='word_1_59' title='bbox 840 470 849 484; x_wconf 83' lang='lat'>,</span> <span class='ocrx_word' id='word_1_60' title='bbox 867 456 912 477; x_wconf 85' lang='lat' dir='ltr'>aut</span> <span class='ocrx_word' id='word_1_61' title='bbox 927 448 990 478; x_wconf 90' lang='lat' dir='ltr'>inde</span> <span class='ocrx_word' id='word_1_62' title='bbox 1003 449 1155 487; x_wconf 85' lang='lat' dir='ltr'>quicquam</span> <span class='ocrx_word' id='word_1_63' title='bbox 1167 456 1219 477; x_wconf 89' lang='lat' dir='ltr'>no-</span> 
     </span>
     <span class='ocr_line' id='line_1_12' title="bbox 166 485 1218 526; baseline -0.004 -8"><span class='ocrx_word' id='word_1_64' title='bbox 166 487 313 525; x_wconf 82' lang='lat' dir='ltr'>vissemus,</span> <span class='ocrx_word' id='word_1_65' title='bbox 330 486 364 516; x_wconf 91' lang='lat' dir='ltr'>ad</span> <span class='ocrx_word' id='word_1_66' title='bbox 377 494 482 524; x_wconf 81' lang='lat' dir='ltr'>partes,</span> <span class='ocrx_word' id='word_1_67' title='bbox 497 485 534 515; x_wconf 89' lang='lat' dir='ltr'>de</span> <span class='ocrx_word' id='word_1_68' title='bbox 547 486 644 523; x_wconf 80' lang='lat' dir='ltr'>quibus</span> <span class='ocrx_word' id='word_1_69' title='bbox 659 486 763 524; x_wconf 87' lang='lat' dir='ltr'>agitur,</span> <span class='ocrx_word' id='word_1_70' title='bbox 781 485 890 516; x_wconf 87' lang='lat' dir='ltr'>nostros</span> <span class='ocrx_word' id='word_1_71' title='bbox 906 486 1058 525; x_wconf 88' lang='lat' dir='ltr'>Nuncios,</span> <span class='ocrx_word' id='word_1_72' title='bbox 1074 496 1125 526; x_wconf 88' lang='lat' dir='ltr'>pro</span> <span class='ocrx_word' id='word_1_73' title='bbox 1140 486 1218 523; x_wconf 84' lang='lat' dir='ltr'>hujus</span> 
     </span>
     <span class='ocr_line' id='line_1_13' title="bbox 167 523 1219 564; baseline -0.005 -7"><span class='ocrx_word' id='word_1_74' title='bbox 167 528 206 557; x_wconf 85' lang='lat' dir='ltr'>rei</span> <span class='ocrx_word' id='word_1_75' title='bbox 226 526 340 556; x_wconf 84' lang='lat' dir='ltr'>veritate</span> <span class='ocrx_word' id='word_1_76' title='bbox 360 524 464 564; x_wconf 80' lang='lat' dir='ltr'>plenius</span> <span class='ocrx_word' id='word_1_77' title='bbox 484 523 651 561; x_wconf 71' lang='lat' dir='ltr'>indaoanda,</span> <span class='ocrx_word' id='word_1_78' title='bbox 670 523 771 563; x_wconf 84' lang='lat' dir='ltr'>absque</span> <span class='ocrx_word' id='word_1_79' title='bbox 787 533 865 554; x_wconf 89' lang='lat' dir='ltr'>mora</span> <span class='ocrx_word' id='word_1_80' title='bbox 877 527 1034 562; x_wconf 72' lang='lat' dir='ltr'>mittemus,</span> <span class='ocrx_word' id='word_1_81' title='bbox 1050 525 1100 563; x_wconf 85' lang='lat'>&amp;,</span> <span class='ocrx_word' id='word_1_82' title='bbox 1116 526 1134 544; x_wconf 65' lang='lat'>*²</span> <span class='ocrx_word' id='word_1_83' title='bbox 1150 533 1219 555; x_wconf 82' lang='lat' dir='ltr'>cuin</span> 
     </span>
     <span class='ocr_line' id='line_1_14' title="bbox 166 548 1219 603; baseline -0.003 -9"><span class='ocrx_word' id='word_1_84' title='bbox 166 564 203 595; x_wconf 91' lang='lat' dir='ltr'>de</span> <span class='ocrx_word' id='word_1_85' title='bbox 223 563 301 601; x_wconf 86' lang='lat' dir='ltr'>hujus</span> <span class='ocrx_word' id='word_1_86' title='bbox 320 563 360 593; x_wconf 87' lang='lat' dir='ltr'>rei</span> <span class='ocrx_word' id='word_1_87' title='bbox 382 564 496 593; x_wconf 86' lang='lat' dir='ltr'>veritate</span> <span class='ocrx_word' id='word_1_88' title='bbox 517 548 598 593; x_wconf 53' lang='lat' dir='ltr'>ndbis</span> <span class='ocrx_word' id='word_1_89' title='bbox 617 561 786 598; x_wconf 80' lang='lat' dir='ltr'>constiterit,</span> <span class='ocrx_word' id='word_1_90' title='bbox 805 563 832 591; x_wconf 89' lang='lat' dir='ltr'>iii</span> <span class='ocrx_word' id='word_1_91' title='bbox 848 563 951 593; x_wconf 78' lang='lat' dir='ltr'>auxiliis</span> <span class='ocrx_word' id='word_1_92' title='bbox 967 564 1046 594; x_wconf 91' lang='lat' dir='ltr'>vobis</span> <span class='ocrx_word' id='word_1_93' title='bbox 1060 562 1219 603; x_wconf 81' lang='lat' dir='ltr'>praestaiidis</span> 
     </span>
     <span class='ocr_line' id='line_1_15' title="bbox 166 600 1220 641; baseline 0 -8"><span class='ocrx_word' id='word_1_94' title='bbox 166 611 235 640; x_wconf 74' lang='lat'>1103,</span> <span class='ocrx_word' id='word_1_95' title='bbox 253 601 369 632; x_wconf 61' lang='lat' dir='ltr'>aurstore</span> <span class='ocrx_word' id='word_1_96' title='bbox 376 601 507 639; x_wconf 86' lang='lat' dir='ltr'>Christo,</span> <span class='ocrx_word' id='word_1_97' title='bbox 529 601 615 632; x_wconf 84' lang='lat' dir='ltr'>taliter</span> <span class='ocrx_word' id='word_1_98' title='bbox 630 600 848 639; x_wconf 77' lang='lat' dir='ltr'>habebiniuS,ut</span> <span class='ocrx_word' id='word_1_99' title='bbox 863 602 1029 641; x_wconf 83' lang='lat' dir='ltr'>necaDeo,</span> <span class='ocrx_word' id='word_1_100' title='bbox 1044 611 1098 632; x_wconf 88' lang='lat' dir='ltr'>nec</span> <span class='ocrx_word' id='word_1_101' title='bbox 1111 613 1127 633; x_wconf 87' lang='lat' dir='ltr'>a</span> <span class='ocrx_word' id='word_1_102' title='bbox 1140 603 1220 634; x_wconf 78' lang='lat' dir='ltr'>vobis</span> 
     </span>
     <span class='ocr_line' id='line_1_16' title="bbox 165 640 543 681; baseline -0.008 -10"><span class='ocrx_word' id='word_1_103' title='bbox 165 651 194 671; x_wconf 82' lang='lat' dir='ltr'>ar</span> <span class='ocrx_word' id='word_1_104' title='bbox 215 641 240 670; x_wconf 92' lang='lat' dir='ltr'>ui</span> <span class='ocrx_word' id='word_1_105' title='bbox 254 641 372 681; x_wconf 84' lang='lat' dir='ltr'>proinde</span> <span class='ocrx_word' id='word_1_106' title='bbox 386 640 543 670; x_wconf 84' lang='lat' dir='ltr'>debeamus.</span> 
     </span>
    </p>

    <p class='ocr_par' dir='ltr' id='par_1_7' title="bbox 167 677 1224 872">
     <span class='ocr_line' id='line_1_17' title="bbox 242 677 1222 719; baseline -0.002 -9"><span class='ocrx_word' id='word_1_107' title='bbox 242 679 330 710; x_wconf 89' lang='lat' dir='ltr'>unciis</span> <span class='ocrx_word' id='word_1_108' title='bbox 351 679 459 719; x_wconf 86' lang='lat' dir='ltr'>insuper</span> <span class='ocrx_word' id='word_1_109' title='bbox 471 677 584 714; x_wconf 84' lang='lat' dir='ltr'>vestris,</span> <span class='ocrx_word' id='word_1_110' title='bbox 599 687 648 715; x_wconf 85' lang='lat' dir='ltr'>per</span> <span class='ocrx_word' id='word_1_111' title='bbox 661 684 760 707; x_wconf 86' lang='lat' dir='ltr'>terram</span> <span class='ocrx_word' id='word_1_112' title='bbox 775 678 808 708; x_wconf 70' lang='lat' dir='ltr'>&amp;c</span> <span class='ocrx_word' id='word_1_113' title='bbox 818 677 981 716; x_wconf 86' lang='lat' dir='ltr'>potestatem</span> <span class='ocrx_word' id='word_1_114' title='bbox 997 677 1120 709; x_wconf 82' lang='lat' dir='ltr'>nostram</span> <span class='ocrx_word' id='word_1_115' title='bbox 1136 687 1222 708; x_wconf 86' lang='lat' dir='ltr'>trans-</span> 
     </span>
     <span class='ocr_line' id='line_1_18' title="bbox 167 715 1222 758; baseline -0.003 -9"><span class='ocrx_word' id='word_1_116' title='bbox 167 719 313 756; x_wconf 84' lang='lat' dir='ltr'>euntibus,</span> <span class='ocrx_word' id='word_1_117' title='bbox 331 717 412 758; x_wconf 86' lang='lat' dir='ltr'>plena</span> <span class='ocrx_word' id='word_1_118' title='bbox 427 718 553 746; x_wconf 75' lang='lat' dir='ltr'>securitas</span> <span class='ocrx_word' id='word_1_119' title='bbox 574 716 723 753; x_wconf 67' lang='lat' dir='ltr'>haetenus,</span> <span class='ocrx_word' id='word_1_120' title='bbox 743 724 772 745; x_wconf 91' lang='lat' dir='ltr'>ut</span> <span class='ocrx_word' id='word_1_121' title='bbox 791 715 925 754; x_wconf 85' lang='lat' dir='ltr'>speramus</span> <span class='ocrx_word' id='word_1_122' title='bbox 940 741 949 755; x_wconf 94' lang='lat'>,</span> <span class='ocrx_word' id='word_1_123' title='bbox 972 718 1060 747; x_wconf 83' lang='lat' dir='ltr'>extitit</span> <span class='ocrx_word' id='word_1_124' title='bbox 1072 740 1081 755; x_wconf 85' lang='lat'>,</span> <span class='ocrx_word' id='word_1_125' title='bbox 1106 718 1139 748; x_wconf 86' lang='lat'>&amp;</span> <span class='ocrx_word' id='word_1_126' title='bbox 1151 716 1222 746; x_wconf 86' lang='lat' dir='ltr'>seni-</span> 
     </span>
     <span class='ocr_line' id='line_1_19' title="bbox 168 754 1223 795; baseline -0.002 -9"><span class='ocrx_word' id='word_1_127' title='bbox 168 767 217 795; x_wconf 86' lang='lat' dir='ltr'>per</span> <span class='ocrx_word' id='word_1_128' title='bbox 239 757 308 793; x_wconf 88' lang='lat' dir='ltr'>erit‚·</span> <span class='ocrx_word' id='word_1_129' title='bbox 329 765 382 786; x_wconf 88' lang='lat' dir='ltr'>nec</span> <span class='ocrx_word' id='word_1_130' title='bbox 405 755 441 785; x_wconf 91' lang='lat' dir='ltr'>de</span> <span class='ocrx_word' id='word_1_131' title='bbox 464 755 584 793; x_wconf 85' lang='lat' dir='ltr'>ipsorum</span> <span class='ocrx_word' id='word_1_132' title='bbox 604 755 763 794; x_wconf 77' lang='lat' dir='ltr'>gravamine</span> <span class='ocrx_word' id='word_1_133' title='bbox 776 754 821 784; x_wconf 81' lang='lat' dir='ltr'>vel</span> <span class='ocrx_word' id='word_1_134' title='bbox 834 755 1040 795; x_wconf 81' lang='lat' dir='ltr'>impedimentis</span> <span class='ocrx_word' id='word_1_135' title='bbox 1052 755 1223 792; x_wconf 85' lang='lat' dir='ltr'>audivimus,</span> 
     </span>
     <span class='ocr_line' id='line_1_20' title="bbox 167 793 1224 833; baseline -0.003 -7"><span class='ocrx_word' id='word_1_136' title='bbox 167 804 215 826; x_wconf 89' lang='lat' dir='ltr'>aut</span> <span class='ocrx_word' id='word_1_137' title='bbox 237 794 338 833; x_wconf 87' lang='lat' dir='ltr'>aliquid</span> <span class='ocrx_word' id='word_1_138' title='bbox 359 793 424 824; x_wconf 83' lang='lat' dir='ltr'>inde</span> <span class='ocrx_word' id='word_1_139' title='bbox 444 793 561 829; x_wconf 71' lang='lat' dir='ltr'>scimus5</span> <span class='ocrx_word' id='word_1_140' title='bbox 582 793 619 823; x_wconf 91' lang='lat' dir='ltr'>set</span> <span class='ocrx_word' id='word_1_141' title='bbox 634 794 672 822; x_wconf 84' lang='lat' dir='ltr'>eis</span> <span class='ocrx_word' id='word_1_142' title='bbox 685 794 713 822; x_wconf 91' lang='lat' dir='ltr'>in</span> <span class='ocrx_word' id='word_1_143' title='bbox 729 793 876 831; x_wconf 79' lang='lat' dir='ltr'>omnibus,</span> <span class='ocrx_word' id='word_1_144' title='bbox 896 795 927 824; x_wconf 61' lang='grc' dir='ltr'>ὃς</span> <span class='ocrx_word' id='word_1_145' title='bbox 944 804 993 833; x_wconf 90' lang='lat' dir='ltr'>per</span> <span class='ocrx_word' id='word_1_146' title='bbox 1005 795 1121 832; x_wconf 84' lang='lat' dir='ltr'>omnia,</span> <span class='ocrx_word' id='word_1_147' title='bbox 1137 793 1224 823; x_wconf 87' lang='lat' dir='ltr'>veluti</span> 
     </span>
     <span class='ocr_line' id='line_1_21' title="bbox 167 828 1149 872; baseline -0.003 -8"><span class='ocrx_word' id='word_1_148' title='bbox 167 833 284 871; x_wconf 77' lang='lat' dir='ltr'>nostris,</span> <span class='ocrx_word' id='word_1_149' title='bbox 303 833 476 862; x_wconf 87' lang='lat' dir='ltr'>securitatem</span> <span class='ocrx_word' id='word_1_150' title='bbox 488 832 572 872; x_wconf 84' lang='lat' dir='ltr'>parari</span> <span class='ocrx_word' id='word_1_151' title='bbox 591 831 719 861; x_wconf 79' lang='lat' dir='ltr'>volumus</span> <span class='ocrx_word' id='word_1_152' title='bbox 733 831 766 861; x_wconf 71' lang='grc' dir='ltr'>ὃς</span> <span class='ocrx_word' id='word_1_153' title='bbox 781 840 917 871; x_wconf 74' lang='lat' dir='ltr'>optamus,</span> <span class='ocrx_word' id='word_1_154' title='bbox 1056 828 1063 835; x_wconf 82' lang='lat'>&#39;</span> <span class='ocrx_word' id='word_1_155' title='bbox 1145 868 1149 872; x_wconf 32' lang='lat'>¹</span> 
     </span>
    </p>

    <p class='ocr_par' dir='ltr' id='par_1_8' title="bbox 205 867 1226 908">
     <span class='ocr_line' id='line_1_22' title="bbox 205 867 1226 908; baseline -0.005 -7"><span class='ocrx_word' id='word_1_156' title='bbox 205 871 370 908; x_wconf 66' lang='lat' dir='ltr'>Caeterum,</span> <span class='ocrx_word' id='word_1_157' title='bbox 387 870 442 900; x_wconf 87' lang='lat' dir='ltr'>sani</span> <span class='ocrx_word' id='word_1_158' title='bbox 462 880 571 900; x_wconf 82' lang='lat' dir='ltr'>eramus</span> <span class='ocrx_word' id='word_1_159' title='bbox 591 871 623 900; x_wconf 64' lang='grc' dir='ltr'>ὃς</span> <span class='ocrx_word' id='word_1_160' title='bbox 640 869 810 907; x_wconf 65' lang='lat' dir='ltr'>incolumes,</span> <span class='ocrx_word' id='word_1_161' title='bbox 829 871 861 900; x_wconf 64' lang='grc' dir='ltr'>ὃς</span> <span class='ocrx_word' id='word_1_162' title='bbox 877 870 991 901; x_wconf 86' lang='lat' dir='ltr'>consors</span> <span class='ocrx_word' id='word_1_163' title='bbox 1003 869 1114 906; x_wconf 86' lang='lat' dir='ltr'>nostra,</span> <span class='ocrx_word' id='word_1_164' title='bbox 1133 867 1226 897; x_wconf 85' lang='lat' dir='ltr'>liberi-</span> 
     </span>
    </p>

    <p class='ocr_par' dir='ltr' id='par_1_9' title="bbox 188 905 1224 987">
     <span class='ocr_line' id='line_1_23' title="bbox 188 905 1224 950; baseline -0.006 -10"><span class='ocrx_word' id='word_1_165' title='bbox 188 920 223 940; x_wconf 91' lang='lat' dir='ltr'>ue</span> <span class='ocrx_word' id='word_1_166' title='bbox 237 909 326 940; x_wconf 89' lang='lat' dir='ltr'>nostri</span> <span class='ocrx_word' id='word_1_167' title='bbox 339 910 368 939; x_wconf 90' lang='lat' dir='ltr'>in</span> <span class='ocrx_word' id='word_1_168' title='bbox 384 908 489 940; x_wconf 82' lang='lat' dir='ltr'>recessu</span> <span class='ocrx_word' id='word_1_169' title='bbox 503 909 538 939; x_wconf 89' lang='lat' dir='ltr'>N</span> <span class='ocrx_word' id='word_1_170' title='bbox 541 910 615 939; x_wconf 90' lang='lat' dir='ltr'>uncii</span> <span class='ocrx_word' id='word_1_171' title='bbox 628 907 711 938; x_wconf 90' lang='lat' dir='ltr'>vestri</span> <span class='ocrx_word' id='word_1_172' title='bbox 748 907 921 950; x_wconf 78' lang='lat' dir='ltr'>praesentium</span> <span class='ocrx_word' id='word_1_173' title='bbox 937 909 1043 946; x_wconf 63' lang='lat' dir='ltr'>latoris,</span> <span class='ocrx_word' id='word_1_174' title='bbox 1061 905 1224 950; x_wconf 62' lang='lat' dir='ltr'>benedictus</span> 
     </span>
     <span class='ocr_line' id='line_1_24' title="bbox 202 946 1191 987; baseline -0.006 -9"><span class='ocrx_word' id='word_1_175' title='bbox 202 958 265 984; x_wconf 86' lang='lat' dir='ltr'>eus‚·</span> <span class='ocrx_word' id='word_1_176' title='bbox 284 946 313 978; x_wconf 91' lang='lat' dir='ltr'>id</span> <span class='ocrx_word' id='word_1_177' title='bbox 327 947 416 987; x_wconf 89' lang='lat' dir='ltr'>ipsum</span> <span class='ocrx_word' id='word_1_178' title='bbox 435 947 470 977; x_wconf 90' lang='lat' dir='ltr'>de</span> <span class='ocrx_word' id='word_1_179' title='bbox 482 948 563 977; x_wconf 90' lang='lat' dir='ltr'>vobis</span> <span class='ocrx_word' id='word_1_180' title='bbox 575 947 638 977; x_wconf 88' lang='lat' dir='ltr'>totis</span> <span class='ocrx_word' id='word_1_181' title='bbox 653 947 709 977; x_wconf 85' lang='lat' dir='ltr'>desi</span> <span class='ocrx_word' id='word_1_182' title='bbox 730 947 790 976; x_wconf 87' lang='lat' dir='ltr'>eriis</span> <span class='ocrx_word' id='word_1_183' title='bbox 805 948 873 976; x_wconf 78' lang='lat' dir='ltr'>scire</span> <span class='ocrx_word' id='word_1_184' title='bbox 886 948 919 978; x_wconf 73' lang='grc' dir='ltr'>δε</span> <span class='ocrx_word' id='word_1_185' title='bbox 933 947 1026 977; x_wconf 89' lang='lat' dir='ltr'>audire</span> <span class='ocrx_word' id='word_1_186' title='bbox 1041 952 1191 984; x_wconf 83' lang='lat' dir='ltr'>cupientes.</span> 
     </span>
    </p>
   </div>
   <div class='ocr_carea' id='block_1_5' title="bbox 167 983 1227 1057">
    <p class='ocr_par' dir='ltr' id='par_1_10' title="bbox 167 983 1227 1057">
     <span class='ocr_line' id='line_1_25' title="bbox 208 983 1227 1026; baseline -0.005 -10"><span class='ocrx_word' id='word_1_187' title='bbox 208 986 298 1026; x_wconf 89' lang='lat' dir='ltr'>Super</span> <span class='ocrx_word' id='word_1_188' title='bbox 319 996 394 1023; x_wconf 89' lang='lat' dir='ltr'>quo,</span> <span class='ocrx_word' id='word_1_189' title='bbox 419 985 438 1016; x_wconf 88' lang='lat' dir='ltr'><strong>fi</strong></span> <span class='ocrx_word' id='word_1_190' title='bbox 457 986 563 1025; x_wconf 85' lang='lat' dir='ltr'>placet,</span> <span class='ocrx_word' id='word_1_191' title='bbox 582 987 636 1016; x_wconf 72' lang='lat' dir='ltr'>ursa</span> <span class='ocrx_word' id='word_1_192' title='bbox 658 995 724 1015; x_wconf 89' lang='lat' dir='ltr'>cum</span> <span class='ocrx_word' id='word_1_193' title='bbox 746 984 847 1015; x_wconf 79' lang='lat' dir='ltr'>vestrae</span> <span class='ocrx_word' id='word_1_194' title='bbox 868 986 1016 1016; x_wconf 86' lang='lat' dir='ltr'>voluntatis</span> <span class='ocrx_word' id='word_1_195' title='bbox 1036 983 1227 1024; x_wconf 87' lang='lat' dir='ltr'>beneplacito,</span> 
     </span>
     <span class='ocr_line' id='line_1_26' title="bbox 167 1024 843 1057; baseline -0.004 -1"><span class='ocrx_word' id='word_1_196' title='bbox 167 1035 221 1057; x_wconf 87' lang='lat' dir='ltr'>nos</span> <span class='ocrx_word' id='word_1_197' title='bbox 234 1025 337 1056; x_wconf 87' lang='lat' dir='ltr'>crebris</span> <span class='ocrx_word' id='word_1_198' title='bbox 347 1025 576 1055; x_wconf 75' lang='lat' dir='ltr'>insinuationibus</span> <span class='ocrx_word' id='word_1_199' title='bbox 589 1024 733 1055; x_wconf 78' lang='lat' dir='ltr'>certiorare</span> <span class='ocrx_word' id='word_1_200' title='bbox 748 1024 843 1054; x_wconf 87' lang='lat' dir='ltr'>velitis.</span> 
     </span>
    </p>
   </div>
   <div class='ocr_carea' id='block_1_6' title="bbox 169 1099 1230 1185">
    <p class='ocr_par' dir='ltr' id='par_1_11' title="bbox 169 1099 1230 1185">
     <span class='ocr_line' id='line_1_27' title="bbox 203 1099 1230 1146; baseline -0.006 -11"><span class='ocrx_word' id='word_1_201' title='bbox 203 1103 292 1135; x_wconf 86' lang='lat' dir='ltr'>Teste</span> <span class='ocrx_word' id='word_1_202' title='bbox 303 1104 385 1145; x_wconf 87' lang='lat' dir='ltr'>Rege</span> <span class='ocrx_word' id='word_1_203' title='bbox 397 1105 470 1146; x_wconf 84' lang='lat' dir='ltr'>apud</span> <span class='ocrx_word' id='word_1_204' title='bbox 483 1105 770 1137; x_wconf 85' lang='lat' dir='ltr'>Westmonasterium</span> <span class='ocrx_word' id='word_1_205' title='bbox 784 1105 898 1137; x_wconf 88' lang='lat' dir='ltr'>decimo</span> <span class='ocrx_word' id='word_1_206' title='bbox 912 1112 1010 1144; x_wconf 89' lang='lat' dir='ltr'>quarto</span> <span class='ocrx_word' id='word_1_207' title='bbox 1023 1102 1067 1134; x_wconf 82' lang='lat' dir='ltr'>die</span> <span class='ocrx_word' id='word_1_208' title='bbox 1074 1099 1230 1132; x_wconf 88' lang='lat' dir='ltr'>Decembr.</span> 
     </span>
     <span class='ocr_line' id='line_1_28' title="bbox 169 1144 711 1185; baseline 0 -11"><span class='ocrx_word' id='word_1_209' title='bbox 169 1152 264 1183; x_wconf 79' lang='lat' dir='ltr'>anno,</span> <span class='ocrx_word' id='word_1_210' title='bbox 281 1144 341 1175; x_wconf 91' lang='lat' dir='ltr'>&amp;c.</span> <span class='ocrx_word' id='word_1_211' title='bbox 359 1145 566 1185; x_wconf 82' lang='lat' dir='ltr'>quadragesimo</span> <span class='ocrx_word' id='word_1_212' title='bbox 581 1144 711 1176; x_wconf 87' lang='lat' dir='ltr'>secundo.</span> 
     </span>
    </p>
   </div>
   <div class='ocr_carea' id='block_1_7' title="bbox 176 1223 1233 1236">
    <p class='ocr_par' dir='ltr' id='par_1_12' title="bbox 176 1223 1233 1236">
     <span class='ocr_line' id='line_1_29' title="bbox 176 1223 1233 1236; baseline 0 3025"><span class='ocrx_word' id='word_1_213' title='bbox 176 1223 1233 1236; x_wconf 95' lang='lat' dir='ltr'> </span> 
     </span>
    </p>
   </div>
   <div class='ocr_carea' id='block_1_8' title="bbox 270 1273 1122 1324">
    <p class='ocr_par' dir='ltr' id='par_1_13' title="bbox 270 1273 1122 1324">
     <span class='ocr_line' id='line_1_30' title="bbox 270 1273 1122 1324; baseline -0.004 -15"><span class='ocrx_word' id='word_1_214' title='bbox 270 1278 319 1309; x_wconf 72' lang='lat' dir='ltr'>De</span> <span class='ocrx_word' id='word_1_215' title='bbox 337 1287 442 1324; x_wconf 61' lang='lat' dir='ltr'>treuga</span> <span class='ocrx_word' id='word_1_216' title='bbox 454 1287 508 1323; x_wconf 75' lang='lat' dir='ltr'>per</span> <span class='ocrx_word' id='word_1_217' title='bbox 525 1288 620 1309; x_wconf 76' lang='lat' dir='ltr'>unum</span> <span class='ocrx_word' id='word_1_218' title='bbox 637 1287 750 1308; x_wconf 67' lang='lat' dir='ltr'><em>annum</em></span> <span class='ocrx_word' id='word_1_219' title='bbox 770 1286 839 1306; x_wconf 69' lang='lat' dir='ltr'>cum</span> <span class='ocrx_word' id='word_1_220' title='bbox 858 1273 1008 1307; x_wconf 70' lang='lat' dir='ltr'>Lewelino</span> <span class='ocrx_word' id='word_1_221' title='bbox 1025 1283 1122 1319; x_wconf 68' lang='lat' dir='ltr'>Celptll·</span> 
     </span>
    </p>
   </div>
   <div class='ocr_carea' id='block_1_9' title="bbox 1285 146 2315 224">
    <p class='ocr_par' dir='ltr' id='par_1_14' title="bbox 1285 146 2315 224">
     <span class='ocr_line' id='line_1_31' title="bbox 1285 146 2315 224; baseline 0.003 -18"><span class='ocrx_word' id='word_1_222' title='bbox 1285 146 1760 210; x_wconf 81' lang='lat' dir='ltr'><strong>PUBLICA.</strong></span> <span class='ocrx_word' id='word_1_223' title='bbox 2262 181 2315 224; x_wconf 82' lang='lat'>39</span> 
     </span>
    </p>
   </div>
   <div class='ocr_carea' id='block_1_10' title="bbox 1256 251 2462 331">
    <p class='ocr_par' dir='ltr' id='par_1_15' title="bbox 1256 251 2462 331">
     <span class='ocr_line' id='line_1_32' title="bbox 1293 251 2462 295; baseline 0.003 -14"><span class='ocrx_word' id='word_1_224' title='bbox 1293 251 1352 294; x_wconf 77' lang='lat' dir='ltr'>Pro</span> <span class='ocrx_word' id='word_1_225' title='bbox 1372 251 1449 282; x_wconf 65' lang='lat' dir='ltr'>facto</span> <span class='ocrx_word' id='word_1_226' title='bbox 1461 252 1547 295; x_wconf 77' lang='lat' dir='ltr'>¹super</span> <span class='ocrx_word' id='word_1_227' title='bbox 1568 254 1644 286; x_wconf 65' lang='lat' dir='ltr'>ricto</span> <span class='ocrx_word' id='word_1_228' title='bbox 1658 253 1869 285; x_wconf 78' lang='lat' dir='ltr'>vicecomitum</span> <span class='ocrx_word' id='word_1_229' title='bbox 1883 251 2048 292; x_wconf 78' lang='lat' dir='ltr'>Vaseoniae,</span> <span class='ocrx_word' id='word_1_230' title='bbox 2069 253 2105 285; x_wconf 89' lang='lat' dir='ltr'>de</span> <span class='ocrx_word' id='word_1_231' title='bbox 2118 253 2218 293; x_wconf 86' lang='lat' dir='ltr'>quibus</span> <span class='ocrx_word' id='word_1_232' title='bbox 2230 262 2308 284; x_wconf 79' lang='lat' dir='ltr'>man·</span> <span class='ocrx_word' id='word_1_233' title='bbox 2328 253 2405 285; x_wconf 87' lang='lat' dir='ltr'>Ann.</span> <span class='ocrx_word' id='word_1_234' title='bbox 2418 253 2462 293; x_wconf 75' lang='lat' dir='ltr'>D,</span> 
     </span>
     <span class='ocr_line' id='line_1_33' title="bbox 1256 290 2412 331; baseline 0.002 -12"><span class='ocrx_word' id='word_1_235' title='bbox 1256 290 1337 319; x_wconf 86' lang='lat' dir='ltr'>dastis</span> <span class='ocrx_word' id='word_1_236' title='bbox 1356 298 1386 319; x_wconf 93' lang='lat' dir='ltr'>ut</span> <span class='ocrx_word' id='word_1_237' title='bbox 1407 299 1498 329; x_wconf 83' lang='lat' dir='ltr'>potius</span> <span class='ocrx_word' id='word_1_238' title='bbox 1519 292 1655 322; x_wconf 77' lang='lat' dir='ltr'>voluntati</span> <span class='ocrx_word' id='word_1_239' title='bbox 1669 293 1784 330; x_wconf 79' lang='lat' dir='ltr'>veiirae,</span> <span class='ocrx_word' id='word_1_240' title='bbox 1801 301 1886 331; x_wconf 63' lang='lat' dir='ltr'>quiam</span> <span class='ocrx_word' id='word_1_241' title='bbox 1895 291 1974 331; x_wconf 89' lang='lat' dir='ltr'>justis</span> <span class='ocrx_word' id='word_1_242' title='bbox 1986 292 2107 330; x_wconf 73' lang='lat' dir='ltr'>ipsorum</span> <span class='ocrx_word' id='word_1_243' title='bbox 2120 293 2223 323; x_wconf 87' lang='lat' dir='ltr'>meritis</span> <span class='ocrx_word' id='word_1_244' title='bbox 2236 292 2308 323; x_wconf 88' lang='lat' dir='ltr'>satis-</span> <span class='ocrx_word' id='word_1_245' title='bbox 2328 293 2412 331; x_wconf 85' lang='lat'><em>1258.</em></span> 
     </span>
    </p>
   </div>
   <div class='ocr_carea' id='block_1_11' title="bbox 1257 327 2132 370">
    <p class='ocr_par' dir='ltr' id='par_1_16' title="bbox 1257 327 2132 370">
     <span class='ocr_line' id='line_1_34' title="bbox 1257 327 2132 370; baseline 0.003 -12"><span class='ocrx_word' id='word_1_246' title='bbox 1257 328 1320 366; x_wconf 86' lang='lat' dir='ltr'>fiat,</span> <span class='ocrx_word' id='word_1_247' title='bbox 1339 327 1434 358; x_wconf 89' lang='lat' dir='ltr'>vestris</span> <span class='ocrx_word' id='word_1_248' title='bbox 1449 330 1578 360; x_wconf 62' lang='lat' dir='ltr'>volumus</span> <span class='ocrx_word' id='word_1_249' title='bbox 1590 330 1688 360; x_wconf 79' lang='lat' dir='ltr'>obtem</span> <span class='ocrx_word' id='word_1_250' title='bbox 1711 340 1783 360; x_wconf 88' lang='lat' dir='ltr'>erare</span> <span class='ocrx_word' id='word_1_251' title='bbox 1794 330 1936 370; x_wconf 73' lang='lat' dir='ltr'>precibus,</span> <span class='ocrx_word' id='word_1_252' title='bbox 1956 338 1986 361; x_wconf 91' lang='lat' dir='ltr'>ut</span> <span class='ocrx_word' id='word_1_253' title='bbox 2001 331 2132 361; x_wconf 74' lang='lat' dir='ltr'>valemus.</span> 
     </span>
    </p>
   </div>
   <div class='ocr_carea' id='block_1_12' title="bbox 1257 366 2333 1355">
    <p class='ocr_par' dir='ltr' id='par_1_17' title="bbox 1257 366 2310 476">
     <span class='ocr_line' id='line_1_35' title="bbox 1296 366 2308 408; baseline 0.002 -12"><span class='ocrx_word' id='word_1_254' title='bbox 1296 366 1367 406; x_wconf 85' lang='lat' dir='ltr'>Ipsos</span> <span class='ocrx_word' id='word_1_255' title='bbox 1387 367 1485 405; x_wconf 84' lang='lat' dir='ltr'>igitur,</span> <span class='ocrx_word' id='word_1_256' title='bbox 1501 367 1519 396; x_wconf 90' lang='lat' dir='ltr'>si</span> <span class='ocrx_word' id='word_1_257' title='bbox 1540 368 1645 406; x_wconf 79' lang='lat' dir='ltr'>placet,</span> <span class='ocrx_word' id='word_1_258' title='bbox 1664 379 1678 397; x_wconf 93' lang='lat' dir='ltr'>a</span> <span class='ocrx_word' id='word_1_259' title='bbox 1721 368 1846 398; x_wconf 86' lang='lat' dir='ltr'>nostram</span> <span class='ocrx_word' id='word_1_260' title='bbox 1869 370 1980 399; x_wconf 89' lang='lat' dir='ltr'>mittatis</span> <span class='ocrx_word' id='word_1_261' title='bbox 2002 369 2193 408; x_wconf 69' lang='lat' dir='ltr'>praesentiam,</span> <span class='ocrx_word' id='word_1_262' title='bbox 2208 369 2242 401; x_wconf 85' lang='lat'>&amp;</span> <span class='ocrx_word' id='word_1_263' title='bbox 2257 378 2308 398; x_wconf 85' lang='lat' dir='ltr'>nos</span> 
     </span>
     <span class='ocr_line' id='line_1_36' title="bbox 1257 405 2310 447; baseline 0.005 -14"><span class='ocrx_word' id='word_1_264' title='bbox 1257 405 1293 433; x_wconf 88' lang='lat' dir='ltr'>ita</span> <span class='ocrx_word' id='word_1_265' title='bbox 1307 405 1340 435; x_wconf 89' lang='lat' dir='ltr'>ad</span> <span class='ocrx_word' id='word_1_266' title='bbox 1354 406 1477 434; x_wconf 81' lang='lat' dir='ltr'>vestrum</span> <span class='ocrx_word' id='word_1_267' title='bbox 1492 406 1697 445; x_wconf 85' lang='lat' dir='ltr'>beneplacitum</span> <span class='ocrx_word' id='word_1_268' title='bbox 1712 416 1823 446; x_wconf 66' lang='lat' dir='ltr'>agemus</span> <span class='ocrx_word' id='word_1_269' title='bbox 1836 417 1903 437; x_wconf 89' lang='lat' dir='ltr'>cum</span> <span class='ocrx_word' id='word_1_270' title='bbox 1918 408 2054 447; x_wconf 86' lang='lat' dir='ltr'>cis,quod</span> <span class='ocrx_word' id='word_1_271' title='bbox 2070 417 2130 438; x_wconf 90' lang='lat' dir='ltr'>non</span> <span class='ocrx_word' id='word_1_272' title='bbox 2144 408 2195 438; x_wconf 87' lang='lat' dir='ltr'>erit</span> <span class='ocrx_word' id='word_1_273' title='bbox 2208 408 2246 438; x_wconf 84' lang='lat' dir='ltr'>eis</span> <span class='ocrx_word' id='word_1_274' title='bbox 2260 417 2310 438; x_wconf 86' lang='lat' dir='ltr'>ne-</span> 
     </span>
     <span class='ocr_line' id='line_1_37' title="bbox 1257 443 1928 476; baseline 0.004 -4"><span class='ocrx_word' id='word_1_275' title='bbox 1257 443 1330 473; x_wconf 76' lang='lat' dir='ltr'>cesse</span> <span class='ocrx_word' id='word_1_276' title='bbox 1343 443 1453 473; x_wconf 87' lang='lat' dir='ltr'>ulterius</span> <span class='ocrx_word' id='word_1_277' title='bbox 1467 443 1500 473; x_wconf 91' lang='lat' dir='ltr'>ad</span> <span class='ocrx_word' id='word_1_278' title='bbox 1513 453 1563 473; x_wconf 89' lang='lat' dir='ltr'>vos</span> <span class='ocrx_word' id='word_1_279' title='bbox 1577 454 1715 474; x_wconf 41' lang='lat' dir='ltr'>recurrere</span> <span class='ocrx_word' id='word_1_280' title='bbox 1729 453 1762 474; x_wconf 85' lang='lat' dir='ltr'>ex</span> <span class='ocrx_word' id='word_1_281' title='bbox 1774 445 1826 476; x_wconf 90' lang='lat' dir='ltr'>hac</span> <span class='ocrx_word' id='word_1_282' title='bbox 1841 445 1928 476; x_wconf 69' lang='lat' dir='ltr'>causa.</span> 
     </span>
    </p>

    <p class='ocr_par' dir='ltr' id='par_1_18' title="bbox 1259 480 2314 601">
     <span class='ocr_line' id='line_1_38' title="bbox 1298 480 2314 522; baseline 0.003 -11"><span class='ocrx_word' id='word_1_283' title='bbox 1298 480 1442 512; x_wconf 77' lang='lat' dir='ltr'>Mittimus</span> <span class='ocrx_word' id='word_1_284' title='bbox 1463 482 1539 511; x_wconf 87' lang='lat' dir='ltr'>enim</span> <span class='ocrx_word' id='word_1_285' title='bbox 1560 482 1667 512; x_wconf 89' lang='lat' dir='ltr'>idcirco</span> <span class='ocrx_word' id='word_1_286' title='bbox 1699 492 1732 512; x_wconf 90' lang='lat' dir='ltr'>ro</span> <span class='ocrx_word' id='word_1_287' title='bbox 1747 484 1802 521; x_wconf 87' lang='lat' dir='ltr'>eis,</span> <span class='ocrx_word' id='word_1_288' title='bbox 1818 491 1849 513; x_wconf 90' lang='lat' dir='ltr'>ut</span> <span class='ocrx_word' id='word_1_289' title='bbox 1862 483 2034 521; x_wconf 82' lang='lat' dir='ltr'>personaliter</span> <span class='ocrx_word' id='word_1_290' title='bbox 2046 484 2080 514; x_wconf 90' lang='lat' dir='ltr'>ad</span> <span class='ocrx_word' id='word_1_291' title='bbox 2095 495 2147 515; x_wconf 86' lang='lat' dir='ltr'>nos</span> <span class='ocrx_word' id='word_1_292' title='bbox 2161 483 2314 522; x_wconf 80' lang='lat' dir='ltr'>accedant,</span> 
     </span>
     <span class='ocr_line' id='line_1_39' title="bbox 1259 519 2314 562; baseline 0.005 -13"><span class='ocrx_word' id='word_1_293' title='bbox 1259 519 1355 550; x_wconf 87' lang='lat' dir='ltr'>dantes</span> <span class='ocrx_word' id='word_1_294' title='bbox 1375 521 1414 550; x_wconf 89' lang='lat' dir='ltr'>eis</span> <span class='ocrx_word' id='word_1_295' title='bbox 1436 519 1613 550; x_wconf 70' lang='lat' dir='ltr'>condutstum</span> <span class='ocrx_word' id='word_1_296' title='bbox 1626 530 1665 549; x_wconf 88' lang='lat' dir='ltr'>no</span> <span class='ocrx_word' id='word_1_297' title='bbox 1691 530 1770 558; x_wconf 90' lang='lat' dir='ltr'>rum,</span> <span class='ocrx_word' id='word_1_298' title='bbox 1785 521 1903 559; x_wconf 70' lang='lat' dir='ltr'>vosqie,</span> <span class='ocrx_word' id='word_1_299' title='bbox 1918 523 1938 552; x_wconf 94' lang='lat' dir='ltr'>si</span> <span class='ocrx_word' id='word_1_300' title='bbox 1949 523 2031 553; x_wconf 87' lang='lat' dir='ltr'>vobis</span> <span class='ocrx_word' id='word_1_301' title='bbox 2044 523 2167 562; x_wconf 83' lang='lat' dir='ltr'>placeat,</span> <span class='ocrx_word' id='word_1_302' title='bbox 2185 523 2314 555; x_wconf 86' lang='lat' dir='ltr'>conduc-</span> 
     </span>
     <span class='ocr_line' id='line_1_40' title="bbox 1260 558 2158 601; baseline 0.006 -13"><span class='ocrx_word' id='word_1_303' title='bbox 1260 566 1323 589; x_wconf 89' lang='lat' dir='ltr'>tum</span> <span class='ocrx_word' id='word_1_304' title='bbox 1339 559 1461 589; x_wconf 87' lang='lat' dir='ltr'>similiter</span> <span class='ocrx_word' id='word_1_305' title='bbox 1474 558 1542 588; x_wconf 88' lang='lat' dir='ltr'>detis</span> <span class='ocrx_word' id='word_1_306' title='bbox 1555 560 1609 597; x_wconf 88' lang='lat' dir='ltr'>eis,</span> <span class='ocrx_word' id='word_1_307' title='bbox 1625 559 1777 589; x_wconf 86' lang='lat' dir='ltr'>secundum</span> <span class='ocrx_word' id='word_1_308' title='bbox 1792 559 1868 596; x_wconf 67' lang='lat' dir='ltr'>quod</span> <span class='ocrx_word' id='word_1_309' title='bbox 1882 559 1962 589; x_wconf 88' lang='lat' dir='ltr'>fuerit</span> <span class='ocrx_word' id='word_1_310' title='bbox 1974 569 2158 601; x_wconf 84' lang='lat' dir='ltr'>oportunum.</span> 
     </span>
    </p>

    <p class='ocr_par' dir='ltr' id='par_1_19' title="bbox 1261 597 2322 906">
     <span class='ocr_line' id='line_1_41' title="bbox 1297 597 2316 637; baseline 0.002 -11"><span class='ocrx_word' id='word_1_311' title='bbox 1297 597 1344 627; x_wconf 90' lang='lat' dir='ltr'>De</span> <span class='ocrx_word' id='word_1_312' title='bbox 1367 597 1548 627; x_wconf 81' lang='lat' dir='ltr'>matrimonio</span> <span class='ocrx_word' id='word_1_313' title='bbox 1566 597 1759 627; x_wconf 87' lang='lat' dir='ltr'>contrahendo</span> <span class='ocrx_word' id='word_1_314' title='bbox 1777 597 1848 626; x_wconf 89' lang='lat' dir='ltr'>inter</span> <span class='ocrx_word' id='word_1_315' title='bbox 1870 597 1953 627; x_wconf 84' lang='lat' dir='ltr'>filiam</span> <span class='ocrx_word' id='word_1_316' title='bbox 1969 598 2110 637; x_wconf 80' lang='lat' dir='ltr'>nostram,</span> <span class='ocrx_word' id='word_1_317' title='bbox 2130 601 2163 631; x_wconf 64' lang='grc' dir='ltr'>ὃς</span> <span class='ocrx_word' id='word_1_318' title='bbox 2177 608 2267 630; x_wconf 88' lang='lat' dir='ltr'>unum</span> <span class='ocrx_word' id='word_1_319' title='bbox 2279 597 2316 628; x_wconf 85' lang='lat' dir='ltr'>de</span> 
     </span>
     <span class='ocr_line' id='line_1_42' title="bbox 1262 635 2316 677; baseline 0.001 -13"><span class='ocrx_word' id='word_1_320' title='bbox 1262 635 1389 666; x_wconf 87' lang='lat' dir='ltr'>fratribus</span> <span class='ocrx_word' id='word_1_321' title='bbox 1402 635 1496 665; x_wconf 87' lang='lat' dir='ltr'>vestris</span> <span class='ocrx_word' id='word_1_322' title='bbox 1509 637 1646 675; x_wconf 75' lang='lat' dir='ltr'>germanis</span> <span class='ocrx_word' id='word_1_323' title='bbox 1661 636 1706 673; x_wconf 80' lang='lat' dir='ltr'>(ad</span> <span class='ocrx_word' id='word_1_324' title='bbox 1721 635 1798 673; x_wconf 91' lang='lat' dir='ltr'>quod</span> <span class='ocrx_word' id='word_1_325' title='bbox 1814 635 1976 665; x_wconf 86' lang='lat' dir='ltr'>Dominum</span> <span class='ocrx_word' id='word_1_326' title='bbox 1992 636 2175 668; x_wconf 82' lang='lat' dir='ltr'>Emanuelem</span> <span class='ocrx_word' id='word_1_327' title='bbox 2188 637 2316 677; x_wconf 81' lang='lat' dir='ltr'>elegistis)</span> 
     </span>
     <span class='ocr_line' id='line_1_43' title="bbox 1261 672 2319 715; baseline 0.001 -12"><span class='ocrx_word' id='word_1_328' title='bbox 1261 684 1356 704; x_wconf 88' lang='lat' dir='ltr'>revera</span> <span class='ocrx_word' id='word_1_329' title='bbox 1376 673 1493 704; x_wconf 82' lang='lat' dir='ltr'>libenter</span> <span class='ocrx_word' id='word_1_330' title='bbox 1514 674 1645 704; x_wconf 89' lang='lat' dir='ltr'>volumus</span> <span class='ocrx_word' id='word_1_331' title='bbox 1663 683 1693 704; x_wconf 90' lang='lat' dir='ltr'>ut</span> <span class='ocrx_word' id='word_1_332' title='bbox 1715 674 1806 703; x_wconf 88' lang='lat' dir='ltr'>eidem</span> <span class='ocrx_word' id='word_1_333' title='bbox 1827 672 1881 703; x_wconf 85' lang='lat' dir='ltr'>filia</span> <span class='ocrx_word' id='word_1_334' title='bbox 1900 673 1993 704; x_wconf 82' lang='lat' dir='ltr'>nostra</span> <span class='ocrx_word' id='word_1_335' title='bbox 2013 676 2157 715; x_wconf 73' lang='lat' dir='ltr'>nupsisset,</span> <span class='ocrx_word' id='word_1_336' title='bbox 2173 677 2241 706; x_wconf 89' lang='lat' dir='ltr'>sicut</span> <span class='ocrx_word' id='word_1_337' title='bbox 2255 675 2319 706; x_wconf 75' lang='lat' dir='ltr'>alias</span> 
     </span>
     <span class='ocr_line' id='line_1_44' title="bbox 1262 711 2320 753; baseline 0.003 -12"><span class='ocrx_word' id='word_1_338' title='bbox 1262 712 1407 741; x_wconf 81' lang='lat' dir='ltr'>Serenitati</span> <span class='ocrx_word' id='word_1_339' title='bbox 1426 712 1526 742; x_wconf 73' lang='lat' dir='ltr'>vestra:</span> <span class='ocrx_word' id='word_1_340' title='bbox 1546 712 1753 751; x_wconf 80' lang='lat' dir='ltr'>mandavimus,</span> <span class='ocrx_word' id='word_1_341' title='bbox 1772 711 1932 742; x_wconf 88' lang='lat' dir='ltr'>dummodo</span> <span class='ocrx_word' id='word_1_342' title='bbox 1950 712 2058 743; x_wconf 68' lang='lat' dir='ltr'>dictum</span> <span class='ocrx_word' id='word_1_343' title='bbox 2080 713 2190 744; x_wconf 88' lang='lat' dir='ltr'>fratrem</span> <span class='ocrx_word' id='word_1_344' title='bbox 2212 715 2241 744; x_wconf 92' lang='lat' dir='ltr'>in</span> <span class='ocrx_word' id='word_1_345' title='bbox 2254 722 2320 753; x_wconf 87' lang='lat' dir='ltr'>pos-</span> 
     </span>
     <span class='ocr_line' id='line_1_45' title="bbox 1263 749 2322 792; baseline 0.002 -13"><span class='ocrx_word' id='word_1_346' title='bbox 1263 749 1425 780; x_wconf 76' lang='lat' dir='ltr'>sessionibus</span> <span class='ocrx_word' id='word_1_347' title='bbox 1444 750 1636 788; x_wconf 86' lang='lat' dir='ltr'>respexissetis,</span> <span class='ocrx_word' id='word_1_348' title='bbox 1654 752 1779 790; x_wconf 82' lang='lat' dir='ltr'>quatinus</span> <span class='ocrx_word' id='word_1_349' title='bbox 1800 750 1852 780; x_wconf 88' lang='lat' dir='ltr'>tale</span> <span class='ocrx_word' id='word_1_350' title='bbox 1873 751 2037 790; x_wconf 81' lang='lat' dir='ltr'>conjugium</span> <span class='ocrx_word' id='word_1_351' title='bbox 2058 761 2092 781; x_wconf 90' lang='lat' dir='ltr'>ex</span> <span class='ocrx_word' id='word_1_352' title='bbox 2111 762 2225 792; x_wconf 87' lang='lat' dir='ltr'>utraque</span> <span class='ocrx_word' id='word_1_353' title='bbox 2243 759 2322 792; x_wconf 82' lang='lat' dir='ltr'>parte</span> 
     </span>
     <span class='ocr_line' id='line_1_46' title="bbox 1264 788 2322 829; baseline 0.003 -11"><span class='ocrx_word' id='word_1_354' title='bbox 1264 788 1395 826; x_wconf 74' lang='lat' dir='ltr'>deceret,</span> <span class='ocrx_word' id='word_1_355' title='bbox 1419 789 1492 819; x_wconf 88' lang='lat' dir='ltr'>unde</span> <span class='ocrx_word' id='word_1_356' title='bbox 1506 799 1560 819; x_wconf 91' lang='lat' dir='ltr'>nec</span> <span class='ocrx_word' id='word_1_357' title='bbox 1574 789 1660 829; x_wconf 87' lang='lat' dir='ltr'>ipsam</span> <span class='ocrx_word' id='word_1_358' title='bbox 1673 789 1764 819; x_wconf 91' lang='lat' dir='ltr'>adhuc</span> <span class='ocrx_word' id='word_1_359' title='bbox 1779 789 1879 827; x_wconf 88' lang='lat' dir='ltr'>nuptui</span> <span class='ocrx_word' id='word_1_360' title='bbox 1893 789 2074 828; x_wconf 75' lang='lat' dir='ltr'>tradidimu83</span> <span class='ocrx_word' id='word_1_361' title='bbox 2097 801 2148 821; x_wconf 78' lang='lat' dir='ltr'>vos</span> <span class='ocrx_word' id='word_1_362' title='bbox 2162 799 2253 821; x_wconf 88' lang='lat' dir='ltr'>autem</span> <span class='ocrx_word' id='word_1_363' title='bbox 2266 791 2322 822; x_wconf 63' lang='lat' dir='ltr'>fra÷</span> 
     </span>
     <span class='ocr_line' id='line_1_47' title="bbox 1264 825 2320 871; baseline 0.002 -16"><span class='ocrx_word' id='word_1_364' title='bbox 1264 834 1336 856; x_wconf 88' lang='lat' dir='ltr'>trem</span> <span class='ocrx_word' id='word_1_365' title='bbox 1350 825 1473 856; x_wconf 78' lang='lat' dir='ltr'>vestrum</span> <span class='ocrx_word' id='word_1_366' title='bbox 1482 851 1490 865; x_wconf 90' lang='lat'>,</span> <span class='ocrx_word' id='word_1_367' title='bbox 1511 827 1663 858; x_wconf 90' lang='lat' dir='ltr'>secundum</span> <span class='ocrx_word' id='word_1_368' title='bbox 1675 828 1752 867; x_wconf 89' lang='lat' dir='ltr'>quod</span> <span class='ocrx_word' id='word_1_369' title='bbox 1765 828 1845 858; x_wconf 89' lang='lat' dir='ltr'>vobis</span> <span class='ocrx_word' id='word_1_370' title='bbox 1856 828 2049 871; x_wconf 85' lang='lat' dir='ltr'>beneplacuit,</span> <span class='ocrx_word' id='word_1_371' title='bbox 2067 829 2223 865; x_wconf 75' lang='lat' dir='ltr'>maritastis5</span> <span class='ocrx_word' id='word_1_372' title='bbox 2245 827 2320 858; x_wconf 89' lang='lat' dir='ltr'>unde</span> 
     </span>
     <span class='ocr_line' id='line_1_48' title="bbox 1264 865 2319 906; baseline 0.001 -12"><span class='ocrx_word' id='word_1_373' title='bbox 1264 866 1384 904; x_wconf 87' lang='lat' dir='ltr'>petimus</span> <span class='ocrx_word' id='word_1_374' title='bbox 1399 873 1429 895; x_wconf 93' lang='lat' dir='ltr'>ut</span> <span class='ocrx_word' id='word_1_375' title='bbox 1442 865 1477 895; x_wconf 91' lang='lat' dir='ltr'>de</span> <span class='ocrx_word' id='word_1_376' title='bbox 1490 866 1547 895; x_wconf 89' lang='lat' dir='ltr'>hoc</span> <span class='ocrx_word' id='word_1_377' title='bbox 1571 867 1591 896; x_wconf 91' lang='lat' dir='ltr'>si</span> <span class='ocrx_word' id='word_1_378' title='bbox 1605 867 1696 906; x_wconf 90' lang='lat' dir='ltr'>placet</span> <span class='ocrx_word' id='word_1_379' title='bbox 1707 889 1715 904; x_wconf 93' lang='lat'>,</span> <span class='ocrx_word' id='word_1_380' title='bbox 1726 867 1871 896; x_wconf 77' lang='lat' dir='ltr'>decaetero</span> <span class='ocrx_word' id='word_1_381' title='bbox 1884 867 2064 896; x_wconf 74' lang='lat' dir='ltr'>amicabiliter</span> <span class='ocrx_word' id='word_1_382' title='bbox 2079 866 2209 897; x_wconf 87' lang='lat' dir='ltr'>sustinere</span> <span class='ocrx_word' id='word_1_383' title='bbox 2222 867 2319 897; x_wconf 81' lang='lat' dir='ltr'>velitis.</span> 
     </span>
    </p>

    <p class='ocr_par' dir='ltr' id='par_1_20' title="bbox 1266 889 2325 1056">
     <span class='ocr_line' id='line_1_49' title="bbox 1305 889 2323 944; baseline 0.002 -12"><span class='ocrx_word' id='word_1_384' title='bbox 1305 902 1353 932; x_wconf 91' lang='lat' dir='ltr'>De</span> <span class='ocrx_word' id='word_1_385' title='bbox 1373 905 1490 942; x_wconf 88' lang='lat' dir='ltr'>negotiis</span> <span class='ocrx_word' id='word_1_386' title='bbox 1510 889 1662 935; x_wconf 69' lang='lat' dir='ltr'>Assricanis</span> <span class='ocrx_word' id='word_1_387' title='bbox 1682 904 1746 934; x_wconf 88' lang='lat' dir='ltr'>sciat</span> <span class='ocrx_word' id='word_1_388' title='bbox 1766 904 1855 934; x_wconf 89' lang='lat' dir='ltr'>vestra</span> <span class='ocrx_word' id='word_1_389' title='bbox 1875 905 2011 934; x_wconf 89' lang='lat' dir='ltr'>sinceritas</span> <span class='ocrx_word' id='word_1_390' title='bbox 2029 905 2105 944; x_wconf 89' lang='lat' dir='ltr'>quod</span> <span class='ocrx_word' id='word_1_391' title='bbox 2124 906 2184 936; x_wconf 84' lang='lat' dir='ltr'>satis</span> <span class='ocrx_word' id='word_1_392' title='bbox 2204 905 2323 934; x_wconf 81' lang='lat' dir='ltr'>libenter</span> 
     </span>
     <span class='ocr_line' id='line_1_50' title="bbox 1266 940 2321 983; baseline 0.003 -14"><span class='ocrx_word' id='word_1_393' title='bbox 1266 940 1407 970; x_wconf 70' lang='lat' dir='ltr'>fuissemus</span> <span class='ocrx_word' id='word_1_394' title='bbox 1424 942 1573 972; x_wconf 85' lang='lat' dir='ltr'>vobiscum</span> <span class='ocrx_word' id='word_1_395' title='bbox 1593 943 1627 973; x_wconf 87' lang='lat' dir='ltr'>ad</span> <span class='ocrx_word' id='word_1_396' title='bbox 1648 951 1735 980; x_wconf 84' lang='lat' dir='ltr'>partes</span> <span class='ocrx_word' id='word_1_397' title='bbox 1755 942 1809 971; x_wconf 82' lang='lat' dir='ltr'>ilias</span> <span class='ocrx_word' id='word_1_398' title='bbox 1829 941 1983 973; x_wconf 82' lang='lat' dir='ltr'>Affricanas</span> <span class='ocrx_word' id='word_1_399' title='bbox 2003 943 2145 983; x_wconf 72' lang='lat' dir='ltr'>profecti,</span> <span class='ocrx_word' id='word_1_400' title='bbox 2168 945 2188 974; x_wconf 89' lang='lat' dir='ltr'>si</span> <span class='ocrx_word' id='word_1_401' title='bbox 2207 943 2264 973; x_wconf 88' lang='lat' dir='ltr'>hoc</span> <span class='ocrx_word' id='word_1_402' title='bbox 2284 943 2321 972; x_wconf 89' lang='lat' dir='ltr'>de</span> 
     </span>
     <span class='ocr_line' id='line_1_51' title="bbox 1267 978 2325 1024; baseline 0.003 -17"><span class='ocrx_word' id='word_1_403' title='bbox 1267 978 1392 1022; x_wconf 81' lang='lat' dir='ltr'>Domini</span> <span class='ocrx_word' id='word_1_404' title='bbox 1407 978 1491 1017; x_wconf 82' lang='lat' dir='ltr'>Papae</span> <span class='ocrx_word' id='word_1_405' title='bbox 1505 980 1613 1010; x_wconf 84' lang='lat' dir='ltr'>licentia</span> <span class='ocrx_word' id='word_1_406' title='bbox 1628 980 1815 1018; x_wconf 81' lang='lat' dir='ltr'>proceffilset‚·</span> <span class='ocrx_word' id='word_1_407' title='bbox 1835 981 1910 1010; x_wconf 88' lang='lat' dir='ltr'>illam</span> <span class='ocrx_word' id='word_1_408' title='bbox 1922 991 2041 1024; x_wconf 87' lang='lat' dir='ltr'>namque</span> <span class='ocrx_word' id='word_1_409' title='bbox 2060 982 2274 1019; x_wconf 88' lang='lat' dir='ltr'>conditionem,</span> <span class='ocrx_word' id='word_1_410' title='bbox 2293 982 2325 1010; x_wconf 85' lang='lat' dir='ltr'>in</span> 
     </span>
     <span class='ocr_line' id='line_1_52' title="bbox 1268 1017 2073 1056; baseline 0.002 -10"><span class='ocrx_word' id='word_1_411' title='bbox 1268 1017 1355 1046; x_wconf 69' lang='lat' dir='ltr'>dictae</span> <span class='ocrx_word' id='word_1_412' title='bbox 1368 1019 1565 1048; x_wconf 80' lang='lat' dir='ltr'>conventionis</span> <span class='ocrx_word' id='word_1_413' title='bbox 1576 1019 1707 1056; x_wconf 87' lang='lat' dir='ltr'>articulo,</span> <span class='ocrx_word' id='word_1_414' title='bbox 1726 1019 1785 1049; x_wconf 78' lang='lat' dir='ltr'>satis</span> <span class='ocrx_word' id='word_1_415' title='bbox 1796 1018 1913 1048; x_wconf 77' lang='lat' dir='ltr'>recolitis</span> <span class='ocrx_word' id='word_1_416' title='bbox 1927 1020 2073 1049; x_wconf 87' lang='lat' dir='ltr'>contineri.</span> 
     </span>
    </p>

    <p class='ocr_par' dir='ltr' id='par_1_21' title="bbox 1270 1054 2330 1249">
     <span class='ocr_line' id='line_1_53' title="bbox 1306 1054 2325 1096; baseline 0.001 -12"><span class='ocrx_word' id='word_1_417' title='bbox 1306 1054 1375 1085; x_wconf 91' lang='lat' dir='ltr'>Nos</span> <span class='ocrx_word' id='word_1_418' title='bbox 1392 1063 1504 1093; x_wconf 88' lang='lat' dir='ltr'>autem,</span> <span class='ocrx_word' id='word_1_419' title='bbox 1531 1066 1599 1086; x_wconf 91' lang='lat' dir='ltr'>cum</span> <span class='ocrx_word' id='word_1_420' title='bbox 1621 1067 1636 1086; x_wconf 93' lang='lat' dir='ltr'>a</span> <span class='ocrx_word' id='word_1_421' title='bbox 1655 1057 1734 1087; x_wconf 60' lang='lat' dir='ltr'>disto</span> <span class='ocrx_word' id='word_1_422' title='bbox 1754 1055 1886 1086; x_wconf 91' lang='lat' dir='ltr'>Domino</span> <span class='ocrx_word' id='word_1_423' title='bbox 1902 1055 1976 1095; x_wconf 88' lang='lat' dir='ltr'>Papa</span> <span class='ocrx_word' id='word_1_424' title='bbox 1996 1057 2030 1087; x_wconf 93' lang='lat' dir='ltr'>ad</span> <span class='ocrx_word' id='word_1_425' title='bbox 2050 1058 2108 1087; x_wconf 87' lang='lat' dir='ltr'>hoc</span> <span class='ocrx_word' id='word_1_426' title='bbox 2129 1065 2178 1096; x_wconf 88' lang='lat' dir='ltr'>per</span> <span class='ocrx_word' id='word_1_427' title='bbox 2198 1055 2325 1096; x_wconf 82' lang='lat' dir='ltr'>speciales</span> 
     </span>
     <span class='ocr_line' id='line_1_54' title="bbox 1270 1092 2329 1133; baseline 0.001 -10"><span class='ocrx_word' id='word_1_428' title='bbox 1270 1092 1405 1123; x_wconf 90' lang='lat' dir='ltr'>Nuncios</span> <span class='ocrx_word' id='word_1_429' title='bbox 1417 1093 1527 1123; x_wconf 89' lang='lat' dir='ltr'>nostros</span> <span class='ocrx_word' id='word_1_430' title='bbox 1541 1094 1683 1124; x_wconf 81' lang='lat' dir='ltr'>licentiam</span> <span class='ocrx_word' id='word_1_431' title='bbox 1696 1102 1867 1133; x_wconf 88' lang='lat' dir='ltr'>peteremus,</span> <span class='ocrx_word' id='word_1_432' title='bbox 1885 1095 2062 1132; x_wconf 80' lang='lat' dir='ltr'>nequivimus</span> <span class='ocrx_word' id='word_1_433' title='bbox 2074 1105 2093 1124; x_wconf 95' lang='lat' dir='ltr'>o</span> <span class='ocrx_word' id='word_1_434' title='bbox 2113 1095 2251 1133; x_wconf 82' lang='lat' dir='ltr'>tinere-,in</span> <span class='ocrx_word' id='word_1_435' title='bbox 2267 1102 2329 1125; x_wconf 88' lang='lat' dir='ltr'>tan-</span> 
     </span>
     <span class='ocr_line' id='line_1_55' title="bbox 1271 1132 2330 1172; baseline 0 -11"><span class='ocrx_word' id='word_1_436' title='bbox 1271 1139 1334 1161; x_wconf 89' lang='lat' dir='ltr'>tum</span> <span class='ocrx_word' id='word_1_437' title='bbox 1348 1132 1424 1161; x_wconf 89' lang='lat' dir='ltr'>enim</span> <span class='ocrx_word' id='word_1_438' title='bbox 1436 1133 1542 1170; x_wconf 87' lang='lat' dir='ltr'>extitit,</span> <span class='ocrx_word' id='word_1_439' title='bbox 1560 1134 1594 1163; x_wconf 89' lang='lat'>&amp;</span> <span class='ocrx_word' id='word_1_440' title='bbox 1609 1132 1700 1162; x_wconf 87' lang='lat' dir='ltr'>existit</span> <span class='ocrx_word' id='word_1_441' title='bbox 1715 1132 1764 1162; x_wconf 87' lang='lat' dir='ltr'>sibi</span> <span class='ocrx_word' id='word_1_442' title='bbox 1780 1132 1861 1162; x_wconf 90' lang='lat' dir='ltr'>cordi</span> <span class='ocrx_word' id='word_1_443' title='bbox 1872 1133 2019 1171; x_wconf 86' lang='lat' dir='ltr'>negotium</span> <span class='ocrx_word' id='word_1_444' title='bbox 2033 1132 2096 1172; x_wconf 83' lang='lat' dir='ltr'>Apu</span> <span class='ocrx_word' id='word_1_445' title='bbox 2109 1133 2159 1171; x_wconf 79' lang='lat' dir='ltr'>iae,</span> <span class='ocrx_word' id='word_1_446' title='bbox 2183 1132 2260 1170; x_wconf 88' lang='lat' dir='ltr'>quod</span> <span class='ocrx_word' id='word_1_447' title='bbox 2275 1141 2330 1161; x_wconf 91' lang='lat' dir='ltr'>no-</span> 
     </span>
     <span class='ocr_line' id='line_1_56' title="bbox 1273 1169 2329 1211; baseline 0.002 -12"><span class='ocrx_word' id='word_1_448' title='bbox 1273 1170 1314 1199; x_wconf 91' lang='lat' dir='ltr'>bis</span> <span class='ocrx_word' id='word_1_449' title='bbox 1335 1170 1494 1211; x_wconf 74' lang='lat' dir='ltr'>incumbit,</span> <span class='ocrx_word' id='word_1_450' title='bbox 1511 1171 1588 1211; x_wconf 89' lang='lat' dir='ltr'>quod</span> <span class='ocrx_word' id='word_1_451' title='bbox 1610 1181 1671 1200; x_wconf 92' lang='lat' dir='ltr'>non</span> <span class='ocrx_word' id='word_1_452' title='bbox 1691 1171 1827 1209; x_wconf 88' lang='lat' dir='ltr'>permittit</span> <span class='ocrx_word' id='word_1_453' title='bbox 1838 1180 1890 1200; x_wconf 90' lang='lat' dir='ltr'>nos</span> <span class='ocrx_word' id='word_1_454' title='bbox 1902 1169 1936 1199; x_wconf 88' lang='lat' dir='ltr'>ad</span> <span class='ocrx_word' id='word_1_455' title='bbox 1951 1169 2024 1200; x_wconf 83' lang='lat' dir='ltr'>aliud</span> <span class='ocrx_word' id='word_1_456' title='bbox 2042 1171 2182 1200; x_wconf 86' lang='lat' dir='ltr'>intendere</span> <span class='ocrx_word' id='word_1_457' title='bbox 2197 1195 2207 1209; x_wconf 89' lang='lat'>,</span> <span class='ocrx_word' id='word_1_458' title='bbox 2233 1170 2329 1202; x_wconf 86' lang='lat' dir='ltr'>donec</span> 
     </span>
     <span class='ocr_line' id='line_1_57' title="bbox 1273 1207 2088 1249; baseline -0.001 -11"><span class='ocrx_word' id='word_1_459' title='bbox 1273 1207 1341 1246; x_wconf 87' lang='lat' dir='ltr'>quid</span> <span class='ocrx_word' id='word_1_460' title='bbox 1354 1209 1389 1238; x_wconf 91' lang='lat' dir='ltr'>de</span> <span class='ocrx_word' id='word_1_461' title='bbox 1402 1209 1480 1239; x_wconf 61' lang='lat' dir='ltr'>duffio</span> <span class='ocrx_word' id='word_1_462' title='bbox 1496 1209 1612 1249; x_wconf 83' lang='lat' dir='ltr'>negotio</span> <span class='ocrx_word' id='word_1_463' title='bbox 1626 1209 1683 1239; x_wconf 81' lang='lat' dir='ltr'>sieri</span> <span class='ocrx_word' id='word_1_464' title='bbox 1698 1209 1814 1246; x_wconf 66' lang='lat' dir='ltr'>debeat,</span> <span class='ocrx_word' id='word_1_465' title='bbox 1832 1208 1915 1238; x_wconf 88' lang='lat' dir='ltr'>fuerit</span> <span class='ocrx_word' id='word_1_466' title='bbox 1930 1207 2088 1246; x_wconf 74' lang='lat' dir='ltr'>provisum,</span> 
     </span>
    </p>

    <p class='ocr_par' dir='ltr' id='par_1_22' title="bbox 1274 1245 2333 1355">
     <span class='ocr_line' id='line_1_58' title="bbox 1310 1245 2331 1287; baseline 0 -11"><span class='ocrx_word' id='word_1_467' title='bbox 1310 1247 1455 1287; x_wconf 90' lang='lat' dir='ltr'>Siquidem</span> <span class='ocrx_word' id='word_1_468' title='bbox 1474 1257 1522 1285; x_wconf 92' lang='lat' dir='ltr'>per</span> <span class='ocrx_word' id='word_1_469' title='bbox 1543 1247 1681 1285; x_wconf 89' lang='lat' dir='ltr'>vestram,</span> <span class='ocrx_word' id='word_1_470' title='bbox 1696 1255 1743 1277; x_wconf 87' lang='lat' dir='ltr'>aut</span> <span class='ocrx_word' id='word_1_471' title='bbox 1762 1246 1888 1277; x_wconf 85' lang='lat' dir='ltr'>nostram</span> <span class='ocrx_word' id='word_1_472' title='bbox 1902 1245 2059 1278; x_wconf 88' lang='lat' dir='ltr'>instantiam</span> <span class='ocrx_word' id='word_1_473' title='bbox 2074 1256 2088 1276; x_wconf 90' lang='lat' dir='ltr'>a</span> <span class='ocrx_word' id='word_1_474' title='bbox 2102 1245 2181 1276; x_wconf 51' lang='lat' dir='ltr'>dicio</span> <span class='ocrx_word' id='word_1_475' title='bbox 2196 1245 2331 1277; x_wconf 89' lang='lat' dir='ltr'>Domino</span> 
     </span>
     <span class='ocr_line' id='line_1_59' title="bbox 1274 1284 2333 1326; baseline 0 -11"><span class='ocrx_word' id='word_1_476' title='bbox 1274 1284 1416 1316; x_wconf 87' lang='lat' dir='ltr'>licentiam</span> <span class='ocrx_word' id='word_1_477' title='bbox 1430 1287 1577 1325; x_wconf 84' lang='lat' dir='ltr'>impetrare</span> <span class='ocrx_word' id='word_1_478' title='bbox 1590 1286 1748 1326; x_wconf 80' lang='lat' dir='ltr'>possemus,</span> <span class='ocrx_word' id='word_1_479' title='bbox 1765 1285 1857 1316; x_wconf 86' lang='lat' dir='ltr'>adhuc</span> <span class='ocrx_word' id='word_1_480' title='bbox 1870 1285 1906 1315; x_wconf 91' lang='lat' dir='ltr'>ab</span> <span class='ocrx_word' id='word_1_481' title='bbox 1919 1284 1967 1314; x_wconf 90' lang='lat' dir='ltr'>illo</span> <span class='ocrx_word' id='word_1_482' title='bbox 1980 1284 2140 1322; x_wconf 84' lang='lat' dir='ltr'>proposito,</span> <span class='ocrx_word' id='word_1_483' title='bbox 2157 1284 2191 1314; x_wconf 63' lang='grc' dir='ltr'>ὃς</span> <span class='ocrx_word' id='word_1_484' title='bbox 2203 1285 2333 1316; x_wconf 85' lang='lat' dir='ltr'>volunta-</span> 
     </span>
     <span class='ocr_line' id='line_1_60' title="bbox 1274 1325 1842 1355; baseline -0.002 -1"><span class='ocrx_word' id='word_1_485' title='bbox 1274 1332 1302 1354; x_wconf 90' lang='lat' dir='ltr'>te</span> <span class='ocrx_word' id='word_1_486' title='bbox 1317 1325 1467 1354; x_wconf 91' lang='lat' dir='ltr'>communi</span> <span class='ocrx_word' id='word_1_487' title='bbox 1483 1325 1612 1355; x_wconf 90' lang='lat' dir='ltr'>recedere</span> <span class='ocrx_word' id='word_1_488' title='bbox 1624 1335 1683 1354; x_wconf 91' lang='lat' dir='ltr'>non</span> <span class='ocrx_word' id='word_1_489' title='bbox 1698 1325 1842 1355; x_wconf 84' lang='lat' dir='ltr'>vellemus.</span> 
     </span>
    </p>
   </div>
   <div class='ocr_carea' id='block_1_13' title="bbox 24 1359 2338 1520">
    <p class='ocr_par' dir='ltr' id='par_1_23' title="bbox 25 1359 2334 1402">
     <span class='ocr_line' id='line_1_61' title="bbox 25 1359 2334 1402; baseline -0.004 -4"><span class='ocrx_word' id='word_1_490' title='bbox 25 1367 105 1398; x_wconf 85' lang='lat' dir='ltr'>Ann.</span> <span class='ocrx_word' id='word_1_491' title='bbox 118 1364 163 1395; x_wconf 92' lang='lat' dir='ltr'>D.</span> <span class='ocrx_word' id='word_1_492' title='bbox 242 1363 268 1395; x_wconf 90' lang='lat' dir='ltr'>E</span> <span class='ocrx_word' id='word_1_493' title='bbox 277 1363 308 1394; x_wconf 88' lang='lat' dir='ltr'>X</span> <span class='ocrx_word' id='word_1_494' title='bbox 323 1364 471 1402; x_wconf 88' lang='lat' dir='ltr'>omnibus,</span> <span class='ocrx_word' id='word_1_495' title='bbox 487 1364 547 1394; x_wconf 79' lang='lat' dir='ltr'>&amp;c-</span> <span class='ocrx_word' id='word_1_496' title='bbox 566 1362 688 1394; x_wconf 75' lang='lat' dir='ltr'>salutem.</span> <span class='ocrx_word' id='word_1_497' title='bbox 1312 1362 1362 1392; x_wconf 93' lang='lat' dir='ltr'>De</span> <span class='ocrx_word' id='word_1_498' title='bbox 1376 1363 1496 1393; x_wconf 89' lang='lat' dir='ltr'>subsidio</span> <span class='ocrx_word' id='word_1_499' title='bbox 1511 1363 1593 1394; x_wconf 90' lang='lat' dir='ltr'>vobis</span> <span class='ocrx_word' id='word_1_500' title='bbox 1608 1363 1739 1393; x_wconf 91' lang='lat' dir='ltr'>faciendo</span> <span class='ocrx_word' id='word_1_501' title='bbox 1752 1371 1850 1393; x_wconf 86' lang='lat' dir='ltr'>contra</span> <span class='ocrx_word' id='word_1_502' title='bbox 1863 1361 1976 1392; x_wconf 89' lang='lat' dir='ltr'>fratrem</span> <span class='ocrx_word' id='word_1_503' title='bbox 1992 1359 2122 1391; x_wconf 89' lang='lat' dir='ltr'>nostrum</span> <span class='ocrx_word' id='word_1_504' title='bbox 2134 1359 2209 1398; x_wconf 69' lang='lat' dir='ltr'>satiS,</span> <span class='ocrx_word' id='word_1_505' title='bbox 2224 1367 2256 1390; x_wconf 90' lang='lat' dir='ltr'>ut</span> <span class='ocrx_word' id='word_1_506' title='bbox 2272 1369 2334 1390; x_wconf 82' lang='lat' dir='ltr'>cre-</span> 
     </span>
    </p>

    <p class='ocr_par' dir='ltr' id='par_1_24' title="bbox 24 1397 2338 1520">
     <span class='ocr_line' id='line_1_62' title="bbox 47 1397 2337 1443; baseline -0.003 -8"><span class='ocrx_word' id='word_1_507' title='bbox 47 1414 97 1443; x_wconf 88' lang='lat'>125</span> <span class='ocrx_word' id='word_1_508' title='bbox 105 1405 130 1434; x_wconf 78' lang='lat'>8.</span> <span class='ocrx_word' id='word_1_509' title='bbox 277 1403 372 1434; x_wconf 87' lang='lat' dir='ltr'>Sciatis</span> <span class='ocrx_word' id='word_1_510' title='bbox 384 1402 461 1442; x_wconf 91' lang='lat' dir='ltr'>quod</span> <span class='ocrx_word' id='word_1_511' title='bbox 475 1412 544 1440; x_wconf 86' lang='lat' dir='ltr'>nos,</span> <span class='ocrx_word' id='word_1_512' title='bbox 561 1411 614 1441; x_wconf 89' lang='lat' dir='ltr'>pro</span> <span class='ocrx_word' id='word_1_513' title='bbox 624 1401 723 1438; x_wconf 76' lang='lat' dir='ltr'>nobis,</span> <span class='ocrx_word' id='word_1_514' title='bbox 740 1401 773 1431; x_wconf 81' lang='lat'>&amp;</span> <span class='ocrx_word' id='word_1_515' title='bbox 788 1399 930 1431; x_wconf 82' lang='lat' dir='ltr'>Edwardo</span> <span class='ocrx_word' id='word_1_516' title='bbox 944 1399 1002 1431; x_wconf 78' lang='lat' dir='ltr'>filio</span> <span class='ocrx_word' id='word_1_517' title='bbox 1017 1400 1114 1431; x_wconf 87' lang='lat' dir='ltr'>nostro</span> <span class='ocrx_word' id='word_1_518' title='bbox 1129 1402 1236 1441; x_wconf 87' lang='lat' dir='ltr'>primo·</span> <span class='ocrx_word' id='word_1_519' title='bbox 1275 1401 1367 1431; x_wconf 90' lang='lat' dir='ltr'>dimus</span> <span class='ocrx_word' id='word_1_520' title='bbox 1381 1425 1390 1439; x_wconf 91' lang='lat'>,</span> <span class='ocrx_word' id='word_1_521' title='bbox 1414 1401 1515 1441; x_wconf 78' lang='lat' dir='ltr'>Regiae</span> <span class='ocrx_word' id='word_1_522' title='bbox 1541 1401 1726 1441; x_wconf 68' lang='lat' dir='ltr'>providentiae</span> <span class='ocrx_word' id='word_1_523' title='bbox 1747 1400 1930 1440; x_wconf 88' lang='lat' dir='ltr'>exposuerunt</span> <span class='ocrx_word' id='word_1_524' title='bbox 1950 1399 2064 1430; x_wconf 92' lang='lat' dir='ltr'>Nuncii</span> <span class='ocrx_word' id='word_1_525' title='bbox 2084 1398 2172 1429; x_wconf 91' lang='lat' dir='ltr'>nostri</span> <span class='ocrx_word' id='word_1_526' title='bbox 2191 1397 2337 1438; x_wconf 67' lang='lat' dir='ltr'>praedicti,</span> 
     </span>
     <span class='ocr_line' id='line_1_63' title="bbox 27 1435 2338 1480; baseline -0.003 -7"><span class='ocrx_word' id='word_1_527' title='bbox 27 1449 79 1473; x_wconf 76' lang='lat' dir='ltr'>An.</span> <span class='ocrx_word' id='word_1_528' title='bbox 95 1452 142 1479; x_wconf 81' lang='lat'>42.</span> <span class='ocrx_word' id='word_1_529' title='bbox 180 1443 296 1480; x_wconf 83' lang='lat' dir='ltr'>genito,</span> <span class='ocrx_word' id='word_1_530' title='bbox 311 1442 345 1472; x_wconf 88' lang='lat'>&amp;</span> <span class='ocrx_word' id='word_1_531' title='bbox 364 1441 496 1471; x_wconf 90' lang='lat' dir='ltr'>omnibus</span> <span class='ocrx_word' id='word_1_532' title='bbox 519 1440 681 1470; x_wconf 86' lang='lat' dir='ltr'>hominibus</span> <span class='ocrx_word' id='word_1_533' title='bbox 702 1439 801 1468; x_wconf 84' lang='lat' dir='ltr'>nostris</span> <span class='ocrx_word' id='word_1_534' title='bbox 823 1438 965 1479; x_wconf 84' lang='lat' dir='ltr'>Anglicis,</span> <span class='ocrx_word' id='word_1_535' title='bbox 985 1440 1018 1469; x_wconf 67' lang='grc' dir='ltr'>ὃς</span> <span class='ocrx_word' id='word_1_536' title='bbox 1042 1440 1235 1478; x_wconf 50' lang='grc' dir='ltr'>Μναὶεηῐὶῦιιε,</span> <span class='ocrx_word' id='word_1_537' title='bbox 1276 1440 1390 1479; x_wconf 88' lang='lat' dir='ltr'>qualiter</span> <span class='ocrx_word' id='word_1_538' title='bbox 1405 1450 1458 1470; x_wconf 91' lang='lat' dir='ltr'>nec</span> <span class='ocrx_word' id='word_1_539' title='bbox 1474 1450 1543 1478; x_wconf 91' lang='lat' dir='ltr'>nos,</span> <span class='ocrx_word' id='word_1_540' title='bbox 1560 1450 1614 1470; x_wconf 88' lang='lat' dir='ltr'>nec</span> <span class='ocrx_word' id='word_1_541' title='bbox 1631 1441 1714 1471; x_wconf 82' lang='lat' dir='ltr'>frater</span> <span class='ocrx_word' id='word_1_542' title='bbox 1728 1440 1824 1470; x_wconf 88' lang='lat' dir='ltr'>noster</span> <span class='ocrx_word' id='word_1_543' title='bbox 1834 1439 2001 1477; x_wconf 69' lang='lat' dir='ltr'>praedictus,</span> <span class='ocrx_word' id='word_1_544' title='bbox 2021 1439 2106 1468; x_wconf 88' lang='lat' dir='ltr'>etiam</span> <span class='ocrx_word' id='word_1_545' title='bbox 2119 1447 2187 1468; x_wconf 90' lang='lat' dir='ltr'>cum</span> <span class='ocrx_word' id='word_1_546' title='bbox 2199 1437 2257 1475; x_wconf 83' lang='lat' dir='ltr'>jam</span> <span class='ocrx_word' id='word_1_547' title='bbox 2271 1435 2338 1467; x_wconf 84' lang='lat' dir='ltr'>esset</span> 
     </span>
     <span class='ocr_line' id='line_1_64' title="bbox 24 1474 2338 1520; baseline -0.003 -9"><span class='ocrx_word' id='word_1_548' title='bbox 24 1489 60 1512; x_wconf 81' lang='grc' dir='ltr'>Η.</span> <span class='ocrx_word' id='word_1_549' title='bbox 83 1493 109 1520; x_wconf 85' lang='lat'>3.</span> <span class='ocrx_word' id='word_1_550' title='bbox 183 1482 216 1510; x_wconf 64' lang='grc' dir='ltr'>ὃς</span> <span class='ocrx_word' id='word_1_551' title='bbox 233 1481 306 1518; x_wconf 87' lang='lat' dir='ltr'>aliis,</span> <span class='ocrx_word' id='word_1_552' title='bbox 325 1480 448 1509; x_wconf 89' lang='lat' dir='ltr'>Leulino</span> <span class='ocrx_word' id='word_1_553' title='bbox 466 1479 525 1508; x_wconf 83' lang='lat' dir='ltr'>filio</span> <span class='ocrx_word' id='word_1_554' title='bbox 546 1477 682 1516; x_wconf 83' lang='lat' dir='ltr'>Griffini,</span> <span class='ocrx_word' id='word_1_555' title='bbox 700 1488 748 1515; x_wconf 86' lang='lat' dir='ltr'>per</span> <span class='ocrx_word' id='word_1_556' title='bbox 768 1477 912 1508; x_wconf 76' lang='lat' dir='ltr'>Amanum</span> <span class='ocrx_word' id='word_1_557' title='bbox 936 1477 1079 1509; x_wconf 83' lang='lat' dir='ltr'>Abbatem</span> <span class='ocrx_word' id='word_1_558' title='bbox 1095 1479 1129 1508; x_wconf 93' lang='lat' dir='ltr'>de</span> <span class='ocrx_word' id='word_1_559' title='bbox 1146 1479 1236 1508; x_wconf 85' lang='lat' dir='ltr'>Aber-</span> <span class='ocrx_word' id='word_1_560' title='bbox 1276 1478 1395 1518; x_wconf 59' lang='lat' dir='ltr'>cleirus,</span> <span class='ocrx_word' id='word_1_561' title='bbox 1415 1480 1448 1509; x_wconf 71' lang='grc' dir='ltr'>ὃς</span> <span class='ocrx_word' id='word_1_562' title='bbox 1463 1478 1492 1509; x_wconf 89' lang='lat' dir='ltr'>in</span> <span class='ocrx_word' id='word_1_563' title='bbox 1507 1478 1675 1519; x_wconf 74' lang='lat' dir='ltr'>possessione</span> <span class='ocrx_word' id='word_1_564' title='bbox 1687 1478 1819 1508; x_wconf 90' lang='lat' dir='ltr'>Dominii</span> <span class='ocrx_word' id='word_1_565' title='bbox 1835 1478 1994 1516; x_wconf 89' lang='lat' dir='ltr'>Gentium,</span> <span class='ocrx_word' id='word_1_566' title='bbox 2012 1477 2046 1507; x_wconf 91' lang='lat'>&amp;</span> <span class='ocrx_word' id='word_1_567' title='bbox 2059 1485 2193 1507; x_wconf 88' lang='lat' dir='ltr'>terrarum</span> <span class='ocrx_word' id='word_1_568' title='bbox 2206 1474 2338 1505; x_wconf 82' lang='lat' dir='ltr'>Alcman.</span> 
     </span>
    </p>
   </div>
   <div class='ocr_carea' id='block_1_14' title="bbox 26 1527 168 1598">
    <p class='ocr_par' dir='ltr' id='par_1_25' title="bbox 26 1527 168 1598">
     <span class='ocr_line' id='line_1_65' title="bbox 26 1527 142 1557; baseline -0.026 -6"><span class='ocrx_word' id='word_1_569' title='bbox 26 1527 142 1557; x_wconf 78' lang='lat' dir='ltr'>Pae.42.</span> 
     </span>
     <span class='ocr_line' id='line_1_66' title="bbox 28 1566 168 1598; baseline -0.021 -9"><span class='ocrx_word' id='word_1_570' title='bbox 28 1566 168 1598; x_wconf 79' lang='lat' dir='ltr'>H.3.n.19.</span> 
     </span>
    </p>
   </div>
   <div class='ocr_carea' id='block_1_15' title="bbox 176 1515 1254 2795">
    <p class='ocr_par' dir='ltr' id='par_1_26' title="bbox 176 1515 1239 1789">
     <span class='ocr_line' id='line_1_67' title="bbox 180 1515 1236 1559; baseline -0.002 -10"><span class='ocrx_word' id='word_1_571' title='bbox 180 1527 338 1559; x_wconf 89' lang='lat' dir='ltr'>connewy,</span> <span class='ocrx_word' id='word_1_572' title='bbox 355 1518 388 1549; x_wconf 73' lang='lat' dir='ltr'>Sc</span> <span class='ocrx_word' id='word_1_573' title='bbox 412 1516 580 1557; x_wconf 83' lang='lat' dir='ltr'>Magistrum</span> <span class='ocrx_word' id='word_1_574' title='bbox 600 1516 739 1547; x_wconf 82' lang='lat' dir='ltr'>Madocli.</span> <span class='ocrx_word' id='word_1_575' title='bbox 759 1515 847 1546; x_wconf 88' lang='lat' dir='ltr'>filium</span> <span class='ocrx_word' id='word_1_576' title='bbox 867 1516 945 1547; x_wconf 84' lang='lat' dir='ltr'>suum</span> <span class='ocrx_word' id='word_1_577' title='bbox 968 1517 1089 1554; x_wconf 76' lang='lat' dir='ltr'>(plenam</span> <span class='ocrx_word' id='word_1_578' title='bbox 1104 1517 1236 1547; x_wconf 80' lang='lat' dir='ltr'>habentes</span> 
     </span>
     <span class='ocr_line' id='line_1_68' title="bbox 180 1554 1236 1599; baseline -0.003 -11"><span class='ocrx_word' id='word_1_579' title='bbox 180 1556 366 1599; x_wconf 74' lang='lat' dir='ltr'>potestatem,</span> <span class='ocrx_word' id='word_1_580' title='bbox 391 1566 459 1586; x_wconf 91' lang='lat' dir='ltr'>cum</span> <span class='ocrx_word' id='word_1_581' title='bbox 479 1556 573 1586; x_wconf 88' lang='lat' dir='ltr'>litteris</span> <span class='ocrx_word' id='word_1_582' title='bbox 592 1555 718 1593; x_wconf 70' lang='lat' dir='ltr'>praedic‘li</span> <span class='ocrx_word' id='word_1_583' title='bbox 740 1555 893 1594; x_wconf 76' lang='lat' dir='ltr'>Lewclini,</span> <span class='ocrx_word' id='word_1_584' title='bbox 919 1554 951 1585; x_wconf 88' lang='lat' dir='ltr'>ad</span> <span class='ocrx_word' id='word_1_585' title='bbox 973 1564 1099 1595; x_wconf 80' lang='lat' dir='ltr'>treugam</span> <span class='ocrx_word' id='word_1_586' title='bbox 1119 1557 1236 1586; x_wconf 85' lang='lat' dir='ltr'>nomine</span> 
     </span>
     <span class='ocr_line' id='line_1_69' title="bbox 177 1593 1236 1635; baseline -0.001 -10"><span class='ocrx_word' id='word_1_587' title='bbox 177 1598 229 1626; x_wconf 78' lang='lat' dir='ltr'>suo</span> <span class='ocrx_word' id='word_1_588' title='bbox 247 1593 436 1635; x_wconf 80' lang='lat' dir='ltr'>recipiendam</span> <span class='ocrx_word' id='word_1_589' title='bbox 454 1595 488 1625; x_wconf 90' lang='lat'>&amp;</span> <span class='ocrx_word' id='word_1_590' title='bbox 504 1593 709 1630; x_wconf 82' lang='lat' dir='ltr'>affirmandam)</span> <span class='ocrx_word' id='word_1_591' title='bbox 735 1602 861 1632; x_wconf 81' lang='lat' dir='ltr'>treugam</span> <span class='ocrx_word' id='word_1_592' title='bbox 883 1594 980 1624; x_wconf 83' lang='lat' dir='ltr'>damus</span> <span class='ocrx_word' id='word_1_593' title='bbox 994 1617 1003 1630; x_wconf 90' lang='lat'>,</span> <span class='ocrx_word' id='word_1_594' title='bbox 1032 1605 1047 1624; x_wconf 91' lang='lat' dir='ltr'>a</span> <span class='ocrx_word' id='word_1_595' title='bbox 1068 1594 1114 1624; x_wconf 87' lang='lat' dir='ltr'>die</span> <span class='ocrx_word' id='word_1_596' title='bbox 1135 1594 1236 1624; x_wconf 88' lang='lat' dir='ltr'>Martis</span> 
     </span>
     <span class='ocr_line' id='line_1_70' title="bbox 197 1631 1236 1673; baseline -0.001 -9"><span class='ocrx_word' id='word_1_597' title='bbox 197 1635 304 1664; x_wconf 82' lang='lat' dir='ltr'>roxima</span> <span class='ocrx_word' id='word_1_598' title='bbox 323 1641 388 1664; x_wconf 87' lang='lat' dir='ltr'>ante</span> <span class='ocrx_word' id='word_1_599' title='bbox 408 1632 523 1663; x_wconf 89' lang='lat' dir='ltr'>Festum</span> <span class='ocrx_word' id='word_1_600' title='bbox 545 1631 709 1663; x_wconf 88' lang='lat' dir='ltr'>Nativitatis</span> <span class='ocrx_word' id='word_1_601' title='bbox 727 1631 822 1662; x_wconf 67' lang='lat' dir='ltr'>sintii</span> <span class='ocrx_word' id='word_1_602' title='bbox 832 1631 967 1670; x_wconf 77' lang='lat' dir='ltr'>johannis</span> <span class='ocrx_word' id='word_1_603' title='bbox 981 1631 1111 1673; x_wconf 71' lang='lat' dir='ltr'>Baptistae</span> <span class='ocrx_word' id='word_1_604' title='bbox 1124 1656 1134 1671; x_wconf 89' lang='lat'>,</span> <span class='ocrx_word' id='word_1_605' title='bbox 1160 1643 1236 1663; x_wconf 88' lang='lat' dir='ltr'>anno</span> 
     </span>
     <span class='ocr_line' id='line_1_71' title="bbox 176 1643 1238 1711; baseline -0.001 -8"><span class='ocrx_word' id='word_1_606' title='bbox 176 1643 303 1703; x_wconf 49' lang='lat' dir='ltr'>Domini</span> <span class='ocrx_word' id='word_1_607' title='bbox 323 1671 471 1702; x_wconf 90' lang='lat' dir='ltr'>millesimo</span> <span class='ocrx_word' id='word_1_608' title='bbox 493 1671 684 1702; x_wconf 87' lang='lat' dir='ltr'>ducentesimo</span> <span class='ocrx_word' id='word_1_609' title='bbox 702 1671 930 1711; x_wconf 76' lang='lat' dir='ltr'>quinquagesimo</span> <span class='ocrx_word' id='word_1_610' title='bbox 951 1671 1073 1709; x_wconf 58' lang='lat' dir='ltr'>octavo,</span> <span class='ocrx_word' id='word_1_611' title='bbox 1100 1672 1184 1711; x_wconf 89' lang='lat' dir='ltr'>usque</span> <span class='ocrx_word' id='word_1_612' title='bbox 1203 1672 1238 1703; x_wconf 84' lang='lat' dir='ltr'>ad</span> 
     </span>
     <span class='ocr_line' id='line_1_72' title="bbox 177 1709 1239 1746; baseline 0.001 -5"><span class='ocrx_word' id='word_1_613' title='bbox 177 1710 294 1742; x_wconf 88' lang='lat' dir='ltr'>Festum</span> <span class='ocrx_word' id='word_1_614' title='bbox 314 1710 412 1741; x_wconf 65' lang='lat' dir='ltr'>Sancti</span> <span class='ocrx_word' id='word_1_615' title='bbox 431 1709 507 1740; x_wconf 89' lang='lat' dir='ltr'>Petri</span> <span class='ocrx_word' id='word_1_616' title='bbox 522 1710 556 1740; x_wconf 93' lang='lat' dir='ltr'>ad</span> <span class='ocrx_word' id='word_1_617' title='bbox 570 1709 697 1746; x_wconf 86' lang='lat' dir='ltr'>vincula,</span> <span class='ocrx_word' id='word_1_618' title='bbox 714 1720 789 1740; x_wconf 84' lang='lat' dir='ltr'>anno</span> <span class='ocrx_word' id='word_1_619' title='bbox 803 1709 923 1740; x_wconf 86' lang='lat' dir='ltr'>Domini</span> <span class='ocrx_word' id='word_1_620' title='bbox 944 1710 1091 1741; x_wconf 70' lang='lat' dir='ltr'>millesimo</span> <span class='ocrx_word' id='word_1_621' title='bbox 1103 1710 1239 1742; x_wconf 84' lang='lat' dir='ltr'>ducente-</span> 
     </span>
     <span class='ocr_line' id='line_1_73' title="bbox 178 1747 1106 1789; baseline -0.001 -9"><span class='ocrx_word' id='word_1_622' title='bbox 178 1749 250 1780; x_wconf 91' lang='lat' dir='ltr'>simo</span> <span class='ocrx_word' id='word_1_623' title='bbox 265 1747 494 1787; x_wconf 77' lang='lat' dir='ltr'>quinquagesimo</span> <span class='ocrx_word' id='word_1_624' title='bbox 507 1757 604 1784; x_wconf 77' lang='lat' dir='ltr'>nono5</span> <span class='ocrx_word' id='word_1_625' title='bbox 622 1755 735 1786; x_wconf 85' lang='lat' dir='ltr'>utraque</span> <span class='ocrx_word' id='word_1_626' title='bbox 748 1748 792 1778; x_wconf 90' lang='lat' dir='ltr'>die</span> <span class='ocrx_word' id='word_1_627' title='bbox 806 1748 927 1789; x_wconf 74' lang='lat' dir='ltr'>plenarie</span> <span class='ocrx_word' id='word_1_628' title='bbox 936 1748 1106 1787; x_wconf 66' lang='lat' dir='ltr'>computata.</span> 
     </span>
    </p>

    <p class='ocr_par' dir='ltr' id='par_1_27' title="bbox 177 1786 1241 1904">
     <span class='ocr_line' id='line_1_74' title="bbox 215 1786 1241 1855; baseline 0 -37"><span class='ocrx_word' id='word_1_629' title='bbox 215 1787 258 1818; x_wconf 88' lang='lat' dir='ltr'>Ita</span> <span class='ocrx_word' id='word_1_630' title='bbox 278 1787 356 1825; x_wconf 90' lang='lat' dir='ltr'>quod</span> <span class='ocrx_word' id='word_1_631' title='bbox 372 1786 490 1824; x_wconf 90' lang='lat' dir='ltr'>quilibet</span> <span class='ocrx_word' id='word_1_632' title='bbox 499 1787 533 1817; x_wconf 91' lang='lat'>&amp;</span> <span class='ocrx_word' id='word_1_633' title='bbox 546 1786 644 1855; x_wconf 65' lang='lat' dir='ltr'>singuli</span> <span class='ocrx_word' id='word_1_634' title='bbox 657 1786 693 1816; x_wconf 90' lang='lat' dir='ltr'>de</span> <span class='ocrx_word' id='word_1_635' title='bbox 707 1796 782 1824; x_wconf 85' lang='lat' dir='ltr'>parte</span> <span class='ocrx_word' id='word_1_636' title='bbox 795 1796 908 1827; x_wconf 85' lang='lat' dir='ltr'>utraque</span> <span class='ocrx_word' id='word_1_637' title='bbox 920 1788 1038 1818; x_wconf 84' lang='lat' dir='ltr'>habeant</span> <span class='ocrx_word' id='word_1_638' title='bbox 1050 1787 1172 1818; x_wconf 81' lang='lat' dir='ltr'>seisinam</span> <span class='ocrx_word' id='word_1_639' title='bbox 1186 1796 1241 1819; x_wconf 87' lang='lat' dir='ltr'>ter-</span> 
     </span>
     <span class='ocr_line' id='line_1_75' title="bbox 177 1823 1239 1865; baseline 0.003 -10"><span class='ocrx_word' id='word_1_640' title='bbox 177 1834 289 1864; x_wconf 87' lang='lat' dir='ltr'>rarum,</span> <span class='ocrx_word' id='word_1_641' title='bbox 307 1825 340 1855; x_wconf 68' lang='grc'>8(-</span> <span class='ocrx_word' id='word_1_642' title='bbox 353 1825 521 1862; x_wconf 87' lang='lat' dir='ltr'>hominum,</span> <span class='ocrx_word' id='word_1_643' title='bbox 540 1825 573 1856; x_wconf 72' lang='grc' dir='ltr'>δε</span> <span class='ocrx_word' id='word_1_644' title='bbox 603 1823 770 1865; x_wconf 45' lang='lat' dir='ltr'>astrorum,</span> <span class='ocrx_word' id='word_1_645' title='bbox 785 1835 818 1855; x_wconf 92' lang='lat' dir='ltr'>ac</span> <span class='ocrx_word' id='word_1_646' title='bbox 833 1827 947 1856; x_wconf 84' lang='lat' dir='ltr'>aliarum</span> <span class='ocrx_word' id='word_1_647' title='bbox 959 1836 1071 1865; x_wconf 86' lang='lat' dir='ltr'>rerum,</span> <span class='ocrx_word' id='word_1_648' title='bbox 1085 1826 1239 1858; x_wconf 89' lang='lat' dir='ltr'>secundum</span> 
     </span>
     <span class='ocr_line' id='line_1_76' title="bbox 178 1863 970 1904; baseline 0.001 -10"><span class='ocrx_word' id='word_1_649' title='bbox 178 1864 256 1904; x_wconf 89' lang='lat' dir='ltr'>quod</span> <span class='ocrx_word' id='word_1_650' title='bbox 269 1873 328 1894; x_wconf 87' lang='lat' dir='ltr'>tem</span> <span class='ocrx_word' id='word_1_651' title='bbox 369 1873 398 1894; x_wconf 90' lang='lat' dir='ltr'>re</span> <span class='ocrx_word' id='word_1_652' title='bbox 411 1863 601 1894; x_wconf 67' lang='lat' dir='ltr'>confectionis</span> <span class='ocrx_word' id='word_1_653' title='bbox 614 1863 792 1903; x_wconf 82' lang='lat' dir='ltr'>praesentium</span> <span class='ocrx_word' id='word_1_654' title='bbox 805 1864 970 1895; x_wconf 83' lang='lat' dir='ltr'>habuerunt.</span> 
     </span>
    </p>

    <p class='ocr_par' dir='ltr' id='par_1_28' title="bbox 180 1901 1244 2019">
     <span class='ocr_line' id='line_1_77' title="bbox 216 1901 1243 1943; baseline 0.001 -10"><span class='ocrx_word' id='word_1_655' title='bbox 216 1901 256 1933; x_wconf 92' lang='lat' dir='ltr'>Et</span> <span class='ocrx_word' id='word_1_656' title='bbox 268 1912 326 1943; x_wconf 91' lang='lat' dir='ltr'>quo</span> <span class='ocrx_word' id='word_1_657' title='bbox 360 1902 450 1932; x_wconf 88' lang='lat' dir='ltr'>nullus</span> <span class='ocrx_word' id='word_1_658' title='bbox 462 1903 573 1934; x_wconf 90' lang='lat' dir='ltr'>interim</span> <span class='ocrx_word' id='word_1_659' title='bbox 582 1924 592 1940; x_wconf 86' lang='lat'>,</span> <span class='ocrx_word' id='word_1_660' title='bbox 607 1911 640 1932; x_wconf 78' lang='lat' dir='ltr'>ex</span> <span class='ocrx_word' id='word_1_661' title='bbox 655 1911 731 1942; x_wconf 87' lang='lat' dir='ltr'>parte</span> <span class='ocrx_word' id='word_1_662' title='bbox 742 1903 869 1934; x_wconf 85' lang='lat' dir='ltr'>alterutra</span> <span class='ocrx_word' id='word_1_663' title='bbox 878 1926 887 1941; x_wconf 83' lang='lat'>,</span> <span class='ocrx_word' id='word_1_664' title='bbox 912 1903 1079 1943; x_wconf 80' lang='lat' dir='ltr'>ingrediatur</span> <span class='ocrx_word' id='word_1_665' title='bbox 1091 1912 1193 1934; x_wconf 87' lang='lat' dir='ltr'>terram</span> <span class='ocrx_word' id='word_1_666' title='bbox 1203 1904 1243 1934; x_wconf 88' lang='lat' dir='ltr'>al-</span> 
     </span>
     <span class='ocr_line' id='line_1_78' title="bbox 180 1941 1244 1982; baseline 0.001 -10"><span class='ocrx_word' id='word_1_667' title='bbox 180 1942 280 1979; x_wconf 88' lang='lat' dir='ltr'>terius,</span> <span class='ocrx_word' id='word_1_668' title='bbox 299 1951 353 1972; x_wconf 90' lang='lat' dir='ltr'>nec</span> <span class='ocrx_word' id='word_1_669' title='bbox 376 1942 406 1971; x_wconf 91' lang='lat' dir='ltr'>in</span> <span class='ocrx_word' id='word_1_670' title='bbox 425 1941 481 1980; x_wconf 85' lang='lat' dir='ltr'>ipsa</span> <span class='ocrx_word' id='word_1_671' title='bbox 501 1941 624 1979; x_wconf 87' lang='lat' dir='ltr'>aliquam</span> <span class='ocrx_word' id='word_1_672' title='bbox 643 1951 764 1981; x_wconf 78' lang='lat' dir='ltr'>quaerat,</span> <span class='ocrx_word' id='word_1_673' title='bbox 780 1942 826 1973; x_wconf 90' lang='lat' dir='ltr'>vel</span> <span class='ocrx_word' id='word_1_674' title='bbox 845 1943 927 1973; x_wconf 81' lang='lat' dir='ltr'>faciat</span> <span class='ocrx_word' id='word_1_675' title='bbox 942 1943 1144 1973; x_wconf 77' lang='lat' dir='ltr'>mercandisam</span> <span class='ocrx_word' id='word_1_676' title='bbox 1158 1966 1168 1982; x_wconf 91' lang='lat'>,</span> <span class='ocrx_word' id='word_1_677' title='bbox 1191 1943 1244 1973; x_wconf 84' lang='lat' dir='ltr'>nisi</span> 
     </span>
     <span class='ocr_line' id='line_1_79' title="bbox 181 1979 667 2019; baseline 0.002 -10"><span class='ocrx_word' id='word_1_678' title='bbox 181 1979 333 2018; x_wconf 84' lang='lat' dir='ltr'>specialiter</span> <span class='ocrx_word' id='word_1_679' title='bbox 343 1979 422 2019; x_wconf 87' lang='lat' dir='ltr'>super</span> <span class='ocrx_word' id='word_1_680' title='bbox 435 1981 492 2010; x_wconf 89' lang='lat' dir='ltr'>hoc</span> <span class='ocrx_word' id='word_1_681' title='bbox 505 1980 667 2010; x_wconf 53' lang='lat' dir='ltr'>licentiatus</span> 
     </span>
    </p>

    <p class='ocr_par' dir='ltr' id='par_1_29' title="bbox 185 2017 1246 2103">
     <span class='ocr_line' id='line_1_80' title="bbox 218 2017 1246 2059; baseline 0.002 -11"><span class='ocrx_word' id='word_1_682' title='bbox 218 2017 355 2049; x_wconf 81' lang='lat' dir='ltr'>Praeterea</span> <span class='ocrx_word' id='word_1_683' title='bbox 368 2018 454 2057; x_wconf 85' lang='lat' dir='ltr'>vada,</span> <span class='ocrx_word' id='word_1_684' title='bbox 472 2019 518 2049; x_wconf 90' lang='lat' dir='ltr'>vel</span> <span class='ocrx_word' id='word_1_685' title='bbox 531 2018 638 2059; x_wconf 81' lang='lat' dir='ltr'>passus,</span> <span class='ocrx_word' id='word_1_686' title='bbox 655 2029 715 2050; x_wconf 91' lang='lat' dir='ltr'>non</span> <span class='ocrx_word' id='word_1_687' title='bbox 729 2018 925 2059; x_wconf 76' lang='lat' dir='ltr'>obstruantur,</span> <span class='ocrx_word' id='word_1_688' title='bbox 938 2019 1014 2051; x_wconf 87' lang='lat' dir='ltr'>silvas</span> <span class='ocrx_word' id='word_1_689' title='bbox 1027 2018 1246 2059; x_wconf 79' lang='lat' dir='ltr'>complicando,</span> 
     </span>
     <span class='ocr_line' id='line_1_81' title="bbox 185 2056 767 2103; baseline -0.002 -15"><span class='ocrx_word' id='word_1_690' title='bbox 185 2057 229 2088; x_wconf 83' lang='lat' dir='ltr'>vel</span> <span class='ocrx_word' id='word_1_691' title='bbox 242 2057 333 2088; x_wconf 90' lang='lat' dir='ltr'>modo</span> <span class='ocrx_word' id='word_1_692' title='bbox 344 2056 399 2087; x_wconf 89' lang='lat' dir='ltr'>alio</span> <span class='ocrx_word' id='word_1_693' title='bbox 412 2056 488 2088; x_wconf 81' lang='lat' dir='ltr'>aliter</span> <span class='ocrx_word' id='word_1_694' title='bbox 496 2081 506 2097; x_wconf 93' lang='lat'>,</span> <span class='ocrx_word' id='word_1_695' title='bbox 523 2067 608 2103; x_wconf 84' lang='lat' dir='ltr'>quarn</span> <span class='ocrx_word' id='word_1_696' title='bbox 621 2058 652 2088; x_wconf 81' lang='lat' dir='ltr'>sit</span> <span class='ocrx_word' id='word_1_697' title='bbox 667 2058 767 2089; x_wconf 79' lang='lat' dir='ltr'>modo.</span> 
     </span>
    </p>

    <p class='ocr_par' dir='ltr' id='par_1_30' title="bbox 186 2095 1253 2512">
     <span class='ocr_line' id='line_1_82' title="bbox 222 2095 1246 2137; baseline 0.001 -11"><span class='ocrx_word' id='word_1_698' title='bbox 222 2095 337 2137; x_wconf 84' lang='lat' dir='ltr'>Insuper</span> <span class='ocrx_word' id='word_1_699' title='bbox 357 2096 453 2127; x_wconf 87' lang='lat' dir='ltr'>licebit</span> <span class='ocrx_word' id='word_1_700' title='bbox 469 2098 550 2128; x_wconf 87' lang='lat' dir='ltr'>nobis</span> <span class='ocrx_word' id='word_1_701' title='bbox 564 2097 598 2128; x_wconf 66' lang='grc' dir='ltr'>ὃς</span> <span class='ocrx_word' id='word_1_702' title='bbox 613 2096 775 2127; x_wconf 88' lang='lat' dir='ltr'>hominibus</span> <span class='ocrx_word' id='word_1_703' title='bbox 788 2095 888 2127; x_wconf 86' lang='lat' dir='ltr'>nostris</span> <span class='ocrx_word' id='word_1_704' title='bbox 906 2095 1005 2127; x_wconf 86' lang='lat' dir='ltr'>Castra</span> <span class='ocrx_word' id='word_1_705' title='bbox 1018 2095 1112 2127; x_wconf 86' lang='lat' dir='ltr'>nostra</span> <span class='ocrx_word' id='word_1_706' title='bbox 1125 2095 1162 2126; x_wconf 91' lang='lat' dir='ltr'>de</span> <span class='ocrx_word' id='word_1_707' title='bbox 1179 2095 1246 2127; x_wconf 91' lang='lat' dir='ltr'>Dis-</span> 
     </span>
     <span class='ocr_line' id='line_1_83' title="bbox 186 2134 1247 2175; baseline 0 -11"><span class='ocrx_word' id='word_1_708' title='bbox 186 2134 243 2165; x_wconf 67' lang='lat' dir='ltr'>sard</span> <span class='ocrx_word' id='word_1_709' title='bbox 263 2136 297 2166; x_wconf 74' lang='grc' dir='ltr'>δε</span> <span class='ocrx_word' id='word_1_710' title='bbox 321 2135 357 2165; x_wconf 90' lang='lat' dir='ltr'>de</span> <span class='ocrx_word' id='word_1_711' title='bbox 377 2134 504 2166; x_wconf 84' lang='lat' dir='ltr'>Gannok</span> <span class='ocrx_word' id='word_1_712' title='bbox 526 2137 647 2174; x_wconf 88' lang='lat' dir='ltr'>visitate,</span> <span class='ocrx_word' id='word_1_713' title='bbox 666 2136 699 2166; x_wconf 72' lang='grc' dir='ltr'>δε</span> <span class='ocrx_word' id='word_1_714' title='bbox 722 2145 769 2174; x_wconf 88' lang='lat' dir='ltr'>per</span> <span class='ocrx_word' id='word_1_715' title='bbox 784 2135 894 2165; x_wconf 68' lang='lat' dir='ltr'>dictum</span> <span class='ocrx_word' id='word_1_716' title='bbox 909 2144 1018 2175; x_wconf 89' lang='lat' dir='ltr'>tempus</span> <span class='ocrx_word' id='word_1_717' title='bbox 1034 2135 1198 2165; x_wconf 66' lang='lat' dir='ltr'>victualibus</span> <span class='ocrx_word' id='word_1_718' title='bbox 1213 2136 1247 2165; x_wconf 71' lang='grc' dir='ltr'>δε</span> 
     </span>
     <span class='ocr_line' id='line_1_84' title="bbox 186 2170 1248 2213; baseline 0.002 -11"><span class='ocrx_word' id='word_1_719' title='bbox 186 2171 262 2211; x_wconf 84' lang='lat' dir='ltr'>aliis,</span> <span class='ocrx_word' id='word_1_720' title='bbox 280 2183 344 2213; x_wconf 81' lang='lat' dir='ltr'>quae</span> <span class='ocrx_word' id='word_1_721' title='bbox 358 2170 391 2202; x_wconf 91' lang='lat' dir='ltr'>ad</span> <span class='ocrx_word' id='word_1_722' title='bbox 406 2172 480 2204; x_wconf 58' lang='lat' dir='ltr'>dista</span> <span class='ocrx_word' id='word_1_723' title='bbox 494 2172 592 2204; x_wconf 88' lang='lat' dir='ltr'>Castra</span> <span class='ocrx_word' id='word_1_724' title='bbox 604 2174 681 2205; x_wconf 91' lang='lat' dir='ltr'>utilia</span> <span class='ocrx_word' id='word_1_725' title='bbox 696 2174 741 2205; x_wconf 89' lang='lat' dir='ltr'>vel</span> <span class='ocrx_word' id='word_1_726' title='bbox 755 2173 905 2204; x_wconf 80' lang='lat' dir='ltr'>neceffaria</span> <span class='ocrx_word' id='word_1_727' title='bbox 916 2174 1019 2204; x_wconf 86' lang='lat' dir='ltr'>fuerint</span> <span class='ocrx_word' id='word_1_728' title='bbox 1027 2174 1248 2213; x_wconf 88' lang='lat' dir='ltr'>,munire,cum</span> 
     </span>
     <span class='ocr_line' id='line_1_85' title="bbox 186 2210 1249 2253; baseline 0.001 -12"><span class='ocrx_word' id='word_1_729' title='bbox 186 2210 296 2242; x_wconf 91' lang='lat' dir='ltr'>duobus</span> <span class='ocrx_word' id='word_1_730' title='bbox 312 2211 433 2250; x_wconf 84' lang='lat' dir='ltr'>batellis,</span> <span class='ocrx_word' id='word_1_731' title='bbox 451 2220 572 2253; x_wconf 85' lang='lat' dir='ltr'>utroque</span> <span class='ocrx_word' id='word_1_732' title='bbox 587 2222 656 2243; x_wconf 89' lang='lat' dir='ltr'>cum</span> <span class='ocrx_word' id='word_1_733' title='bbox 671 2222 707 2244; x_wconf 94' lang='lat'>12</span> <span class='ocrx_word' id='word_1_734' title='bbox 719 2213 801 2243; x_wconf 86' lang='lat' dir='ltr'>remis</span> <span class='ocrx_word' id='word_1_735' title='bbox 815 2212 859 2243; x_wconf 91' lang='lat' dir='ltr'>vel</span> <span class='ocrx_word' id='word_1_736' title='bbox 873 2213 1067 2253; x_wconf 79' lang='lat' dir='ltr'>paucioribuS,</span> <span class='ocrx_word' id='word_1_737' title='bbox 1093 2212 1249 2243; x_wconf 91' lang='lat' dir='ltr'>secundum</span> 
     </span>
     <span class='ocr_line' id='line_1_86' title="bbox 186 2249 1250 2291; baseline 0.002 -11"><span class='ocrx_word' id='word_1_738' title='bbox 186 2249 265 2288; x_wconf 89' lang='lat' dir='ltr'>quod</span> <span class='ocrx_word' id='word_1_739' title='bbox 284 2260 355 2287; x_wconf 86' lang='lat' dir='ltr'>opus</span> <span class='ocrx_word' id='word_1_740' title='bbox 375 2250 476 2289; x_wconf 72' lang='lat' dir='ltr'>fuerit,</span> <span class='ocrx_word' id='word_1_741' title='bbox 494 2252 532 2281; x_wconf 85' lang='lat' dir='ltr'>ita</span> <span class='ocrx_word' id='word_1_742' title='bbox 554 2260 648 2281; x_wconf 80' lang='lat' dir='ltr'>tamen</span> <span class='ocrx_word' id='word_1_743' title='bbox 661 2251 756 2291; x_wconf 90' lang='lat' dir='ltr'>quod,</span> <span class='ocrx_word' id='word_1_744' title='bbox 772 2252 791 2282; x_wconf 89' lang='lat' dir='ltr'>si</span> <span class='ocrx_word' id='word_1_745' title='bbox 807 2260 920 2291; x_wconf 87' lang='lat' dir='ltr'>propter</span> <span class='ocrx_word' id='word_1_746' title='bbox 932 2250 1144 2290; x_wconf 87' lang='lat' dir='ltr'>tempestatem,</span> <span class='ocrx_word' id='word_1_747' title='bbox 1162 2251 1205 2282; x_wconf 87' lang='lat' dir='ltr'>vel</span> <span class='ocrx_word' id='word_1_748' title='bbox 1222 2262 1250 2282; x_wconf 90' lang='lat' dir='ltr'>a-</span> 
     </span>
     <span class='ocr_line' id='line_1_87' title="bbox 189 2289 1250 2330; baseline 0.002 -11"><span class='ocrx_word' id='word_1_749' title='bbox 189 2289 225 2319; x_wconf 82' lang='lat' dir='ltr'>lia</span> <span class='ocrx_word' id='word_1_750' title='bbox 247 2289 446 2326; x_wconf 86' lang='lat' dir='ltr'>impedimenta</span> <span class='ocrx_word' id='word_1_751' title='bbox 466 2291 565 2328; x_wconf 88' lang='lat' dir='ltr'>maris,</span> <span class='ocrx_word' id='word_1_752' title='bbox 581 2289 656 2320; x_wconf 72' lang='lat' dir='ltr'>dicta</span> <span class='ocrx_word' id='word_1_753' title='bbox 678 2290 821 2328; x_wconf 58' lang='lat' dir='ltr'>victualia,</span> <span class='ocrx_word' id='word_1_754' title='bbox 840 2290 885 2320; x_wconf 87' lang='lat' dir='ltr'>vel</span> <span class='ocrx_word' id='word_1_755' title='bbox 905 2300 962 2329; x_wconf 90' lang='lat' dir='ltr'>res,</span> <span class='ocrx_word' id='word_1_756' title='bbox 981 2290 1083 2328; x_wconf 89' lang='lat' dir='ltr'>absque</span> <span class='ocrx_word' id='word_1_757' title='bbox 1106 2290 1250 2330; x_wconf 88' lang='lat' dir='ltr'>periculo,</span> 
     </span>
     <span class='ocr_line' id='line_1_88' title="bbox 191 2327 1253 2368; baseline 0.003 -11"><span class='ocrx_word' id='word_1_758' title='bbox 191 2327 236 2358; x_wconf 91' lang='lat' dir='ltr'>vel</span> <span class='ocrx_word' id='word_1_759' title='bbox 251 2328 312 2358; x_wconf 85' lang='lat' dir='ltr'>alias</span> <span class='ocrx_word' id='word_1_760' title='bbox 324 2328 480 2359; x_wconf 88' lang='lat' dir='ltr'>commode</span> <span class='ocrx_word' id='word_1_761' title='bbox 494 2329 588 2359; x_wconf 87' lang='lat' dir='ltr'>cariari</span> <span class='ocrx_word' id='word_1_762' title='bbox 602 2328 649 2359; x_wconf 91' lang='lat' dir='ltr'>vel</span> <span class='ocrx_word' id='word_1_763' title='bbox 661 2329 761 2360; x_wconf 85' lang='lat' dir='ltr'>deferri</span> <span class='ocrx_word' id='word_1_764' title='bbox 776 2338 835 2359; x_wconf 90' lang='lat' dir='ltr'>non</span> <span class='ocrx_word' id='word_1_765' title='bbox 849 2329 970 2368; x_wconf 63' lang='lat' dir='ltr'>possint,</span> <span class='ocrx_word' id='word_1_766' title='bbox 993 2328 1084 2359; x_wconf 68' lang='lat' dir='ltr'>dietus</span> <span class='ocrx_word' id='word_1_767' title='bbox 1093 2330 1253 2361; x_wconf 85' lang='lat' dir='ltr'>Lewelinus</span> 
     </span>
     <span class='ocr_line' id='line_1_89' title="bbox 190 2366 1251 2407; baseline 0.003 -11"><span class='ocrx_word' id='word_1_768' title='bbox 190 2366 317 2397; x_wconf 63' lang='lat' dir='ltr'>vietualia</span> <span class='ocrx_word' id='word_1_769' title='bbox 333 2367 483 2407; x_wconf 56' lang='lat' dir='ltr'>praedieta,</span> <span class='ocrx_word' id='word_1_770' title='bbox 508 2377 575 2397; x_wconf 89' lang='lat' dir='ltr'>cum</span> <span class='ocrx_word' id='word_1_771' title='bbox 589 2367 671 2398; x_wconf 87' lang='lat' dir='ltr'>rebus</span> <span class='ocrx_word' id='word_1_772' title='bbox 682 2369 716 2399; x_wconf 87' lang='lat'>&amp;</span> <span class='ocrx_word' id='word_1_773' title='bbox 731 2368 909 2405; x_wconf 87' lang='lat' dir='ltr'>hominibus,</span> <span class='ocrx_word' id='word_1_774' title='bbox 927 2367 959 2397; x_wconf 91' lang='lat' dir='ltr'>ad</span> <span class='ocrx_word' id='word_1_775' title='bbox 974 2367 1050 2398; x_wconf 67' lang='lat' dir='ltr'>dieta</span> <span class='ocrx_word' id='word_1_776' title='bbox 1062 2367 1176 2406; x_wconf 87' lang='lat' dir='ltr'>Castra,</span> <span class='ocrx_word' id='word_1_777' title='bbox 1194 2369 1251 2399; x_wconf 67' lang='lat' dir='ltr'>tam</span> 
     </span>
     <span class='ocr_line' id='line_1_90' title="bbox 187 2405 1252 2445; baseline 0.002 -10"><span class='ocrx_word' id='word_1_778' title='bbox 187 2405 219 2434; x_wconf 89' lang='lat' dir='ltr'>in</span> <span class='ocrx_word' id='word_1_779' title='bbox 232 2405 344 2443; x_wconf 85' lang='lat' dir='ltr'>eundo,</span> <span class='ocrx_word' id='word_1_780' title='bbox 362 2406 446 2445; x_wconf 72' lang='lat' dir='ltr'>quam</span> <span class='ocrx_word' id='word_1_781' title='bbox 461 2405 622 2444; x_wconf 89' lang='lat' dir='ltr'>redeundo,</span> <span class='ocrx_word' id='word_1_782' title='bbox 639 2407 674 2436; x_wconf 91' lang='lat' dir='ltr'>ad</span> <span class='ocrx_word' id='word_1_783' title='bbox 689 2406 938 2436; x_wconf 88' lang='lat' dir='ltr'>summonitionem</span> <span class='ocrx_word' id='word_1_784' title='bbox 949 2405 1100 2443; x_wconf 86' lang='lat' dir='ltr'>Justiciarii</span> <span class='ocrx_word' id='word_1_785' title='bbox 1113 2407 1232 2438; x_wconf 80' lang='lat' dir='ltr'>Cestriae</span> <span class='ocrx_word' id='word_1_786' title='bbox 1241 2430 1252 2445; x_wconf 91' lang='lat'>,</span> 
     </span>
     <span class='ocr_line' id='line_1_91' title="bbox 188 2443 1252 2484; baseline 0.003 -11"><span class='ocrx_word' id='word_1_787' title='bbox 188 2443 265 2474; x_wconf 88' lang='lat' dir='ltr'>salvo</span> <span class='ocrx_word' id='word_1_788' title='bbox 278 2444 311 2474; x_wconf 88' lang='lat'>&amp;</span> <span class='ocrx_word' id='word_1_789' title='bbox 324 2444 417 2474; x_wconf 86' lang='lat' dir='ltr'>secure</span> <span class='ocrx_word' id='word_1_790' title='bbox 435 2454 484 2484; x_wconf 88' lang='lat' dir='ltr'>per</span> <span class='ocrx_word' id='word_1_791' title='bbox 499 2453 602 2474; x_wconf 86' lang='lat' dir='ltr'>terram</span> <span class='ocrx_word' id='word_1_792' title='bbox 615 2443 683 2475; x_wconf 86' lang='lat' dir='ltr'>duci</span> <span class='ocrx_word' id='word_1_793' title='bbox 697 2445 781 2475; x_wconf 82' lang='lat' dir='ltr'>faciet</span> <span class='ocrx_word' id='word_1_794' title='bbox 794 2445 827 2474; x_wconf 90' lang='lat'>&amp;</span> <span class='ocrx_word' id='word_1_795' title='bbox 842 2444 985 2482; x_wconf 89' lang='lat' dir='ltr'>conduci,</span> <span class='ocrx_word' id='word_1_796' title='bbox 1009 2455 1063 2475; x_wconf 87' lang='lat' dir='ltr'>una</span> <span class='ocrx_word' id='word_1_797' title='bbox 1076 2455 1144 2476; x_wconf 92' lang='lat' dir='ltr'>cum</span> <span class='ocrx_word' id='word_1_798' title='bbox 1157 2445 1252 2476; x_wconf 91' lang='lat' dir='ltr'>custo-</span> 
     </span>
     <span class='ocr_line' id='line_1_92' title="bbox 188 2481 458 2512; baseline 0 0"><span class='ocrx_word' id='word_1_799' title='bbox 188 2481 272 2512; x_wconf 89' lang='lat' dir='ltr'>dibus</span> <span class='ocrx_word' id='word_1_800' title='bbox 283 2482 458 2512; x_wconf 85' lang='lat' dir='ltr'>eorumdem.</span> 
     </span>
    </p>

    <p class='ocr_par' dir='ltr' id='par_1_31' title="bbox 189 2519 1254 2706">
     <span class='ocr_line' id='line_1_93' title="bbox 226 2519 1253 2560; baseline 0.002 -10"><span class='ocrx_word' id='word_1_801' title='bbox 226 2519 281 2558; x_wconf 89' lang='lat' dir='ltr'>Et,</span> <span class='ocrx_word' id='word_1_802' title='bbox 300 2521 318 2550; x_wconf 89' lang='lat' dir='ltr'>si</span> <span class='ocrx_word' id='word_1_803' title='bbox 343 2521 492 2560; x_wconf 86' lang='lat' dir='ltr'>contigerit</span> <span class='ocrx_word' id='word_1_804' title='bbox 514 2520 653 2560; x_wconf 76' lang='lat' dir='ltr'>aliquem,</span> <span class='ocrx_word' id='word_1_805' title='bbox 671 2519 707 2550; x_wconf 91' lang='lat' dir='ltr'>de</span> <span class='ocrx_word' id='word_1_806' title='bbox 719 2519 894 2559; x_wconf 90' lang='lat' dir='ltr'>custodibus,</span> <span class='ocrx_word' id='word_1_807' title='bbox 909 2528 956 2550; x_wconf 92' lang='lat' dir='ltr'>aut</span> <span class='ocrx_word' id='word_1_808' title='bbox 968 2519 1147 2552; x_wconf 87' lang='lat' dir='ltr'>servientibus</span> <span class='ocrx_word' id='word_1_809' title='bbox 1159 2521 1253 2552; x_wconf 70' lang='lat' dir='ltr'>dicto-</span> 
     </span>
     <span class='ocr_line' id='line_1_94' title="bbox 192 2558 1252 2599; baseline 0.003 -11"><span class='ocrx_word' id='word_1_810' title='bbox 192 2568 257 2588; x_wconf 83' lang='lat' dir='ltr'>rum</span> <span class='ocrx_word' id='word_1_811' title='bbox 270 2558 456 2598; x_wconf 87' lang='lat' dir='ltr'>Castrorum,</span> <span class='ocrx_word' id='word_1_812' title='bbox 475 2559 623 2596; x_wconf 83' lang='lat' dir='ltr'>infirmari,</span> <span class='ocrx_word' id='word_1_813' title='bbox 649 2559 744 2588; x_wconf 89' lang='lat' dir='ltr'>licebit</span> <span class='ocrx_word' id='word_1_814' title='bbox 757 2559 839 2588; x_wconf 91' lang='lat' dir='ltr'>nobis</span> <span class='ocrx_word' id='word_1_815' title='bbox 853 2559 885 2589; x_wconf 88' lang='lat'>&amp;</span> <span class='ocrx_word' id='word_1_816' title='bbox 900 2559 999 2589; x_wconf 85' lang='lat' dir='ltr'>nostris</span> <span class='ocrx_word' id='word_1_817' title='bbox 1013 2559 1097 2589; x_wconf 90' lang='lat' dir='ltr'>alium</span> <span class='ocrx_word' id='word_1_818' title='bbox 1111 2561 1155 2590; x_wconf 88' lang='lat' dir='ltr'>vel</span> <span class='ocrx_word' id='word_1_819' title='bbox 1170 2561 1252 2599; x_wconf 82' lang='lat' dir='ltr'>alios,</span> 
     </span>
     <span class='ocr_line' id='line_1_95' title="bbox 192 2596 1252 2638; baseline 0.002 -11"><span class='ocrx_word' id='word_1_820' title='bbox 192 2596 261 2627; x_wconf 89' lang='lat' dir='ltr'>loco</span> <span class='ocrx_word' id='word_1_821' title='bbox 282 2598 360 2636; x_wconf 89' lang='lat' dir='ltr'>ipsius</span> <span class='ocrx_word' id='word_1_822' title='bbox 381 2597 426 2627; x_wconf 89' lang='lat' dir='ltr'>vel</span> <span class='ocrx_word' id='word_1_823' title='bbox 448 2597 587 2635; x_wconf 87' lang='lat' dir='ltr'>ipsorum,</span> <span class='ocrx_word' id='word_1_824' title='bbox 601 2596 765 2627; x_wconf 89' lang='lat' dir='ltr'>substituere</span> <span class='ocrx_word' id='word_1_825' title='bbox 783 2597 816 2627; x_wconf 90' lang='lat'>&amp;</span> <span class='ocrx_word' id='word_1_826' title='bbox 835 2607 957 2637; x_wconf 81' lang='lat' dir='ltr'>ponere,</span> <span class='ocrx_word' id='word_1_827' title='bbox 976 2597 1033 2628; x_wconf 89' lang='lat' dir='ltr'>sine</span> <span class='ocrx_word' id='word_1_828' title='bbox 1046 2599 1252 2638; x_wconf 87' lang='lat' dir='ltr'>impedimento</span> 
     </span>
     <span class='ocr_line' id='line_1_96' title="bbox 190 2634 1254 2676; baseline 0.003 -11"><span class='ocrx_word' id='word_1_829' title='bbox 190 2636 236 2665; x_wconf 92' lang='lat' dir='ltr'>vel</span> <span class='ocrx_word' id='word_1_830' title='bbox 261 2634 389 2665; x_wconf 90' lang='lat' dir='ltr'>molestia</span> <span class='ocrx_word' id='word_1_831' title='bbox 411 2635 449 2664; x_wconf 89' lang='lat' dir='ltr'>eis</span> <span class='ocrx_word' id='word_1_832' title='bbox 470 2635 617 2665; x_wconf 85' lang='lat' dir='ltr'>inferendo</span> <span class='ocrx_word' id='word_1_833' title='bbox 629 2644 679 2675; x_wconf 89' lang='lat' dir='ltr'>per</span> <span class='ocrx_word' id='word_1_834' title='bbox 693 2635 802 2666; x_wconf 56' lang='lat' dir='ltr'>dictum</span> <span class='ocrx_word' id='word_1_835' title='bbox 817 2635 995 2667; x_wconf 86' lang='lat' dir='ltr'>Lewelinum</span> <span class='ocrx_word' id='word_1_836' title='bbox 1009 2645 1054 2668; x_wconf 87' lang='lat' dir='ltr'>aut</span> <span class='ocrx_word' id='word_1_837' title='bbox 1069 2636 1144 2676; x_wconf 83' lang='lat' dir='ltr'>suos,</span> <span class='ocrx_word' id='word_1_838' title='bbox 1163 2638 1192 2668; x_wconf 90' lang='lat' dir='ltr'>in</span> <span class='ocrx_word' id='word_1_839' title='bbox 1207 2648 1254 2669; x_wconf 90' lang='lat' dir='ltr'>ac-</span> 
     </span>
     <span class='ocr_line' id='line_1_97' title="bbox 189 2673 550 2706; baseline -0.003 -2"><span class='ocrx_word' id='word_1_840' title='bbox 189 2674 320 2706; x_wconf 90' lang='lat' dir='ltr'>cedendo</span> <span class='ocrx_word' id='word_1_841' title='bbox 337 2673 381 2704; x_wconf 88' lang='lat' dir='ltr'>vel</span> <span class='ocrx_word' id='word_1_842' title='bbox 397 2673 550 2704; x_wconf 89' lang='lat' dir='ltr'>redeundo.</span> 
     </span>
    </p>

    <p class='ocr_par' dir='ltr' id='par_1_32' title="bbox 196 2711 1254 2795">
     <span class='ocr_line' id='line_1_98' title="bbox 227 2711 1254 2755; baseline 0.003 -13"><span class='ocrx_word' id='word_1_843' title='bbox 227 2711 282 2750; x_wconf 89' lang='lat' dir='ltr'>Et,</span> <span class='ocrx_word' id='word_1_844' title='bbox 301 2712 322 2743; x_wconf 88' lang='lat' dir='ltr'>si</span> <span class='ocrx_word' id='word_1_845' title='bbox 341 2712 445 2750; x_wconf 88' lang='lat' dir='ltr'>aliquid</span> <span class='ocrx_word' id='word_1_846' title='bbox 468 2721 501 2742; x_wconf 91' lang='lat' dir='ltr'>ex</span> <span class='ocrx_word' id='word_1_847' title='bbox 523 2718 600 2749; x_wconf 87' lang='lat' dir='ltr'>parte</span> <span class='ocrx_word' id='word_1_848' title='bbox 619 2719 735 2749; x_wconf 85' lang='lat' dir='ltr'>utraque</span> <span class='ocrx_word' id='word_1_849' title='bbox 749 2711 940 2751; x_wconf 82' lang='lat' dir='ltr'>transgressum</span> <span class='ocrx_word' id='word_1_850' title='bbox 955 2712 1054 2752; x_wconf 85' lang='lat' dir='ltr'>fuerit,</span> <span class='ocrx_word' id='word_1_851' title='bbox 1072 2714 1118 2745; x_wconf 92' lang='lat' dir='ltr'>vel</span> <span class='ocrx_word' id='word_1_852' title='bbox 1131 2724 1254 2755; x_wconf 89' lang='lat' dir='ltr'>occupa-</span> 
     </span>
     <span class='ocr_line' id='line_1_99' title="bbox 196 2749 1254 2795; baseline 0.002 -13"><span class='ocrx_word' id='word_1_853' title='bbox 196 2760 258 2782; x_wconf 84' lang='lat' dir='ltr'>tum</span> <span class='ocrx_word' id='word_1_854' title='bbox 269 2750 368 2788; x_wconf 84' lang='lat' dir='ltr'>iniuste</span> <span class='ocrx_word' id='word_1_855' title='bbox 383 2750 454 2780; x_wconf 88' lang='lat' dir='ltr'>infra</span> <span class='ocrx_word' id='word_1_856' title='bbox 467 2760 526 2780; x_wconf 89' lang='lat' dir='ltr'>tem</span> <span class='ocrx_word' id='word_1_857' title='bbox 547 2760 577 2780; x_wconf 83' lang='lat' dir='ltr'>us</span> <span class='ocrx_word' id='word_1_858' title='bbox 590 2749 774 2789; x_wconf 71' lang='lat' dir='ltr'>praedictum,</span> <span class='ocrx_word' id='word_1_859' title='bbox 798 2751 842 2781; x_wconf 91' lang='lat' dir='ltr'>vel</span> <span class='ocrx_word' id='word_1_860' title='bbox 856 2751 886 2781; x_wconf 93' lang='lat' dir='ltr'>in</span> <span class='ocrx_word' id='word_1_861' title='bbox 900 2752 1001 2795; x_wconf 81' lang='lat' dir='ltr'>treugis</span> <span class='ocrx_word' id='word_1_862' title='bbox 1015 2753 1254 2792; x_wconf 75' lang='lat' dir='ltr'>praecedentibus,</span> 
     </span>
    </p>
   </div>
   <div class='ocr_carea' id='block_1_16' title="bbox 192 2787 1254 2866">
    <p class='ocr_par' dir='ltr' id='par_1_33' title="bbox 192 2787 1254 2866">
     <span class='ocr_line' id='line_1_100' title="bbox 193 2787 1254 2831; baseline 0.003 -11"><span class='ocrx_word' id='word_1_863' title='bbox 193 2789 262 2820; x_wconf 90' lang='lat' dir='ltr'>illud</span> <span class='ocrx_word' id='word_1_864' title='bbox 281 2799 332 2829; x_wconf 86' lang='lat' dir='ltr'>per</span> <span class='ocrx_word' id='word_1_865' title='bbox 351 2789 426 2819; x_wconf 91' lang='lat' dir='ltr'>viros</span> <span class='ocrx_word' id='word_1_866' title='bbox 446 2787 502 2819; x_wconf 80' lang='lat' dir='ltr'>fide</span> <span class='ocrx_word' id='word_1_867' title='bbox 543 2790 638 2828; x_wconf 81' lang='lat' dir='ltr'>ignOS,</span> <span class='ocrx_word' id='word_1_868' title='bbox 657 2798 691 2818; x_wconf 84' lang='lat' dir='ltr'>ex</span> <span class='ocrx_word' id='word_1_869' title='bbox 711 2797 788 2830; x_wconf 88' lang='lat' dir='ltr'>parte</span> <span class='ocrx_word' id='word_1_870' title='bbox 804 2797 918 2829; x_wconf 90' lang='lat' dir='ltr'>utraque</span> <span class='ocrx_word' id='word_1_871' title='bbox 932 2789 1092 2831; x_wconf 83' lang='lat' dir='ltr'>eligendos,</span> <span class='ocrx_word' id='word_1_872' title='bbox 1107 2792 1204 2823; x_wconf 89' lang='lat' dir='ltr'>diebus</span> <span class='ocrx_word' id='word_1_873' title='bbox 1220 2793 1254 2823; x_wconf 86' lang='lat'>&amp;</span> 
     </span>
     <span class='ocr_line' id='line_1_101' title="bbox 192 2826 627 2866; baseline -0.007 -7"><span class='ocrx_word' id='word_1_874' title='bbox 192 2828 262 2860; x_wconf 79' lang='lat' dir='ltr'>locis</span> <span class='ocrx_word' id='word_1_875' title='bbox 274 2826 438 2866; x_wconf 79' lang='lat' dir='ltr'>assignandis</span> <span class='ocrx_word' id='word_1_876' title='bbox 453 2828 627 2857; x_wconf 75' lang='lat' dir='ltr'>emendetur.</span> 
     </span>
    </p>
   </div>
   <div class='ocr_carea' id='block_1_17' title="bbox 229 2864 1255 2906">
    <p class='ocr_par' dir='ltr' id='par_1_34' title="bbox 229 2864 1255 2906">
     <span class='ocr_line' id='line_1_102' title="bbox 229 2864 1255 2906; baseline 0.003 -10"><span class='ocrx_word' id='word_1_877' title='bbox 229 2866 276 2896; x_wconf 91' lang='lat' dir='ltr'>Ad</span> <span class='ocrx_word' id='word_1_878' title='bbox 297 2865 432 2906; x_wconf 68' lang='lat' dir='ltr'>praedicta</span> <span class='ocrx_word' id='word_1_879' title='bbox 450 2865 555 2897; x_wconf 69' lang='lat' dir='ltr'>autem*</span> <span class='ocrx_word' id='word_1_880' title='bbox 566 2865 681 2895; x_wconf 82' lang='lat' dir='ltr'>firmiter</span> <span class='ocrx_word' id='word_1_881' title='bbox 701 2864 871 2897; x_wconf 78' lang='lat' dir='ltr'>observanda</span> <span class='ocrx_word' id='word_1_882' title='bbox 885 2866 1004 2897; x_wconf 59' lang='lat' dir='ltr'>dileitus</span> <span class='ocrx_word' id='word_1_883' title='bbox 1019 2868 1052 2899; x_wconf 62' lang='grc' dir='ltr'>ὃς</span> <span class='ocrx_word' id='word_1_884' title='bbox 1064 2867 1148 2899; x_wconf 84' lang='lat' dir='ltr'>fidelis</span> <span class='ocrx_word' id='word_1_885' title='bbox 1161 2869 1255 2900; x_wconf 90' lang='lat' dir='ltr'>noster</span> 
     </span>
    </p>
   </div>
   <div class='ocr_carea' id='block_1_18' title="bbox 193 2903 1256 2981">
    <p class='ocr_par' dir='ltr' id='par_1_35' title="bbox 193 2903 1256 2981">
     <span class='ocr_line' id='line_1_103' title="bbox 193 2903 1256 2945; baseline 0.004 -10"><span class='ocrx_word' id='word_1_886' title='bbox 193 2903 332 2935; x_wconf 88' lang='lat' dir='ltr'>Imbertus</span> <span class='ocrx_word' id='word_1_887' title='bbox 344 2904 453 2944; x_wconf 86' lang='lat' dir='ltr'>Pugeys</span> <span class='ocrx_word' id='word_1_888' title='bbox 467 2906 584 2935; x_wconf 85' lang='lat' dir='ltr'>nomine</span> <span class='ocrx_word' id='word_1_889' title='bbox 596 2903 694 2934; x_wconf 89' lang='lat' dir='ltr'>nostro</span> <span class='ocrx_word' id='word_1_890' title='bbox 707 2905 820 2943; x_wconf 75' lang='lat' dir='ltr'>juravit,</span> <span class='ocrx_word' id='word_1_891' title='bbox 845 2906 879 2936; x_wconf 88' lang='lat'>&amp;</span> <span class='ocrx_word' id='word_1_892' title='bbox 891 2905 1018 2945; x_wconf 64' lang='lat' dir='ltr'>praedieti</span> <span class='ocrx_word' id='word_1_893' title='bbox 1032 2907 1128 2939; x_wconf 86' lang='lat' dir='ltr'>Abbas</span> <span class='ocrx_word' id='word_1_894' title='bbox 1140 2909 1174 2940; x_wconf 72' lang='grc' dir='ltr'>δε</span> <span class='ocrx_word' id='word_1_895' title='bbox 1188 2907 1256 2939; x_wconf 89' lang='lat' dir='ltr'>Ma-</span> 
     </span>
     <span class='ocr_line' id='line_1_104' title="bbox 194 2943 992 2981; baseline 0.001 -7"><span class='ocrx_word' id='word_1_896' title='bbox 194 2944 304 2975; x_wconf 86' lang='lat' dir='ltr'>dochus</span> <span class='ocrx_word' id='word_1_897' title='bbox 317 2944 436 2973; x_wconf 85' lang='lat' dir='ltr'>nomine</span> <span class='ocrx_word' id='word_1_898' title='bbox 449 2944 528 2981; x_wconf 80' lang='lat' dir='ltr'>ipsius</span> <span class='ocrx_word' id='word_1_899' title='bbox 544 2943 682 2974; x_wconf 88' lang='lat' dir='ltr'>Lewelini</span> <span class='ocrx_word' id='word_1_900' title='bbox 692 2943 814 2974; x_wconf 89' lang='lat' dir='ltr'>similiter</span> <span class='ocrx_word' id='word_1_901' title='bbox 826 2944 992 2981; x_wconf 82' lang='lat' dir='ltr'>juraverunt.</span> 
     </span>
    </p>
   </div>
   <div class='ocr_carea' id='block_1_19' title="bbox 1276 1514 2354 2218">
    <p class='ocr_par' dir='ltr' id='par_1_36' title="bbox 1276 1514 2338 1636">
     <span class='ocr_line' id='line_1_105' title="bbox 1276 1514 2338 1557; baseline -0.003 -10"><span class='ocrx_word' id='word_1_902' title='bbox 1276 1526 1329 1556; x_wconf 93' lang='lat' dir='ltr'>pro</span> <span class='ocrx_word' id='word_1_903' title='bbox 1350 1526 1451 1557; x_wconf 83' lang='lat' dir='ltr'>magna</span> <span class='ocrx_word' id='word_1_904' title='bbox 1472 1527 1564 1556; x_wconf 86' lang='lat' dir='ltr'>parte,</span> <span class='ocrx_word' id='word_1_905' title='bbox 1583 1519 1617 1548; x_wconf 86' lang='lat'>&amp;</span> <span class='ocrx_word' id='word_1_906' title='bbox 1637 1518 1753 1548; x_wconf 90' lang='lat' dir='ltr'>demum</span> <span class='ocrx_word' id='word_1_907' title='bbox 1774 1525 1923 1547; x_wconf 88' lang='lat' dir='ltr'>coronatus</span> <span class='ocrx_word' id='word_1_908' title='bbox 1943 1517 1973 1545; x_wconf 88' lang='lat' dir='ltr'>in</span> <span class='ocrx_word' id='word_1_909' title='bbox 1996 1514 2126 1554; x_wconf 82' lang='lat' dir='ltr'>Regem,</span> <span class='ocrx_word' id='word_1_910' title='bbox 2144 1514 2181 1545; x_wconf 90' lang='lat' dir='ltr'>de</span> <span class='ocrx_word' id='word_1_911' title='bbox 2199 1521 2271 1544; x_wconf 90' lang='lat' dir='ltr'>voto</span> <span class='ocrx_word' id='word_1_912' title='bbox 2290 1522 2338 1544; x_wconf 88' lang='lat' dir='ltr'>aut</span> 
     </span>
     <span class='ocr_line' id='line_1_106' title="bbox 1276 1550 2338 1599; baseline -0.004 -13"><span class='ocrx_word' id='word_1_913' title='bbox 1276 1557 1421 1599; x_wconf 75' lang='lat' dir='ltr'>propolim</span> <span class='ocrx_word' id='word_1_914' title='bbox 1434 1556 1528 1586; x_wconf 87' lang='lat' dir='ltr'>vestro</span> <span class='ocrx_word' id='word_1_915' title='bbox 1542 1558 1571 1587; x_wconf 89' lang='lat' dir='ltr'>in</span> <span class='ocrx_word' id='word_1_916' title='bbox 1587 1565 1662 1597; x_wconf 89' lang='lat' dir='ltr'>parte</span> <span class='ocrx_word' id='word_1_917' title='bbox 1682 1557 1725 1586; x_wconf 84' lang='lat' dir='ltr'>illa</span> <span class='ocrx_word' id='word_1_918' title='bbox 1738 1555 1824 1586; x_wconf 91' lang='lat' dir='ltr'>nichil</span> <span class='ocrx_word' id='word_1_919' title='bbox 1842 1554 1948 1593; x_wconf 87' lang='lat' dir='ltr'>prorsus</span> <span class='ocrx_word' id='word_1_920' title='bbox 1961 1554 2106 1592; x_wconf 88' lang='lat' dir='ltr'>scivimus,</span> <span class='ocrx_word' id='word_1_921' title='bbox 2127 1561 2173 1583; x_wconf 92' lang='lat' dir='ltr'>aut</span> <span class='ocrx_word' id='word_1_922' title='bbox 2185 1550 2338 1593; x_wconf 69' lang='lat' dir='ltr'>probabili-</span> 
     </span>
     <span class='ocr_line' id='line_1_107' title="bbox 1277 1596 1564 1636; baseline 0.003 -12"><span class='ocrx_word' id='word_1_923' title='bbox 1277 1602 1319 1625; x_wconf 88' lang='lat' dir='ltr'>ter</span> <span class='ocrx_word' id='word_1_924' title='bbox 1331 1596 1398 1625; x_wconf 83' lang='lat' dir='ltr'>lcire</span> <span class='ocrx_word' id='word_1_925' title='bbox 1412 1596 1564 1636; x_wconf 86' lang='lat' dir='ltr'>potuimus.</span> 
     </span>
    </p>

    <p class='ocr_par' dir='ltr' id='par_1_37' title="bbox 1278 1627 2336 1751">
     <span class='ocr_line' id='line_1_108' title="bbox 1315 1627 2336 1674; baseline -0.004 -11"><span class='ocrx_word' id='word_1_926' title='bbox 1315 1633 1440 1671; x_wconf 81' lang='lat' dir='ltr'>Verum,</span> <span class='ocrx_word' id='word_1_927' title='bbox 1458 1635 1477 1664; x_wconf 87' lang='lat' dir='ltr'>si</span> <span class='ocrx_word' id='word_1_928' title='bbox 1499 1645 1515 1665; x_wconf 85' lang='lat' dir='ltr'>a</span> <span class='ocrx_word' id='word_1_929' title='bbox 1535 1634 1674 1674; x_wconf 89' lang='lat' dir='ltr'>principio</span> <span class='ocrx_word' id='word_1_930' title='bbox 1694 1632 1877 1669; x_wconf 88' lang='lat' dir='ltr'>scivissemus,</span> <span class='ocrx_word' id='word_1_931' title='bbox 1893 1630 1960 1662; x_wconf 89' lang='lat' dir='ltr'>illud</span> <span class='ocrx_word' id='word_1_932' title='bbox 1980 1631 2061 1661; x_wconf 86' lang='lat' dir='ltr'>nobis</span> <span class='ocrx_word' id='word_1_933' title='bbox 2082 1639 2140 1668; x_wconf 86' lang='lat' dir='ltr'>prae</span> <span class='ocrx_word' id='word_1_934' title='bbox 2154 1630 2263 1661; x_wconf 85' lang='lat' dir='ltr'>caeteris</span> <span class='ocrx_word' id='word_1_935' title='bbox 2276 1627 2336 1667; x_wconf 84' lang='lat' dir='ltr'>pla-</span> 
     </span>
     <span class='ocr_line' id='line_1_109' title="bbox 1278 1667 2336 1711; baseline -0.005 -9"><span class='ocrx_word' id='word_1_936' title='bbox 1278 1671 1392 1711; x_wconf 77' lang='lat' dir='ltr'>cuistet,</span> <span class='ocrx_word' id='word_1_937' title='bbox 1411 1674 1444 1704; x_wconf 85' lang='lat'>&amp;</span> <span class='ocrx_word' id='word_1_938' title='bbox 1462 1672 1497 1703; x_wconf 89' lang='lat' dir='ltr'>ad</span> <span class='ocrx_word' id='word_1_939' title='bbox 1516 1673 1591 1711; x_wconf 89' lang='lat' dir='ltr'>hoc,</span> <span class='ocrx_word' id='word_1_940' title='bbox 1609 1673 1687 1702; x_wconf 87' lang='lat' dir='ltr'>sicuti</span> <span class='ocrx_word' id='word_1_941' title='bbox 1709 1673 1742 1702; x_wconf 87' lang='lat'>&amp;</span> <span class='ocrx_word' id='word_1_942' title='bbox 1756 1670 1790 1702; x_wconf 92' lang='lat' dir='ltr'>ad</span> <span class='ocrx_word' id='word_1_943' title='bbox 1803 1680 1924 1701; x_wconf 88' lang='lat' dir='ltr'>omnem</span> <span class='ocrx_word' id='word_1_944' title='bbox 1938 1670 2133 1700; x_wconf 82' lang='lat' dir='ltr'>exaltationem</span> <span class='ocrx_word' id='word_1_945' title='bbox 2147 1669 2181 1700; x_wconf 90' lang='lat'>&amp;</span> <span class='ocrx_word' id='word_1_946' title='bbox 2191 1667 2336 1699; x_wconf 88' lang='lat' dir='ltr'>honorem</span> 
     </span>
     <span class='ocr_line' id='line_1_110' title="bbox 1279 1711 2316 1751; baseline -0.005 -10"><span class='ocrx_word' id='word_1_947' title='bbox 1279 1711 1422 1750; x_wconf 87' lang='lat' dir='ltr'>vestrum,</span> <span class='ocrx_word' id='word_1_948' title='bbox 1439 1713 1628 1751; x_wconf 83' lang='lat' dir='ltr'>patrocinium</span> <span class='ocrx_word' id='word_1_949' title='bbox 1640 1711 1814 1741; x_wconf 81' lang='lat' dir='ltr'>dedissemus.</span> <span class='ocrx_word' id='word_1_950' title='bbox 2261 1745 2266 1750; x_wconf 34' lang='grc' dir='ltr'>ι</span> <span class='ocrx_word' id='word_1_951' title='bbox 2309 1744 2316 1750; x_wconf 48' lang='grc'><em>.</em></span> 
     </span>
    </p>

    <p class='ocr_par' dir='ltr' id='par_1_38' title="bbox 1280 1744 2349 1896">
     <span class='ocr_line' id='line_1_111' title="bbox 1317 1744 2337 1789; baseline -0.006 -9"><span class='ocrx_word' id='word_1_952' title='bbox 1317 1750 1423 1788; x_wconf 85' lang='lat' dir='ltr'>Unde,</span> <span class='ocrx_word' id='word_1_953' title='bbox 1439 1751 1458 1780; x_wconf 82' lang='lat' dir='ltr'>fi</span> <span class='ocrx_word' id='word_1_954' title='bbox 1478 1749 1663 1789; x_wconf 88' lang='lat' dir='ltr'>postmodum</span> <span class='ocrx_word' id='word_1_955' title='bbox 1677 1750 1760 1787; x_wconf 87' lang='lat' dir='ltr'>aliqui</span> <span class='ocrx_word' id='word_1_956' title='bbox 1772 1746 1861 1780; x_wconf 85' lang='lat' dir='ltr'>forsan</span> <span class='ocrx_word' id='word_1_957' title='bbox 1875 1746 1911 1777; x_wconf 92' lang='lat' dir='ltr'>de</span> <span class='ocrx_word' id='word_1_958' title='bbox 1925 1746 2101 1786; x_wconf 86' lang='lat' dir='ltr'>Principibus</span> <span class='ocrx_word' id='word_1_959' title='bbox 2118 1744 2294 1776; x_wconf 85' lang='lat' dir='ltr'>Alemanmae</span> <span class='ocrx_word' id='word_1_960' title='bbox 2308 1753 2337 1774; x_wconf 85' lang='lat' dir='ltr'>in</span> 
     </span>
     <span class='ocr_line' id='line_1_112' title="bbox 1280 1782 2342 1825; baseline -0.006 -7"><span class='ocrx_word' id='word_1_961' title='bbox 1280 1799 1332 1819; x_wconf 87' lang='lat' dir='ltr'>vos</span> <span class='ocrx_word' id='word_1_962' title='bbox 1354 1798 1422 1820; x_wconf 85' lang='lat' dir='ltr'>vota</span> <span class='ocrx_word' id='word_1_963' title='bbox 1441 1789 1485 1819; x_wconf 90' lang='lat' dir='ltr'>sua</span> <span class='ocrx_word' id='word_1_964' title='bbox 1504 1789 1666 1825; x_wconf 86' lang='lat' dir='ltr'>direxerint,</span> <span class='ocrx_word' id='word_1_965' title='bbox 1686 1787 1774 1818; x_wconf 85' lang='lat' dir='ltr'>vestra</span> <span class='ocrx_word' id='word_1_966' title='bbox 1798 1796 1858 1816; x_wconf 91' lang='lat' dir='ltr'>non</span> <span class='ocrx_word' id='word_1_967' title='bbox 1877 1786 1962 1817; x_wconf 87' lang='lat' dir='ltr'>debet</span> <span class='ocrx_word' id='word_1_968' title='bbox 1981 1783 2196 1823; x_wconf 69' lang='lat' dir='ltr'>circumspeetio</span> <span class='ocrx_word' id='word_1_969' title='bbox 2217 1785 2248 1813; x_wconf 88' lang='lat' dir='ltr'>in</span> <span class='ocrx_word' id='word_1_970' title='bbox 2261 1782 2342 1813; x_wconf 69' lang='lat' dir='ltr'>facto</span> 
     </span>
     <span class='ocr_line' id='line_1_113' title="bbox 1280 1822 2343 1867; baseline -0.005 -11"><span class='ocrx_word' id='word_1_971' title='bbox 1280 1826 1437 1866; x_wconf 78' lang='lat' dir='ltr'>hujusmodi</span> <span class='ocrx_word' id='word_1_972' title='bbox 1449 1827 1516 1858; x_wconf 64' lang='lat' dir='ltr'>dieti</span> <span class='ocrx_word' id='word_1_973' title='bbox 1530 1827 1616 1858; x_wconf 87' lang='lat' dir='ltr'>fratris</span> <span class='ocrx_word' id='word_1_974' title='bbox 1628 1827 1728 1867; x_wconf 87' lang='lat' dir='ltr'>aliquid</span> <span class='ocrx_word' id='word_1_975' title='bbox 1741 1826 1822 1858; x_wconf 90' lang='lat' dir='ltr'>vobis</span> <span class='ocrx_word' id='word_1_976' title='bbox 1837 1823 2014 1863; x_wconf 88' lang='lat' dir='ltr'>injuriosum,</span> <span class='ocrx_word' id='word_1_977' title='bbox 2031 1831 2078 1854; x_wconf 90' lang='lat' dir='ltr'>aut</span> <span class='ocrx_word' id='word_1_978' title='bbox 2090 1822 2274 1864; x_wconf 80' lang='lat' dir='ltr'>praejudiciale</span> <span class='ocrx_word' id='word_1_979' title='bbox 2287 1830 2343 1851; x_wconf 86' lang='lat' dir='ltr'>no-</span> 
     </span>
     <span class='ocr_line' id='line_1_114' title="bbox 1282 1875 2349 1896; baseline -0.007 0"><span class='ocrx_word' id='word_1_980' title='bbox 1282 1875 1347 1896; x_wconf 91' lang='lat' dir='ltr'>tare.</span> <span class='ocrx_word' id='word_1_981' title='bbox 2335 1890 2349 1894; x_wconf 68' lang='lat'>‚</span> 
     </span>
    </p>

    <p class='ocr_par' dir='ltr' id='par_1_39' title="bbox 1285 1895 2347 2059">
     <span class='ocr_line' id='line_1_115' title="bbox 1321 1895 2342 1945; baseline -0.008 -9"><span class='ocrx_word' id='word_1_982' title='bbox 1321 1904 1430 1945; x_wconf 88' lang='lat' dir='ltr'>Siquid</span> <span class='ocrx_word' id='word_1_983' title='bbox 1443 1904 1581 1936; x_wconf 87' lang='lat' dir='ltr'>tamenin</span> <span class='ocrx_word' id='word_1_984' title='bbox 1597 1911 1671 1944; x_wconf 81' lang='lat' dir='ltr'>parte</span> <span class='ocrx_word' id='word_1_985' title='bbox 1683 1901 1732 1932; x_wconf 86' lang='lat' dir='ltr'>ista</span> <span class='ocrx_word' id='word_1_986' title='bbox 1744 1911 1793 1940; x_wconf 87' lang='lat' dir='ltr'>per</span> <span class='ocrx_word' id='word_1_987' title='bbox 1810 1911 1861 1931; x_wconf 92' lang='lat' dir='ltr'>nos</span> <span class='ocrx_word' id='word_1_988' title='bbox 1874 1900 1932 1931; x_wconf 87' lang='lat' dir='ltr'>fieri</span> <span class='ocrx_word' id='word_1_989' title='bbox 1947 1908 1994 1931; x_wconf 88' lang='lat' dir='ltr'>aut</span> <span class='ocrx_word' id='word_1_990' title='bbox 2005 1899 2126 1942; x_wconf 75' lang='lat' dir='ltr'>ordinari</span> <span class='ocrx_word' id='word_1_991' title='bbox 2138 1899 2245 1937; x_wconf 89' lang='lat' dir='ltr'>valeat,</span> <span class='ocrx_word' id='word_1_992' title='bbox 2264 1895 2342 1941; x_wconf 81' lang='lat' dir='ltr'>quod</span> 
     </span>
     <span class='ocr_line' id='line_1_116' title="bbox 1285 1936 2346 1983; baseline -0.008 -9"><span class='ocrx_word' id='word_1_993' title='bbox 1285 1944 1367 1974; x_wconf 89' lang='lat' dir='ltr'>vobis</span> <span class='ocrx_word' id='word_1_994' title='bbox 1386 1945 1419 1974; x_wconf 66' lang='grc' dir='ltr'>ὃς</span> <span class='ocrx_word' id='word_1_995' title='bbox 1441 1944 1489 1983; x_wconf 86' lang='lat' dir='ltr'>ipfi</span> <span class='ocrx_word' id='word_1_996' title='bbox 1511 1942 1610 1973; x_wconf 88' lang='lat' dir='ltr'>cedere</span> <span class='ocrx_word' id='word_1_997' title='bbox 1630 1942 1731 1972; x_wconf 88' lang='lat' dir='ltr'>debeat</span> <span class='ocrx_word' id='word_1_998' title='bbox 1753 1940 1788 1971; x_wconf 90' lang='lat' dir='ltr'>ad</span> <span class='ocrx_word' id='word_1_999' title='bbox 1810 1940 1968 1978; x_wconf 89' lang='lat' dir='ltr'>honorem,</span> <span class='ocrx_word' id='word_1_1000' title='bbox 1986 1949 2038 1977; x_wconf 89' lang='lat' dir='ltr'>pro</span> <span class='ocrx_word' id='word_1_1001' title='bbox 2058 1936 2211 1969; x_wconf 83' lang='lat' dir='ltr'>certissimo</span> <span class='ocrx_word' id='word_1_1002' title='bbox 2231 1944 2346 1967; x_wconf 80' lang='lat' dir='ltr'>teneatis</span> 
     </span>
     <span class='ocr_line' id='line_1_117' title="bbox 1286 1975 2347 2019; baseline -0.008 -6"><span class='ocrx_word' id='word_1_1003' title='bbox 1286 1982 1365 2019; x_wconf 87' lang='lat' dir='ltr'>quod</span> <span class='ocrx_word' id='word_1_1004' title='bbox 1379 1992 1431 2012; x_wconf 88' lang='lat' dir='ltr'>nos</span> <span class='ocrx_word' id='word_1_1005' title='bbox 1444 1982 1517 2012; x_wconf 88' lang='lat' dir='ltr'>ultro</span> <span class='ocrx_word' id='word_1_1006' title='bbox 1531 1980 1564 2011; x_wconf 92' lang='lat' dir='ltr'>ad</span> <span class='ocrx_word' id='word_1_1007' title='bbox 1576 1980 1633 2010; x_wconf 89' lang='lat' dir='ltr'>hoc</span> <span class='ocrx_word' id='word_1_1008' title='bbox 1648 1980 1772 2010; x_wconf 87' lang='lat' dir='ltr'>laborare</span> <span class='ocrx_word' id='word_1_1009' title='bbox 1785 1979 1930 2018; x_wconf 87' lang='lat' dir='ltr'>cupimus,</span> <span class='ocrx_word' id='word_1_1010' title='bbox 1948 1979 1982 2009; x_wconf 63' lang='grc' dir='ltr'>ὃς</span> <span class='ocrx_word' id='word_1_1011' title='bbox 2002 1978 2089 2015; x_wconf 88' lang='lat' dir='ltr'>vires,</span> <span class='ocrx_word' id='word_1_1012' title='bbox 2106 1986 2173 2016; x_wconf 88' lang='lat' dir='ltr'>quas</span> <span class='ocrx_word' id='word_1_1013' title='bbox 2185 1975 2347 2017; x_wconf 75' lang='lat' dir='ltr'>possumu5‚</span> 
     </span>
     <span class='ocr_line' id='line_1_118' title="bbox 1286 2019 2314 2059; baseline -0.008 -8"><span class='ocrx_word' id='word_1_1014' title='bbox 1286 2030 1320 2050; x_wconf 88' lang='lat' dir='ltr'>ex</span> <span class='ocrx_word' id='word_1_1015' title='bbox 1340 2031 1426 2051; x_wconf 88' lang='lat' dir='ltr'>onere</span> <span class='ocrx_word' id='word_1_1016' title='bbox 1440 2021 1563 2059; x_wconf 88' lang='lat' dir='ltr'>prompti</span> <span class='ocrx_word' id='word_1_1017' title='bbox 1574 2019 1674 2050; x_wconf 86' lang='lat' dir='ltr'>sumus.</span> <span class='ocrx_word' id='word_1_1018' title='bbox 2203 2053 2209 2059; x_wconf 31' lang='lat'>¹</span> <span class='ocrx_word' id='word_1_1019' title='bbox 2308 2053 2314 2058; x_wconf 42' lang='grc'><em>·</em></span> 
     </span>
    </p>

    <p class='ocr_par' dir='ltr' id='par_1_40' title="bbox 1288 2030 2354 2218">
     <span class='ocr_line' id='line_1_119' title="bbox 1320 2030 2349 2096; baseline -0.01 -5"><span class='ocrx_word' id='word_1_1020' title='bbox 1320 2030 1416 2091; x_wconf 54' lang='lat' dir='ltr'>{Jnde</span> <span class='ocrx_word' id='word_1_1021' title='bbox 1430 2059 1508 2096; x_wconf 88' lang='lat' dir='ltr'>super</span> <span class='ocrx_word' id='word_1_1022' title='bbox 1521 2059 1579 2089; x_wconf 85' lang='lat' dir='ltr'>hoc</span> <span class='ocrx_word' id='word_1_1023' title='bbox 1592 2058 1671 2088; x_wconf 63' lang='lat' dir='ltr'>dicto</span> <span class='ocrx_word' id='word_1_1024' title='bbox 1683 2057 1758 2088; x_wconf 88' lang='lat' dir='ltr'>fratri</span> <span class='ocrx_word' id='word_1_1025' title='bbox 1769 2055 1867 2086; x_wconf 91' lang='lat' dir='ltr'>nostro</span> <span class='ocrx_word' id='word_1_1026' title='bbox 1882 2056 2043 2093; x_wconf 83' lang='lat' dir='ltr'>mittemus,</span> <span class='ocrx_word' id='word_1_1027' title='bbox 2061 2055 2095 2085; x_wconf 90' lang='lat'>&amp;</span> <span class='ocrx_word' id='word_1_1028' title='bbox 2106 2063 2190 2095; x_wconf 87' lang='lat' dir='ltr'>penes</span> <span class='ocrx_word' id='word_1_1029' title='bbox 2202 2052 2292 2093; x_wconf 88' lang='lat' dir='ltr'>ipsum</span> <span class='ocrx_word' id='word_1_1030' title='bbox 2306 2062 2349 2096; x_wconf 75' lang='lat'>¹¹.¹“</span> 
     </span>
     <span class='ocr_line' id='line_1_120' title="bbox 1289 2092 2351 2139; baseline -0.008 -10"><span class='ocrx_word' id='word_1_1031' title='bbox 1289 2106 1472 2139; x_wconf 88' lang='lat' dir='ltr'>terponemus</span> <span class='ocrx_word' id='word_1_1032' title='bbox 1492 2095 1643 2127; x_wconf 85' lang='lat' dir='ltr'>efficaciter</span> <span class='ocrx_word' id='word_1_1033' title='bbox 1661 2104 1748 2134; x_wconf 80' lang='lat' dir='ltr'>partes</span> <span class='ocrx_word' id='word_1_1034' title='bbox 1769 2095 1889 2133; x_wconf 85' lang='lat' dir='ltr'>nostras,</span> <span class='ocrx_word' id='word_1_1035' title='bbox 1906 2093 1998 2134; x_wconf 86' lang='lat' dir='ltr'>quod,</span> <span class='ocrx_word' id='word_1_1036' title='bbox 2016 2094 2036 2124; x_wconf 87' lang='lat' dir='ltr'>si</span> <span class='ocrx_word' id='word_1_1037' title='bbox 2050 2093 2173 2123; x_wconf 86' lang='lat' dir='ltr'>formam</span> <span class='ocrx_word' id='word_1_1038' title='bbox 2187 2092 2307 2131; x_wconf 86' lang='lat' dir='ltr'>aliquam</span> <span class='ocrx_word' id='word_1_1039' title='bbox 2320 2100 2351 2121; x_wconf 83' lang='lat' dir='ltr'>in</span> 
     </span>
     <span class='ocr_line' id='line_1_121' title="bbox 1288 2127 2351 2175; baseline -0.007 -9"><span class='ocrx_word' id='word_1_1040' title='bbox 1288 2135 1450 2175; x_wconf 81' lang='lat' dir='ltr'>praemiffis,</span> <span class='ocrx_word' id='word_1_1041' title='bbox 1467 2136 1549 2167; x_wconf 88' lang='lat' dir='ltr'>vobis</span> <span class='ocrx_word' id='word_1_1042' title='bbox 1571 2135 1604 2165; x_wconf 65' lang='grc' dir='ltr'>ὃς</span> <span class='ocrx_word' id='word_1_1043' title='bbox 1627 2133 1721 2165; x_wconf 88' lang='lat' dir='ltr'>vestro</span> <span class='ocrx_word' id='word_1_1044' title='bbox 1744 2135 1964 2165; x_wconf 87' lang='lat' dir='ltr'>convenientem</span> <span class='ocrx_word' id='word_1_1045' title='bbox 1977 2131 2099 2170; x_wconf 89' lang='lat' dir='ltr'>honori,</span> <span class='ocrx_word' id='word_1_1046' title='bbox 2113 2132 2240 2163; x_wconf 87' lang='lat' dir='ltr'>invenire</span> <span class='ocrx_word' id='word_1_1047' title='bbox 2253 2127 2351 2170; x_wconf 84' lang='lat' dir='ltr'>possu-</span> 
     </span>
     <span class='ocr_line' id='line_1_122' title="bbox 1290 2167 2354 2218; baseline -0.007 -13"><span class='ocrx_word' id='word_1_1048' title='bbox 1290 2174 1475 2218; x_wconf 33' lang='lat' dir='ltr'>mus,·ipsam</span> <span class='ocrx_word' id='word_1_1049' title='bbox 1496 2174 1578 2204; x_wconf 74' lang='lat' dir='ltr'>vobIs</span> <span class='ocrx_word' id='word_1_1050' title='bbox 1598 2173 1748 2214; x_wconf 89' lang='lat' dir='ltr'>specialiter</span> <span class='ocrx_word' id='word_1_1051' title='bbox 1764 2172 1976 2211; x_wconf 86' lang='lat' dir='ltr'>significabimus</span> <span class='ocrx_word' id='word_1_1052' title='bbox 1989 2194 2000 2210; x_wconf 90' lang='lat'>,</span> <span class='ocrx_word' id='word_1_1053' title='bbox 2025 2171 2058 2201; x_wconf 88' lang='lat'>&amp;</span> <span class='ocrx_word' id='word_1_1054' title='bbox 2076 2169 2230 2200; x_wconf 86' lang='lat' dir='ltr'>secundum</span> <span class='ocrx_word' id='word_1_1055' title='bbox 2250 2167 2354 2206; x_wconf 80' lang='lat' dir='ltr'>ipsam,</span> 
     </span>
    </p>
   </div>
   <div class='ocr_carea' id='block_1_20' title="bbox 1291 2206 2355 2294">
    <p class='ocr_par' dir='ltr' id='par_1_41' title="bbox 1291 2206 2355 2294">
     <span class='ocr_line' id='line_1_123' title="bbox 1292 2206 2355 2252; baseline -0.007 -8"><span class='ocrx_word' id='word_1_1056' title='bbox 1292 2213 1428 2244; x_wconf 89' lang='lat' dir='ltr'>Domino</span> <span class='ocrx_word' id='word_1_1057' title='bbox 1446 2220 1633 2252; x_wconf 88' lang='lat' dir='ltr'>cooperante,</span> <span class='ocrx_word' id='word_1_1058' title='bbox 1650 2210 1804 2251; x_wconf 87' lang='lat' dir='ltr'>procedere</span> <span class='ocrx_word' id='word_1_1059' title='bbox 1824 2211 2000 2249; x_wconf 87' lang='lat' dir='ltr'>curabimus,</span> <span class='ocrx_word' id='word_1_1060' title='bbox 2018 2208 2141 2240; x_wconf 87' lang='lat' dir='ltr'>utinam!</span> <span class='ocrx_word' id='word_1_1061' title='bbox 2160 2208 2195 2239; x_wconf 90' lang='lat' dir='ltr'>ad</span> <span class='ocrx_word' id='word_1_1062' title='bbox 2216 2206 2355 2238; x_wconf 67' lang='lat' dir='ltr'>effectum</span> 
     </span>
     <span class='ocr_line' id='line_1_124' title="bbox 1291 2260 1429 2294; baseline -0.014 -10"><span class='ocrx_word' id='word_1_1063' title='bbox 1291 2260 1429 2294; x_wconf 88' lang='lat' dir='ltr'>optatum.</span> 
     </span>
    </p>
   </div>
   <div class='ocr_carea' id='block_1_21' title="bbox 1330 2284 2506 2331">
    <p class='ocr_par' dir='ltr' id='par_1_42' title="bbox 1330 2284 2506 2331">
     <span class='ocr_line' id='line_1_125' title="bbox 1330 2284 2506 2331; baseline -0.007 -10"><span class='ocrx_word' id='word_1_1064' title='bbox 1330 2291 1349 2311; x_wconf 68' lang='lat'>²*</span> <span class='ocrx_word' id='word_1_1065' title='bbox 1373 2291 1463 2331; x_wconf 86' lang='lat' dir='ltr'>Super</span> <span class='ocrx_word' id='word_1_1066' title='bbox 1483 2289 1644 2328; x_wconf 78' lang='lat' dir='ltr'>praemissiS,</span> <span class='ocrx_word' id='word_1_1067' title='bbox 1665 2288 1875 2320; x_wconf 88' lang='lat' dir='ltr'>continentibus</span> <span class='ocrx_word' id='word_1_1068' title='bbox 1896 2289 1982 2319; x_wconf 88' lang='lat' dir='ltr'>etiam</span> <span class='ocrx_word' id='word_1_1069' title='bbox 1996 2287 2080 2318; x_wconf 88' lang='lat' dir='ltr'>status</span> <span class='ocrx_word' id='word_1_1070' title='bbox 2101 2285 2205 2324; x_wconf 84' lang='lat' dir='ltr'>nostri,</span> <span class='ocrx_word' id='word_1_1071' title='bbox 2229 2285 2263 2316; x_wconf 93' lang='lat'>&amp;</span> <span class='ocrx_word' id='word_1_1072' title='bbox 2281 2284 2360 2323; x_wconf 86' lang='lat' dir='ltr'>aliis,</span> <span class='ocrx_word' id='word_1_1073' title='bbox 2378 2292 2506 2325; x_wconf 49' lang='lat'>*1552</span> 
     </span>
    </p>
   </div>
   <div class='ocr_carea' id='block_1_22' title="bbox 1293 2323 2359 2709">
    <p class='ocr_par' dir='ltr' id='par_1_43' title="bbox 1293 2323 2359 2446">
     <span class='ocr_line' id='line_1_126' title="bbox 1293 2323 2358 2372; baseline -0.008 -10"><span class='ocrx_word' id='word_1_1074' title='bbox 1293 2340 1357 2372; x_wconf 81' lang='lat' dir='ltr'>quae</span> <span class='ocrx_word' id='word_1_1075' title='bbox 1377 2329 1538 2361; x_wconf 86' lang='lat' dir='ltr'>venerabilis</span> <span class='ocrx_word' id='word_1_1076' title='bbox 1559 2337 1635 2367; x_wconf 85' lang='lat' dir='ltr'>pater</span> <span class='ocrx_word' id='word_1_1077' title='bbox 1653 2327 1774 2360; x_wconf 89' lang='lat' dir='ltr'>Salvens.</span> <span class='ocrx_word' id='word_1_1078' title='bbox 1793 2327 1818 2357; x_wconf 89' lang='lat' dir='ltr'><strong>E</strong></span> <span class='ocrx_word' id='word_1_1079' title='bbox 1839 2327 1963 2368; x_wconf 89' lang='lat' dir='ltr'>iscopus,</span> <span class='ocrx_word' id='word_1_1080' title='bbox 1979 2325 2115 2357; x_wconf 88' lang='lat' dir='ltr'>Nuncius</span> <span class='ocrx_word' id='word_1_1081' title='bbox 2134 2325 2241 2363; x_wconf 87' lang='lat' dir='ltr'>vester,</span> <span class='ocrx_word' id='word_1_1082' title='bbox 2263 2323 2358 2354; x_wconf 85' lang='lat' dir='ltr'>indus-</span> 
     </span>
     <span class='ocr_line' id='line_1_127' title="bbox 1294 2337 2359 2408; baseline -0.006 -9"><span class='ocrx_word' id='word_1_1083' title='bbox 1294 2371 1359 2400; x_wconf 86' lang='lat' dir='ltr'>trius</span> <span class='ocrx_word' id='word_1_1084' title='bbox 1378 2370 1420 2400; x_wconf 93' lang='lat' dir='ltr'>vir</span> <span class='ocrx_word' id='word_1_1085' title='bbox 1441 2369 1475 2400; x_wconf 64' lang='grc' dir='ltr'>ὃς</span> <span class='ocrx_word' id='word_1_1086' title='bbox 1518 2369 1635 2406; x_wconf 85' lang='lat' dir='ltr'>rudens,</span> <span class='ocrx_word' id='word_1_1087' title='bbox 1654 2366 1751 2407; x_wconf 89' lang='lat' dir='ltr'>Regiis</span> <span class='ocrx_word' id='word_1_1088' title='bbox 1771 2337 1880 2397; x_wconf 65' lang='lat' dir='ltr'>auribus</span> <span class='ocrx_word' id='word_1_1089' title='bbox 1892 2376 1925 2396; x_wconf 86' lang='lat' dir='ltr'>ex</span> <span class='ocrx_word' id='word_1_1090' title='bbox 1938 2373 2014 2406; x_wconf 86' lang='lat' dir='ltr'>parte</span> <span class='ocrx_word' id='word_1_1091' title='bbox 2028 2364 2119 2408; x_wconf 63' lang='lat' dir='ltr'>vestra</span> <span class='ocrx_word' id='word_1_1092' title='bbox 2130 2373 2205 2395; x_wconf 88' lang='lat' dir='ltr'>voce</span> <span class='ocrx_word' id='word_1_1093' title='bbox 2217 2371 2299 2394; x_wconf 88' lang='lat' dir='ltr'>tenus</span> <span class='ocrx_word' id='word_1_1094' title='bbox 2310 2370 2359 2393; x_wconf 88' lang='lat' dir='ltr'>ex-</span> 
     </span>
     <span class='ocr_line' id='line_1_128' title="bbox 1294 2403 2160 2446; baseline -0.007 -8"><span class='ocrx_word' id='word_1_1095' title='bbox 1294 2408 1430 2446; x_wconf 85' lang='lat' dir='ltr'>plicabat,</span> <span class='ocrx_word' id='word_1_1096' title='bbox 1446 2417 1482 2438; x_wconf 89' lang='lat' dir='ltr'>ve</span> <span class='ocrx_word' id='word_1_1097' title='bbox 1509 2416 1536 2436; x_wconf 87' lang='lat' dir='ltr'>ra</span> <span class='ocrx_word' id='word_1_1098' title='bbox 1552 2407 1661 2444; x_wconf 85' lang='lat' dir='ltr'>eidem,</span> <span class='ocrx_word' id='word_1_1099' title='bbox 1680 2406 1699 2436; x_wconf 88' lang='lat' dir='ltr'>fi</span> <span class='ocrx_word' id='word_1_1100' title='bbox 1715 2406 1822 2445; x_wconf 88' lang='lat' dir='ltr'>placet,</span> <span class='ocrx_word' id='word_1_1101' title='bbox 1837 2404 1981 2436; x_wconf 85' lang='lat' dir='ltr'>credulitas</span> <span class='ocrx_word' id='word_1_1102' title='bbox 1995 2403 2160 2443; x_wconf 84' lang='lat' dir='ltr'>adquiescat.</span> 
     </span>
    </p>

    <p class='ocr_par' dir='ltr' id='par_1_44' title="bbox 1294 2439 2359 2709">
     <span class='ocr_line' id='line_1_129' title="bbox 1330 2439 2358 2485; baseline -0.007 -8"><span class='ocrx_word' id='word_1_1103' title='bbox 1330 2446 1378 2477; x_wconf 91' lang='lat' dir='ltr'>Ut</span> <span class='ocrx_word' id='word_1_1104' title='bbox 1400 2453 1511 2483; x_wconf 88' lang='lat' dir='ltr'>autem,</span> <span class='ocrx_word' id='word_1_1105' title='bbox 1528 2454 1578 2485; x_wconf 90' lang='lat' dir='ltr'>per</span> <span class='ocrx_word' id='word_1_1106' title='bbox 1599 2444 1875 2485; x_wconf 62' lang='lat' dir='ltr'>praedidiosvestros</span> <span class='ocrx_word' id='word_1_1107' title='bbox 1898 2442 2053 2480; x_wconf 89' lang='lat' dir='ltr'>Nuncios,</span> <span class='ocrx_word' id='word_1_1108' title='bbox 2068 2442 2210 2472; x_wconf 89' lang='lat' dir='ltr'>venientes</span> <span class='ocrx_word' id='word_1_1109' title='bbox 2222 2440 2259 2471; x_wconf 87' lang='lat' dir='ltr'>de</span> <span class='ocrx_word' id='word_1_1110' title='bbox 2271 2439 2358 2470; x_wconf 86' lang='lat' dir='ltr'>bene-</span> 
     </span>
     <span class='ocr_line' id='line_1_130' title="bbox 1294 2477 2359 2524; baseline -0.007 -9"><span class='ocrx_word' id='word_1_1111' title='bbox 1294 2485 1398 2524; x_wconf 86' lang='lat' dir='ltr'>placito</span> <span class='ocrx_word' id='word_1_1112' title='bbox 1419 2484 1451 2515; x_wconf 87' lang='lat'>&amp;</span> <span class='ocrx_word' id='word_1_1113' title='bbox 1471 2483 1600 2522; x_wconf 87' lang='lat' dir='ltr'>responso</span> <span class='ocrx_word' id='word_1_1114' title='bbox 1612 2481 1724 2521; x_wconf 87' lang='lat' dir='ltr'>vestro,</span> <span class='ocrx_word' id='word_1_1115' title='bbox 1740 2483 1818 2522; x_wconf 87' lang='lat' dir='ltr'>super</span> <span class='ocrx_word' id='word_1_1116' title='bbox 1831 2481 1977 2522; x_wconf 82' lang='lat' dir='ltr'>praemiffis</span> <span class='ocrx_word' id='word_1_1117' title='bbox 1991 2481 2092 2511; x_wconf 86' lang='lat' dir='ltr'>certius</span> <span class='ocrx_word' id='word_1_1118' title='bbox 2105 2481 2188 2511; x_wconf 88' lang='lat' dir='ltr'>nobis</span> <span class='ocrx_word' id='word_1_1119' title='bbox 2201 2477 2359 2517; x_wconf 86' lang='lat' dir='ltr'>constaret,</span> 
     </span>
     <span class='ocr_line' id='line_1_131' title="bbox 1295 2517 2358 2562; baseline -0.007 -8"><span class='ocrx_word' id='word_1_1120' title='bbox 1295 2525 1329 2554; x_wconf 91' lang='lat'>&amp;</span> <span class='ocrx_word' id='word_1_1121' title='bbox 1348 2522 1412 2562; x_wconf 86' lang='lat' dir='ltr'>post</span> <span class='ocrx_word' id='word_1_1122' title='bbox 1431 2522 1553 2562; x_wconf 89' lang='lat' dir='ltr'>ipsorum</span> <span class='ocrx_word' id='word_1_1123' title='bbox 1574 2521 1727 2552; x_wconf 90' lang='lat' dir='ltr'>adventum</span> <span class='ocrx_word' id='word_1_1124' title='bbox 1749 2521 1824 2555; x_wconf 85' lang='lat' dir='ltr'>latius</span> <span class='ocrx_word' id='word_1_1125' title='bbox 1844 2521 1921 2559; x_wconf 87' lang='lat' dir='ltr'>super</span> <span class='ocrx_word' id='word_1_1126' title='bbox 1943 2519 2000 2549; x_wconf 94' lang='lat' dir='ltr'>hoc</span> <span class='ocrx_word' id='word_1_1127' title='bbox 2015 2517 2162 2549; x_wconf 87' lang='lat' dir='ltr'>consilium</span> <span class='ocrx_word' id='word_1_1128' title='bbox 2177 2518 2358 2554; x_wconf 82' lang='lat' dir='ltr'>haberemus,</span> 
     </span>
     <span class='ocr_line' id='line_1_132' title="bbox 1294 2554 2358 2601; baseline -0.007 -9"><span class='ocrx_word' id='word_1_1129' title='bbox 1294 2563 1365 2593; x_wconf 85' lang='lat' dir='ltr'>sicut</span> <span class='ocrx_word' id='word_1_1130' title='bbox 1378 2561 1528 2601; x_wconf 67' lang='lat' dir='ltr'>praedi&amp;us</span> <span class='ocrx_word' id='word_1_1131' title='bbox 1542 2559 1696 2599; x_wconf 88' lang='lat' dir='ltr'>Episcopus</span> <span class='ocrx_word' id='word_1_1132' title='bbox 1710 2560 1792 2589; x_wconf 88' lang='lat' dir='ltr'>vobis</span> <span class='ocrx_word' id='word_1_1133' title='bbox 1806 2560 1943 2596; x_wconf 84' lang='lat' dir='ltr'>exprimet</span> <span class='ocrx_word' id='word_1_1134' title='bbox 1957 2568 2007 2588; x_wconf 93' lang='lat' dir='ltr'>ore</span> <span class='ocrx_word' id='word_1_1135' title='bbox 2020 2567 2113 2595; x_wconf 88' lang='lat' dir='ltr'>tenus,</span> <span class='ocrx_word' id='word_1_1136' title='bbox 2144 2556 2266 2587; x_wconf 88' lang='lat' dir='ltr'>eundem</span> <span class='ocrx_word' id='word_1_1137' title='bbox 2279 2554 2358 2596; x_wconf 88' lang='lat' dir='ltr'>Epis-</span> 
     </span>
     <span class='ocr_line' id='line_1_133' title="bbox 1295 2595 2359 2641; baseline -0.006 -11"><span class='ocrx_word' id='word_1_1138' title='bbox 1295 2610 1403 2641; x_wconf 92' lang='lat' dir='ltr'>copum</span> <span class='ocrx_word' id='word_1_1139' title='bbox 1422 2598 1495 2638; x_wconf 89' lang='lat' dir='ltr'>apud</span> <span class='ocrx_word' id='word_1_1140' title='bbox 1514 2608 1566 2628; x_wconf 91' lang='lat' dir='ltr'>nos</span> <span class='ocrx_word' id='word_1_1141' title='bbox 1586 2598 1686 2628; x_wconf 84' lang='lat' dir='ltr'>diutius</span> <span class='ocrx_word' id='word_1_1142' title='bbox 1708 2597 1894 2627; x_wconf 88' lang='lat' dir='ltr'>detinendum</span> <span class='ocrx_word' id='word_1_1143' title='bbox 1915 2596 2107 2634; x_wconf 89' lang='lat' dir='ltr'>decrevimus,</span> <span class='ocrx_word' id='word_1_1144' title='bbox 2127 2595 2161 2625; x_wconf 63' lang='grc' dir='ltr'>ὃς</span> <span class='ocrx_word' id='word_1_1145' title='bbox 2181 2603 2311 2633; x_wconf 84' lang='lat' dir='ltr'>rogamus</span> <span class='ocrx_word' id='word_1_1146' title='bbox 2327 2601 2359 2624; x_wconf 88' lang='lat' dir='ltr'>ut</span> 
     </span>
     <span class='ocr_line' id='line_1_134' title="bbox 1295 2631 2359 2707; baseline -0.006 -38"><span class='ocrx_word' id='word_1_1147' title='bbox 1295 2636 1600 2707; x_wconf 79' lang='lat' dir='ltr'>morambhujusmodi,</span> <span class='ocrx_word' id='word_1_1148' title='bbox 1618 2645 1704 2677; x_wconf 83' lang='lat' dir='ltr'>quam</span> <span class='ocrx_word' id='word_1_1149' title='bbox 1725 2637 1863 2667; x_wconf 81' lang='lat' dir='ltr'>contraxit</span> <span class='ocrx_word' id='word_1_1150' title='bbox 1885 2636 2003 2673; x_wconf 87' lang='lat' dir='ltr'>invitus,</span> <span class='ocrx_word' id='word_1_1151' title='bbox 2021 2635 2102 2665; x_wconf 89' lang='lat' dir='ltr'>vobis</span> <span class='ocrx_word' id='word_1_1152' title='bbox 2122 2633 2228 2673; x_wconf 73' lang='lat' dir='ltr'>placeat</span> <span class='ocrx_word' id='word_1_1153' title='bbox 2249 2631 2359 2664; x_wconf 82' lang='lat' dir='ltr'>excusa-</span> 
     </span>
     <span class='ocr_line' id='line_1_135' title="bbox 1296 2678 1479 2709; baseline -0.022 0"><span class='ocrx_word' id='word_1_1154' title='bbox 1296 2686 1354 2709; x_wconf 91' lang='lat' dir='ltr'>tam</span> <span class='ocrx_word' id='word_1_1155' title='bbox 1369 2678 1404 2708; x_wconf 89' lang='lat' dir='ltr'>ha</span> <span class='ocrx_word' id='word_1_1156' title='bbox 1427 2686 1479 2706; x_wconf 88' lang='lat' dir='ltr'>ere.</span> 
     </span>
    </p>
   </div>
   <div class='ocr_carea' id='block_1_23' title="bbox 1332 2711 2024 2756">
    <p class='ocr_par' dir='ltr' id='par_1_45' title="bbox 1332 2711 2024 2756">
     <span class='ocr_line' id='line_1_136' title="bbox 1332 2711 2024 2756; baseline -0.006 -10"><span class='ocrx_word' id='word_1_1157' title='bbox 1332 2715 1428 2747; x_wconf 85' lang='lat' dir='ltr'>Valeat</span> <span class='ocrx_word' id='word_1_1158' title='bbox 1441 2713 1601 2756; x_wconf 86' lang='lat' dir='ltr'>prosperitas</span> <span class='ocrx_word' id='word_1_1159' title='bbox 1614 2712 1703 2745; x_wconf 86' lang='lat' dir='ltr'>vestra</span> <span class='ocrx_word' id='word_1_1160' title='bbox 1716 2713 1824 2753; x_wconf 88' lang='lat' dir='ltr'>semper</span> <span class='ocrx_word' id='word_1_1161' title='bbox 1837 2714 1867 2744; x_wconf 91' lang='lat' dir='ltr'>in</span> <span class='ocrx_word' id='word_1_1162' title='bbox 1880 2711 2024 2743; x_wconf 91' lang='lat' dir='ltr'>Domino.</span> 
     </span>
    </p>
   </div>
   <div class='ocr_carea' id='block_1_24' title="bbox 1332 2789 2151 2836">
    <p class='ocr_par' dir='ltr' id='par_1_46' title="bbox 1332 2789 2151 2836">
     <span class='ocr_line' id='line_1_137' title="bbox 1332 2789 2151 2836; baseline -0.009 -9"><span class='ocrx_word' id='word_1_1163' title='bbox 1332 2795 1421 2828; x_wconf 87' lang='lat' dir='ltr'>Teste</span> <span class='ocrx_word' id='word_1_1164' title='bbox 1437 2796 1520 2836; x_wconf 78' lang='lat' dir='ltr'>Rege</span> <span class='ocrx_word' id='word_1_1165' title='bbox 1534 2795 1607 2834; x_wconf 88' lang='lat' dir='ltr'>apud</span> <span class='ocrx_word' id='word_1_1166' title='bbox 1620 2795 1719 2826; x_wconf 88' lang='lat' dir='ltr'>Oxon.</span> <span class='ocrx_word' id='word_1_1167' title='bbox 1738 2794 1875 2826; x_wconf 85' lang='lat' dir='ltr'>vicesimo</span> <span class='ocrx_word' id='word_1_1168' title='bbox 1890 2794 1992 2832; x_wconf 87' lang='lat' dir='ltr'>quinto</span> <span class='ocrx_word' id='word_1_1169' title='bbox 2007 2791 2052 2822; x_wconf 90' lang='lat' dir='ltr'>die</span> <span class='ocrx_word' id='word_1_1170' title='bbox 2062 2789 2151 2830; x_wconf 89' lang='lat' dir='ltr'>Junii.</span> 
     </span>
    </p>
   </div>
   <div class='ocr_carea' id='block_1_25' title="bbox 1304 2867 2362 2884">
    <p class='ocr_par' dir='ltr' id='par_1_47' title="bbox 1304 2867 2362 2884">
     <span class='ocr_line' id='line_1_138' title="bbox 1304 2867 2362 2884; baseline 0 1377"><span class='ocrx_word' id='word_1_1171' title='bbox 1304 2867 2362 2884; x_wconf 95' lang='lat' dir='ltr'> </span> 
     </span>
    </p>
   </div>
   <div class='ocr_carea' id='block_1_26' title="bbox 1299 2921 2363 2973">
    <p class='ocr_par' dir='ltr' id='par_1_48' title="bbox 1299 2921 2363 2973">
     <span class='ocr_line' id='line_1_139' title="bbox 1299 2921 2363 2973; baseline -0.008 -13"><span class='ocrx_word' id='word_1_1172' title='bbox 1299 2928 1418 2960; x_wconf 76' lang='lat' dir='ltr'>Litterae</span> <span class='ocrx_word' id='word_1_1173' title='bbox 1441 2938 1461 2959; x_wconf 88' lang='lat' dir='ltr'>a</span> <span class='ocrx_word' id='word_1_1174' title='bbox 1481 2929 1703 2960; x_wconf 80' lang='lat' dir='ltr'>communitate</span> <span class='ocrx_word' id='word_1_1175' title='bbox 1719 2925 1836 2973; x_wconf 78' lang='lat' dir='ltr'>Angliae</span> <span class='ocrx_word' id='word_1_1176' title='bbox 1852 2927 1983 2958; x_wconf 83' lang='lat' dir='ltr'>Domino</span> <span class='ocrx_word' id='word_1_1177' title='bbox 2003 2926 2102 2969; x_wconf 60' lang='lat' dir='ltr'>Papa,</span> <span class='ocrx_word' id='word_1_1178' title='bbox 2128 2921 2165 2955; x_wconf 82' lang='lat' dir='ltr'>de</span> <span class='ocrx_word' id='word_1_1179' title='bbox 2174 2921 2260 2967; x_wconf 67' lang='lat' dir='ltr'>fasta</span> <span class='ocrx_word' id='word_1_1180' title='bbox 2282 2922 2363 2954; x_wconf 79' lang='lat' dir='ltr'>Sici-</span> 
     </span>
    </p>
   </div>
   <div class='ocr_carea' id='block_1_27' title="bbox 2323 337 2431 367">
    <p class='ocr_par' dir='ltr' id='par_1_49' title="bbox 2323 337 2431 367">
     <span class='ocr_line' id='line_1_140' title="bbox 2323 337 2431 367; baseline -0.009 -7"><span class='ocrx_word' id='word_1_1181' title='bbox 2323 337 2388 360; x_wconf 78' lang='lat' dir='ltr'>Hen.</span> <span class='ocrx_word' id='word_1_1182' title='bbox 2405 339 2431 367; x_wconf 80' lang='lat'>3.</span> 
     </span>
    </p>
   </div>
   <div class='ocr_carea' id='block_1_28' title="bbox 228 2981 450 3020">
    <p class='ocr_par' dir='ltr' id='par_1_50' title="bbox 228 2981 450 3020">
     <span class='ocr_line' id='line_1_141' title="bbox 228 2981 450 3020; baseline -0.005 -8"><span class='ocrx_word' id='word_1_1183' title='bbox 228 2982 264 3012; x_wconf 83' lang='lat' dir='ltr'>ln</span> <span class='ocrx_word' id='word_1_1184' title='bbox 278 2983 354 3020; x_wconf 85' lang='lat' dir='ltr'>cujus</span> <span class='ocrx_word' id='word_1_1185' title='bbox 361 3005 370 3020; x_wconf 85' lang='lat'>,</span> <span class='ocrx_word' id='word_1_1186' title='bbox 388 2981 450 3011; x_wconf 87' lang='lat' dir='ltr'>&amp;c.</span> 
     </span>
    </p>
   </div>
   <div class='ocr_carea' id='block_1_29' title="bbox 1303 2960 2570 3180">
    <p class='ocr_par' dir='ltr' id='par_1_51' title="bbox 1303 2960 2570 3180">
     <span class='ocr_line' id='line_1_142' title="bbox 1500 2960 2570 3019; baseline -0.008 -12"><span class='ocrx_word' id='word_1_1187' title='bbox 1500 2975 1560 3018; x_wconf 72' lang='lat' dir='ltr'>liae,</span> <span class='ocrx_word' id='word_1_1188' title='bbox 1586 2978 1622 3013; x_wconf 60' lang='grc' dir='ltr'>ὠ·</span> <span class='ocrx_word' id='word_1_1189' title='bbox 1644 2985 1748 3008; x_wconf 85' lang='lat' dir='ltr'>contra</span> <span class='ocrx_word' id='word_1_1190' title='bbox 1765 2974 1905 3008; x_wconf 69' lang='lat' dir='ltr'>Eleflum</span> <span class='ocrx_word' id='word_1_1191' title='bbox 1923 2971 2160 3017; x_wconf 77' lang='lat' dir='ltr'>W&#39;ntonienftm.</span> <span class='ocrx_word' id='word_1_1192' title='bbox 2255 2963 2306 3015; x_wconf 44' lang='grc' dir='ltr'><em>ὦ</em></span> <span class='ocrx_word' id='word_1_1193' title='bbox 2319 2967 2402 3019; x_wconf 44' lang='grc' dir='ltr'>αέῼ</span> <span class='ocrx_word' id='word_1_1194' title='bbox 2411 2960 2542 3017; x_wconf 40' lang='lat' dir='ltr'>Aa]</span> <span class='ocrx_word' id='word_1_1195' title='bbox 2551 2982 2570 3010; x_wconf 59' lang='grc' dir='ltr'><em>ό</em></span> 
     </span>
     <span class='ocr_line' id='line_1_143' title="bbox 1304 3022 2518 3127; baseline -0.006 -32"><span class='ocrx_word' id='word_1_1196' title='bbox 1304 3064 1517 3127; x_wconf 71' lang='lat' dir='ltr'>SAnCu&#39;sfimo</span> <span class='ocrx_word' id='word_1_1197' title='bbox 1540 3063 1615 3108; x_wconf 68' lang='lat' dir='ltr'>Patri</span> <span class='ocrx_word' id='word_1_1198' title='bbox 1644 3063 1673 3093; x_wconf 90' lang='lat' dir='ltr'>in</span> <span class='ocrx_word' id='word_1_1199' title='bbox 1699 3062 1817 3105; x_wconf 69' lang='lat' dir='ltr'>Christo</span> <span class='ocrx_word' id='word_1_1200' title='bbox 1847 3061 2007 3092; x_wconf 85' lang='lat' dir='ltr'>Alexandro</span> <span class='ocrx_word' id='word_1_1201' title='bbox 2020 3084 2030 3099; x_wconf 89' lang='lat'>,</span> <span class='ocrx_word' id='word_1_1202' title='bbox 2049 3060 2160 3106; x_wconf 29' lang='lat' dir='ltr'>*Di-vina</span> <span class='ocrx_word' id='word_1_1203' title='bbox 2181 3022 2518 3113; x_wconf 43' lang='grc' dir='ltr'>ΡῐονίἀεηζζΑῐχιὲδλΟὲ</span> 
     </span>
     <span class='ocr_line' id='line_1_144' title="bbox 1364 3094 2489 3137; baseline -0.007 -3"><span class='ocrx_word' id='word_1_1204' title='bbox 1364 3103 1474 3135; x_wconf 67' lang='lat' dir='ltr'>Sanelae</span> <span class='ocrx_word' id='word_1_1205' title='bbox 1494 3101 1665 3132; x_wconf 85' lang='lat' dir='ltr'>Universalis</span> <span class='ocrx_word' id='word_1_1206' title='bbox 1686 3101 1820 3132; x_wconf 79' lang='lat' dir='ltr'>Ecclesiae</span> <span class='ocrx_word' id='word_1_1207' title='bbox 1840 3100 1952 3131; x_wconf 88' lang='lat' dir='ltr'>summo</span> <span class='ocrx_word' id='word_1_1208' title='bbox 1970 3099 2105 3130; x_wconf 81' lang='lat' dir='ltr'>Pontifici</span> <span class='ocrx_word' id='word_1_1209' title='bbox 2118 3123 2128 3137; x_wconf 92' lang='lat'>,</span> <span class='ocrx_word' id='word_1_1210' title='bbox 2162 3098 2362 3130; x_wconf 64' lang='lat' dir='ltr'>Communitas</span> <span class='ocrx_word' id='word_1_1211' title='bbox 2407 3094 2489 3132; x_wconf 84' lang='lat'>1258-</span> 
     </span>
     <span class='ocr_line' id='line_1_145' title="bbox 1303 3137 2504 3180; baseline -0.01 -7"><span class='ocrx_word' id='word_1_1212' title='bbox 1303 3142 1456 3174; x_wconf 90' lang='lat' dir='ltr'>Comitum</span> <span class='ocrx_word' id='word_1_1213' title='bbox 1470 3165 1480 3179; x_wconf 97' lang='lat'>,</span> <span class='ocrx_word' id='word_1_1214' title='bbox 1503 3149 1653 3180; x_wconf 86' lang='lat' dir='ltr'>procerum</span> <span class='ocrx_word' id='word_1_1215' title='bbox 1669 3164 1679 3178; x_wconf 91' lang='lat'>,</span> <span class='ocrx_word' id='word_1_1216' title='bbox 1704 3148 1888 3179; x_wconf 86' lang='lat' dir='ltr'>magnatum,</span> <span class='ocrx_word' id='word_1_1217' title='bbox 1909 3138 2086 3176; x_wconf 87' lang='lat' dir='ltr'>aliorumque</span> <span class='ocrx_word' id='word_1_1218' title='bbox 2110 3138 2207 3178; x_wconf 84' lang='lat' dir='ltr'>Regni</span> <span class='ocrx_word' id='word_1_1219' title='bbox 2228 3137 2340 3176; x_wconf 84' lang='lat' dir='ltr'>Angliae</span> <span class='ocrx_word' id='word_1_1220' title='bbox 2352 3159 2362 3174; x_wconf 86' lang='lat'>,</span> <span class='ocrx_word' id='word_1_1221' title='bbox 2384 3138 2435 3161; x_wconf 73' lang='lat' dir='ltr'>An.</span> <span class='ocrx_word' id='word_1_1222' title='bbox 2454 3142 2504 3169; x_wconf 73' lang='lat'>42,</span> 
     </span>
    </p>
   </div>
   <div class='ocr_carea' id='block_1_30' title="bbox 229 3060 1036 3105">
    <p class='ocr_par' dir='ltr' id='par_1_52' title="bbox 229 3060 1036 3105">
     <span class='ocr_line' id='line_1_146' title="bbox 229 3060 1036 3105; baseline 0.009 -15"><span class='ocrx_word' id='word_1_1223' title='bbox 229 3060 319 3091; x_wconf 88' lang='lat' dir='ltr'>Teste</span> <span class='ocrx_word' id='word_1_1224' title='bbox 333 3060 414 3102; x_wconf 83' lang='lat' dir='ltr'>Rege</span> <span class='ocrx_word' id='word_1_1225' title='bbox 426 3061 498 3101; x_wconf 89' lang='lat' dir='ltr'>apud</span> <span class='ocrx_word' id='word_1_1226' title='bbox 513 3061 611 3093; x_wconf 88' lang='lat' dir='ltr'>Oxon.</span> <span class='ocrx_word' id='word_1_1227' title='bbox 627 3062 744 3095; x_wconf 88' lang='lat' dir='ltr'>decimo</span> <span class='ocrx_word' id='word_1_1228' title='bbox 759 3064 877 3105; x_wconf 87' lang='lat' dir='ltr'>septimo</span> <span class='ocrx_word' id='word_1_1229' title='bbox 890 3063 936 3095; x_wconf 89' lang='lat' dir='ltr'>die</span> <span class='ocrx_word' id='word_1_1230' title='bbox 947 3064 1036 3103; x_wconf 83' lang='lat' dir='ltr'>Junii.</span> 
     </span>
    </p>
   </div>
   <div class='ocr_carea' id='block_1_31' title="bbox 233 3140 1259 3187">
    <p class='ocr_par' dir='ltr' id='par_1_53' title="bbox 233 3140 1259 3187">
     <span class='ocr_line' id='line_1_147' title="bbox 233 3140 1259 3187; baseline 0.007 -17"><span class='ocrx_word' id='word_1_1231' title='bbox 233 3143 302 3172; x_wconf 79' lang='lat' dir='ltr'>Haec</span> <span class='ocrx_word' id='word_1_1232' title='bbox 320 3140 417 3172; x_wconf 77' lang='lat' dir='ltr'>littera</span> <span class='ocrx_word' id='word_1_1233' title='bbox 437 3142 544 3171; x_wconf 81' lang='lat' dir='ltr'>tradita</span> <span class='ocrx_word' id='word_1_1234' title='bbox 558 3141 620 3181; x_wconf 73' lang='lat' dir='ltr'>ficit</span> <span class='ocrx_word' id='word_1_1235' title='bbox 634 3143 763 3183; x_wconf 84' lang='lat' dir='ltr'>Johanni</span> <span class='ocrx_word' id='word_1_1236' title='bbox 781 3146 812 3176; x_wconf 83' lang='lat' dir='ltr'>de</span> <span class='ocrx_word' id='word_1_1237' title='bbox 825 3147 922 3177; x_wconf 70' lang='lat' dir='ltr'>Sand&#39;io</span> <span class='ocrx_word' id='word_1_1238' title='bbox 939 3145 1058 3187; x_wconf 77' lang='lat' dir='ltr'>Diomfio</span> <span class='ocrx_word' id='word_1_1239' title='bbox 1068 3170 1077 3185; x_wconf 88' lang='lat'>,</span> <span class='ocrx_word' id='word_1_1240' title='bbox 1092 3146 1191 3177; x_wconf 81' lang='lat' dir='ltr'>clerico</span> <span class='ocrx_word' id='word_1_1241' title='bbox 1204 3147 1259 3186; x_wconf 87' lang='lat' dir='ltr'>Jo-</span> 
     </span>
    </p>
   </div>
   <div class='ocr_carea' id='block_1_32' title="bbox 48 3362 180 3399">
    <p class='ocr_par' dir='ltr' id='par_1_54' title="bbox 48 3362 180 3399">
     <span class='ocr_line' id='line_1_148' title="bbox 48 3362 180 3399; baseline -0.045 -6"><span class='ocrx_word' id='word_1_1242' title='bbox 48 3365 66 3383; x_wconf 57' lang='grc'><strong><em>*</em></strong></span> <span class='ocrx_word' id='word_1_1243' title='bbox 82 3362 180 3399; x_wconf 86' lang='lat'>1.659.</span> 
     </span>
    </p>
   </div>
   <div class='ocr_carea' id='block_1_33' title="bbox 193 3179 1260 3257">
    <p class='ocr_par' dir='ltr' id='par_1_55' title="bbox 193 3179 1260 3257">
     <span class='ocr_line' id='line_1_149' title="bbox 193 3179 1260 3257; baseline 0.006 -47"><span class='ocrx_word' id='word_1_1244' title='bbox 193 3179 298 3257; x_wconf 49' lang='grc' dir='ltr'>ἔὲηηίῑ</span> <span class='ocrx_word' id='word_1_1245' title='bbox 313 3179 469 3221; x_wconf 68' lang='lat' dir='ltr'>Maunfi’ll,</span> <span class='ocrx_word' id='word_1_1246' title='bbox 491 3180 635 3212; x_wconf 74' lang='lat' dir='ltr'>liberanda</span> <span class='ocrx_word' id='word_1_1247' title='bbox 652 3182 816 3224; x_wconf 77' lang='lat' dir='ltr'>Walenfibus</span> <span class='ocrx_word' id='word_1_1248' title='bbox 828 3187 859 3216; x_wconf 80' lang='lat' dir='ltr'>de</span> <span class='ocrx_word' id='word_1_1249' title='bbox 873 3185 974 3226; x_wconf 80' lang='lat' dir='ltr'>confilio</span> <span class='ocrx_word' id='word_1_1250' title='bbox 988 3187 1128 3216; x_wconf 80' lang='lat' dir='ltr'>Edwardi</span> <span class='ocrx_word' id='word_1_1251' title='bbox 1133 3186 1194 3229; x_wconf 84' lang='lat' dir='ltr'>filii</span> <span class='ocrx_word' id='word_1_1252' title='bbox 1208 3190 1260 3216; x_wconf 80' lang='lat' dir='ltr'>Re-</span> 
     </span>
    </p>
   </div>
   <div class='ocr_carea' id='block_1_34' title="bbox 208 3300 1261 3313">
    <p class='ocr_par' dir='ltr' id='par_1_56' title="bbox 208 3300 1261 3313">
     <span class='ocr_line' id='line_1_150' title="bbox 208 3300 1261 3313; baseline 0 948"><span class='ocrx_word' id='word_1_1253' title='bbox 208 3300 1261 3313; x_wconf 95' lang='lat' dir='ltr'> </span> 
     </span>
    </p>
   </div>
   <div class='ocr_carea' id='block_1_35' title="bbox 202 3347 1259 3443">
    <p class='ocr_par' dir='ltr' id='par_1_57' title="bbox 202 3347 1259 3443">
     <span class='ocr_line' id='line_1_151' title="bbox 202 3347 1259 3400; baseline 0.006 -19"><span class='ocrx_word' id='word_1_1254' title='bbox 202 3348 223 3370; x_wconf 66' lang='lat'><em>*</em></span> <span class='ocrx_word' id='word_1_1255' title='bbox 243 3350 364 3382; x_wconf 80' lang='lat' dir='ltr'>Littera</span> <span class='ocrx_word' id='word_1_1256' title='bbox 385 3347 511 3393; x_wconf 75' lang='lat' dir='ltr'>Alfonsb</span> <span class='ocrx_word' id='word_1_1257' title='bbox 542 3351 615 3395; x_wconf 84' lang='lat' dir='ltr'>Regi</span> <span class='ocrx_word' id='word_1_1258' title='bbox 643 3347 787 3392; x_wconf 81' lang='lat' dir='ltr'>Castellae,</span> <span class='ocrx_word' id='word_1_1259' title='bbox 812 3351 848 3384; x_wconf 84' lang='lat' dir='ltr'>de</span> <span class='ocrx_word' id='word_1_1260' title='bbox 865 3356 986 3400; x_wconf 82' lang='lat' dir='ltr'>negotiis</span> <span class='ocrx_word' id='word_1_1261' title='bbox 1004 3354 1184 3398; x_wconf 70' lang='lat' dir='ltr'>Africanis,</span> <span class='ocrx_word' id='word_1_1262' title='bbox 1222 3356 1259 3392; x_wconf 58' lang='grc' dir='ltr'>ἅ*</span> 
     </span>
     <span class='ocr_line' id='line_1_152' title="bbox 334 3395 1131 3443; baseline 0.009 -14"><span class='ocrx_word' id='word_1_1263' title='bbox 334 3395 370 3429; x_wconf 85' lang='lat' dir='ltr'>de</span> <span class='ocrx_word' id='word_1_1264' title='bbox 388 3395 520 3430; x_wconf 75' lang='lat' dir='ltr'>Ricardo</span> <span class='ocrx_word' id='word_1_1265' title='bbox 538 3399 614 3443; x_wconf 83' lang='lat' dir='ltr'>Rege</span> <span class='ocrx_word' id='word_1_1266' title='bbox 627 3399 830 3431; x_wconf 74' lang='lat' dir='ltr'>Romanorum</span> <span class='ocrx_word' id='word_1_1267' title='bbox 841 3427 851 3442; x_wconf 86' lang='lat'>‚</span> <span class='ocrx_word' id='word_1_1268' title='bbox 877 3405 913 3440; x_wconf 62' lang='grc' dir='ltr'>ὠ·</span> <span class='ocrx_word' id='word_1_1269' title='bbox 928 3401 1033 3434; x_wconf 78' lang='lat' dir='ltr'>multis</span> <span class='ocrx_word' id='word_1_1270' title='bbox 1052 3402 1131 3436; x_wconf 79' lang='lat' dir='ltr'>aliis.</span> 
     </span>
    </p>
   </div>
   <div class='ocr_carea' id='block_1_36' title="bbox 1303 3178 2373 3448">
    <p class='ocr_par' dir='ltr' id='par_1_58' title="bbox 1303 3178 2076 3220">
     <span class='ocr_line' id='line_1_153' title="bbox 1303 3178 2076 3220; baseline -0.008 -7"><span class='ocrx_word' id='word_1_1271' title='bbox 1303 3192 1371 3213; x_wconf 88' lang='lat' dir='ltr'>cum</span> <span class='ocrx_word' id='word_1_1272' title='bbox 1385 3181 1556 3220; x_wconf 62' lang='lat' dir='ltr'>subjectione</span> <span class='ocrx_word' id='word_1_1273' title='bbox 1569 3179 1661 3210; x_wconf 89' lang='lat' dir='ltr'>debita</span> <span class='ocrx_word' id='word_1_1274' title='bbox 1670 3201 1680 3216; x_wconf 94' lang='lat'>,</span> <span class='ocrx_word' id='word_1_1275' title='bbox 1695 3179 1800 3216; x_wconf 88' lang='lat' dir='ltr'>pedum</span> <span class='ocrx_word' id='word_1_1276' title='bbox 1815 3178 1908 3208; x_wconf 90' lang='lat' dir='ltr'>oscula</span> <span class='ocrx_word' id='word_1_1277' title='bbox 1920 3178 2076 3208; x_wconf 87' lang='lat' dir='ltr'>beatorum.</span> 
     </span>
    </p>

    <p class='ocr_par' dir='ltr' id='par_1_59' title="bbox 1305 3212 2373 3412">
     <span class='ocr_line' id='line_1_154' title="bbox 1340 3212 2363 3259; baseline -0.009 -8"><span class='ocrx_word' id='word_1_1278' title='bbox 1340 3219 1445 3259; x_wconf 87' lang='lat' dir='ltr'>Nuper</span> <span class='ocrx_word' id='word_1_1279' title='bbox 1458 3218 1547 3250; x_wconf 88' lang='lat' dir='ltr'>vestra</span> <span class='ocrx_word' id='word_1_1280' title='bbox 1561 3218 1712 3254; x_wconf 64' lang='lat' dir='ltr'>Sanctitas,</span> <span class='ocrx_word' id='word_1_1281' title='bbox 1729 3218 1788 3247; x_wconf 73' lang='lat' dir='ltr'>tam</span> <span class='ocrx_word' id='word_1_1282' title='bbox 1801 3226 1850 3256; x_wconf 92' lang='lat' dir='ltr'>per</span> <span class='ocrx_word' id='word_1_1283' title='bbox 1863 3217 1980 3254; x_wconf 87' lang='lat' dir='ltr'>litteras,</span> <span class='ocrx_word' id='word_1_1284' title='bbox 2002 3217 2087 3256; x_wconf 73' lang='lat' dir='ltr'>quam</span> <span class='ocrx_word' id='word_1_1285' title='bbox 2103 3226 2150 3253; x_wconf 87' lang='lat' dir='ltr'>per</span> <span class='ocrx_word' id='word_1_1286' title='bbox 2164 3212 2363 3245; x_wconf 89' lang='lat' dir='ltr'>Venerabilem</span> 
     </span>
     <span class='ocr_line' id='line_1_155' title="bbox 1305 3254 2365 3297; baseline -0.008 -8"><span class='ocrx_word' id='word_1_1287' title='bbox 1305 3258 1408 3289; x_wconf 91' lang='lat' dir='ltr'>Virum</span> <span class='ocrx_word' id='word_1_1288' title='bbox 1430 3256 1593 3297; x_wconf 87' lang='lat' dir='ltr'>magistrum</span> <span class='ocrx_word' id='word_1_1289' title='bbox 1614 3255 1766 3293; x_wconf 90' lang='lat' dir='ltr'>Arlotum,</span> <span class='ocrx_word' id='word_1_1290' title='bbox 1795 3255 2009 3286; x_wconf 83' lang='lat' dir='ltr'>Subdiaconum</span> <span class='ocrx_word' id='word_1_1291' title='bbox 2035 3256 2069 3286; x_wconf 89' lang='lat'>&amp;</span> <span class='ocrx_word' id='word_1_1292' title='bbox 2098 3254 2255 3284; x_wconf 85' lang='lat' dir='ltr'>Notarium</span> <span class='ocrx_word' id='word_1_1293' title='bbox 2268 3274 2278 3290; x_wconf 93' lang='lat'>,</span> <span class='ocrx_word' id='word_1_1294' title='bbox 2311 3260 2365 3281; x_wconf 84' lang='lat' dir='ltr'>nos</span> 
     </span>
     <span class='ocr_line' id='line_1_156' title="bbox 1305 3289 2365 3336; baseline -0.008 -9"><span class='ocrx_word' id='word_1_1295' title='bbox 1305 3296 1494 3336; x_wconf 87' lang='lat' dir='ltr'>multipliciter</span> <span class='ocrx_word' id='word_1_1296' title='bbox 1517 3295 1628 3325; x_wconf 85' lang='lat' dir='ltr'>monuit</span> <span class='ocrx_word' id='word_1_1297' title='bbox 1652 3295 1685 3324; x_wconf 88' lang='lat'>&amp;</span> <span class='ocrx_word' id='word_1_1298' title='bbox 1707 3294 1816 3324; x_wconf 82' lang='lat' dir='ltr'>induxit</span> <span class='ocrx_word' id='word_1_1299' title='bbox 1835 3302 1866 3324; x_wconf 91' lang='lat' dir='ltr'>ut</span> <span class='ocrx_word' id='word_1_1300' title='bbox 1887 3294 2051 3324; x_wconf 90' lang='lat' dir='ltr'>Dominum</span> <span class='ocrx_word' id='word_1_1301' title='bbox 2063 3291 2209 3328; x_wconf 85' lang='lat' dir='ltr'>nostrum,</span> <span class='ocrx_word' id='word_1_1302' title='bbox 2228 3289 2365 3333; x_wconf 76' lang='lat' dir='ltr'>illustrem</span> 
     </span>
     <span class='ocr_line' id='line_1_157' title="bbox 1305 3328 2364 3375; baseline -0.008 -9"><span class='ocrx_word' id='word_1_1303' title='bbox 1305 3336 1417 3375; x_wconf 84' lang='lat' dir='ltr'>Regem</span> <span class='ocrx_word' id='word_1_1304' title='bbox 1438 3334 1548 3373; x_wconf 65' lang='lat' dir='ltr'>Angli-x</span> <span class='ocrx_word' id='word_1_1305' title='bbox 1596 3334 1626 3363; x_wconf 85' lang='lat' dir='ltr'>in</span> <span class='ocrx_word' id='word_1_1306' title='bbox 1643 3332 1838 3372; x_wconf 87' lang='lat' dir='ltr'>prosecutione</span> <span class='ocrx_word' id='word_1_1307' title='bbox 1857 3333 1954 3363; x_wconf 68' lang='lat' dir='ltr'>Remi</span> <span class='ocrx_word' id='word_1_1308' title='bbox 1974 3332 2075 3362; x_wconf 74' lang='lat' dir='ltr'>Siciliae</span> <span class='ocrx_word' id='word_1_1309' title='bbox 2093 3333 2273 3369; x_wconf 63' lang='lat' dir='ltr'>juvaremus,</span> <span class='ocrx_word' id='word_1_1310' title='bbox 2315 3328 2364 3359; x_wconf 76' lang='lat' dir='ltr'>fibi</span> 
     </span>
     <span class='ocr_line' id='line_1_158' title="bbox 1306 3356 2373 3412; baseline -0.005 -8"><span class='ocrx_word' id='word_1_1311' title='bbox 1306 3383 1461 3405; x_wconf 90' lang='lat' dir='ltr'>commune</span> <span class='ocrx_word' id='word_1_1312' title='bbox 1475 3356 1625 3403; x_wconf 59' lang='lat' dir='ltr'>subsidium</span> <span class='ocrx_word' id='word_1_1313' title='bbox 1639 3372 1718 3410; x_wconf 86' lang='lat' dir='ltr'>super</span> <span class='ocrx_word' id='word_1_1314' title='bbox 1731 3370 1788 3401; x_wconf 91' lang='lat' dir='ltr'>hoc</span> <span class='ocrx_word' id='word_1_1315' title='bbox 1802 3371 1892 3401; x_wconf 88' lang='lat' dir='ltr'>facien</span> <span class='ocrx_word' id='word_1_1316' title='bbox 1914 3381 1942 3401; x_wconf 92' lang='lat' dir='ltr'>o.</span> <span class='ocrx_word' id='word_1_1317' title='bbox 2170 3407 2175 3412; x_wconf 44' lang='grc'><strong>,</strong></span> <span class='ocrx_word' id='word_1_1318' title='bbox 2270 3405 2275 3410; x_wconf 48' lang='grc'><em>,</em></span> <span class='ocrx_word' id='word_1_1319' title='bbox 2291 3405 2296 3411; x_wconf 40' lang='grc'><em>·</em></span> <span class='ocrx_word' id='word_1_1320' title='bbox 2370 3409 2373 3411; x_wconf 35' lang='grc'>-</span> 
     </span>
    </p>

    <p class='ocr_par' dir='ltr' id='par_1_60' title="bbox 1343 3404 2366 3448">
     <span class='ocr_line' id='line_1_159' title="bbox 1343 3404 2366 3448; baseline -0.006 -6"><span class='ocrx_word' id='word_1_1321' title='bbox 1343 3413 1426 3443; x_wconf 89' lang='lat' dir='ltr'>Licet</span> <span class='ocrx_word' id='word_1_1322' title='bbox 1438 3421 1501 3443; x_wconf 88' lang='lat' dir='ltr'>ante</span> <span class='ocrx_word' id='word_1_1323' title='bbox 1512 3410 1586 3440; x_wconf 85' lang='lat' dir='ltr'>idem</span> <span class='ocrx_word' id='word_1_1324' title='bbox 1599 3409 1743 3440; x_wconf 90' lang='lat' dir='ltr'>Dominus</span> <span class='ocrx_word' id='word_1_1325' title='bbox 1756 3409 1851 3440; x_wconf 90' lang='lat' dir='ltr'>noster</span> <span class='ocrx_word' id='word_1_1326' title='bbox 1867 3410 1950 3448; x_wconf 86' lang='lat' dir='ltr'>Rex,</span> <span class='ocrx_word' id='word_1_1327' title='bbox 1975 3407 2076 3445; x_wconf 85' lang='lat' dir='ltr'>absque</span> <span class='ocrx_word' id='word_1_1328' title='bbox 2089 3406 2176 3437; x_wconf 88' lang='lat' dir='ltr'>nostri</span> <span class='ocrx_word' id='word_1_1329' title='bbox 2191 3404 2318 3436; x_wconf 89' lang='lat' dir='ltr'>concilio</span> <span class='ocrx_word' id='word_1_1330' title='bbox 2330 3405 2366 3436; x_wconf 73' lang='grc' dir='ltr'>δε</span> 
     </span>
    </p>
   </div>
   <div class='ocr_carea' id='block_1_37' title="bbox 50 3443 2371 3631">
    <p class='ocr_par' dir='ltr' id='par_1_61' title="bbox 1306 3443 2365 3489">
     <span class='ocr_line' id='line_1_160' title="bbox 1306 3443 2365 3489; baseline -0.008 -7"><span class='ocrx_word' id='word_1_1331' title='bbox 1306 3450 1428 3489; x_wconf 88' lang='lat' dir='ltr'>assensu,</span> <span class='ocrx_word' id='word_1_1332' title='bbox 1450 3452 1541 3480; x_wconf 91' lang='lat' dir='ltr'>immo</span> <span class='ocrx_word' id='word_1_1333' title='bbox 1561 3448 1642 3478; x_wconf 87' lang='lat' dir='ltr'>nobis</span> <span class='ocrx_word' id='word_1_1334' title='bbox 1658 3448 1870 3479; x_wconf 86' lang='lat' dir='ltr'>reclamantibus</span> <span class='ocrx_word' id='word_1_1335' title='bbox 1891 3450 1924 3478; x_wconf 88' lang='lat'><strong>&amp;</strong></span> <span class='ocrx_word' id='word_1_1336' title='bbox 1946 3448 2055 3484; x_wconf 75' lang='lat' dir='ltr'>invitis,</span> <span class='ocrx_word' id='word_1_1337' title='bbox 2079 3446 2135 3475; x_wconf 88' lang='lat' dir='ltr'>hoc</span> <span class='ocrx_word' id='word_1_1338' title='bbox 2155 3445 2305 3488; x_wconf 78' lang='lat' dir='ltr'>negotium</span> <span class='ocrx_word' id='word_1_1339' title='bbox 2323 3443 2365 3487; x_wconf 77' lang='lat' dir='ltr'>as-</span> 
     </span>
    </p>

    <p class='ocr_par' dir='ltr' id='par_1_62' title="bbox 50 3480 2371 3631">
     <span class='ocr_line' id='line_1_161' title="bbox 50 3480 2365 3531; baseline -0.004 -10"><span class='ocrx_word' id='word_1_1340' title='bbox 50 3487 128 3519; x_wconf 81' lang='lat' dir='ltr'>Ann-</span> <span class='ocrx_word' id='word_1_1341' title='bbox 142 3483 185 3514; x_wconf 90' lang='lat' dir='ltr'>D·</span> <span class='ocrx_word' id='word_1_1342' title='bbox 250 3485 418 3517; x_wconf 85' lang='lat' dir='ltr'>Ereniffimo</span> <span class='ocrx_word' id='word_1_1343' title='bbox 431 3484 557 3531; x_wconf 89' lang='lat' dir='ltr'>Principi</span> <span class='ocrx_word' id='word_1_1344' title='bbox 586 3485 681 3516; x_wconf 87' lang='lat' dir='ltr'>amico</span> <span class='ocrx_word' id='word_1_1345' title='bbox 696 3485 744 3518; x_wconf 92' lang='lat' dir='ltr'>suo</span> <span class='ocrx_word' id='word_1_1346' title='bbox 755 3487 950 3528; x_wconf 66' lang='lat' dir='ltr'>dilectissimo,</span> <span class='ocrx_word' id='word_1_1347' title='bbox 974 3490 1109 3522; x_wconf 90' lang='lat' dir='ltr'>Domino</span> <span class='ocrx_word' id='word_1_1348' title='bbox 1128 3490 1244 3524; x_wconf 80' lang='lat' dir='ltr'>Alfonso</span> <span class='ocrx_word' id='word_1_1349' title='bbox 1307 3489 1457 3530; x_wconf 79' lang='lat' dir='ltr'>sumpsisset</span> <span class='ocrx_word' id='word_1_1350' title='bbox 1489 3487 1565 3528; x_wconf 89' lang='lat' dir='ltr'>quod</span> <span class='ocrx_word' id='word_1_1351' title='bbox 1586 3486 1636 3516; x_wconf 88' lang='lat' dir='ltr'>sibi</span> <span class='ocrx_word' id='word_1_1352' title='bbox 1656 3487 1826 3526; x_wconf 81' lang='lat' dir='ltr'>impossibile</span> <span class='ocrx_word' id='word_1_1353' title='bbox 1840 3510 1849 3524; x_wconf 95' lang='lat'>,</span> <span class='ocrx_word' id='word_1_1354' title='bbox 1871 3494 1985 3525; x_wconf 83' lang='lat' dir='ltr'>propter</span> <span class='ocrx_word' id='word_1_1355' title='bbox 2005 3484 2199 3527; x_wconf 78' lang='lat' dir='ltr'>difficultatem</span> <span class='ocrx_word' id='word_1_1356' title='bbox 2221 3480 2365 3512; x_wconf 85' lang='lat' dir='ltr'>conditio·</span> 
     </span>
     <span class='ocr_line' id='line_1_162' title="bbox 78 3508 2371 3571; baseline -0.007 -7"><span class='ocrx_word' id='word_1_1357' title='bbox 78 3523 152 3563; x_wconf 67' lang='lat'>¹253</span> <span class='ocrx_word' id='word_1_1358' title='bbox 232 3564 237 3571; x_wconf 53' lang='lat'>,</span> <span class='ocrx_word' id='word_1_1359' title='bbox 268 3525 325 3555; x_wconf 74' lang='lat' dir='ltr'>Dei</span> <span class='ocrx_word' id='word_1_1360' title='bbox 338 3523 425 3565; x_wconf 54' lang='lat' dir='ltr'>grati&amp;</span> <span class='ocrx_word' id='word_1_1361' title='bbox 459 3523 535 3564; x_wconf 74' lang='lat' dir='ltr'>Regl</span> <span class='ocrx_word' id='word_1_1362' title='bbox 549 3508 678 3555; x_wconf 66' lang='lat' dir='ltr'>dasteuae</span> <span class='ocrx_word' id='word_1_1363' title='bbox 691 3525 724 3556; x_wconf 91' lang='lat'>&amp;</span> <span class='ocrx_word' id='word_1_1364' title='bbox 740 3525 766 3556; x_wconf 94' lang='lat' dir='ltr'>L</span> <span class='ocrx_word' id='word_1_1365' title='bbox 803 3527 859 3557; x_wconf 90' lang='lat' dir='ltr'>ion.</span> <span class='ocrx_word' id='word_1_1366' title='bbox 878 3528 993 3568; x_wconf 88' lang='lat' dir='ltr'>Toleti,</span> <span class='ocrx_word' id='word_1_1367' title='bbox 1011 3529 1131 3568; x_wconf 73' lang='lat' dir='ltr'>Sibillae,</span> <span class='ocrx_word' id='word_1_1368' title='bbox 1148 3514 1263 3562; x_wconf 67' lang='lat' dir='ltr'>Cordu³</span> <span class='ocrx_word' id='word_1_1369' title='bbox 1308 3538 1396 3567; x_wconf 89' lang='lat' dir='ltr'>num,</span> <span class='ocrx_word' id='word_1_1370' title='bbox 1415 3528 1448 3558; x_wconf 68' lang='grc' dir='ltr'>ὃς</span> <span class='ocrx_word' id='word_1_1371' title='bbox 1466 3537 1480 3556; x_wconf 83' lang='lat' dir='ltr'>a</span> <span class='ocrx_word' id='word_1_1372' title='bbox 1491 3528 1530 3564; x_wconf 81' lang='lat' dir='ltr'>ia,</span> <span class='ocrx_word' id='word_1_1373' title='bbox 1549 3535 1613 3569; x_wconf 51' lang='lat' dir='ltr'>quie</span> <span class='ocrx_word' id='word_1_1374' title='bbox 1633 3523 1736 3555; x_wconf 86' lang='lat' dir='ltr'>starum</span> <span class='ocrx_word' id='word_1_1375' title='bbox 1750 3524 1881 3556; x_wconf 89' lang='lat' dir='ltr'>nostrum</span> <span class='ocrx_word' id='word_1_1376' title='bbox 1893 3524 2089 3568; x_wconf 72' lang='lat' dir='ltr'>respiciebant,</span> <span class='ocrx_word' id='word_1_1377' title='bbox 2109 3531 2218 3561; x_wconf 84' lang='lat' dir='ltr'>penitus</span> <span class='ocrx_word' id='word_1_1378' title='bbox 2229 3520 2371 3564; x_wconf 65' lang='lat' dir='ltr'>credepa-·</span> 
     </span>
     <span class='ocr_line' id='line_1_163' title="bbox 53 3534 2365 3631; baseline -0.005 -32"><span class='ocrx_word' id='word_1_1379' title='bbox 53 3567 104 3631; x_wconf 50' lang='grc' dir='ltr'>ἕν’·</span> <span class='ocrx_word' id='word_1_1380' title='bbox 124 3572 171 3598; x_wconf 81' lang='lat'>42·</span> <span class='ocrx_word' id='word_1_1381' title='bbox 208 3565 281 3602; x_wconf 83' lang='lat' dir='ltr'>biae,</span> <span class='ocrx_word' id='word_1_1382' title='bbox 303 3563 405 3594; x_wconf 86' lang='lat' dir='ltr'>Gallet.</span> <span class='ocrx_word' id='word_1_1383' title='bbox 425 3547 531 3602; x_wconf 68' lang='lat' dir='ltr'>Mure,</span> <span class='ocrx_word' id='word_1_1384' title='bbox 556 3563 590 3594; x_wconf 88' lang='lat'>&amp;</span> <span class='ocrx_word' id='word_1_1385' title='bbox 611 3561 746 3602; x_wconf 90' lang='lat' dir='ltr'>Gyhenn.</span> <span class='ocrx_word' id='word_1_1386' title='bbox 766 3534 926 3606; x_wconf 54' lang='lat' dir='ltr'>ffienricus,</span> <span class='ocrx_word' id='word_1_1387' title='bbox 944 3566 1043 3599; x_wconf 72' lang='lat' dir='ltr'>eadem</span> <span class='ocrx_word' id='word_1_1388' title='bbox 1064 3568 1150 3608; x_wconf 64' lang='lat' dir='ltr'>gratia</span> <span class='ocrx_word' id='word_1_1389' title='bbox 1162 3592 1172 3607; x_wconf 84' lang='lat'>,</span> <span class='ocrx_word' id='word_1_1390' title='bbox 1198 3568 1263 3599; x_wconf 85' lang='lat' dir='ltr'>Rex</span> <span class='ocrx_word' id='word_1_1391' title='bbox 1309 3568 1381 3603; x_wconf 84' lang='lat' dir='ltr'>mus)</span> <span class='ocrx_word' id='word_1_1392' title='bbox 1402 3567 1443 3596; x_wconf 92' lang='lat' dir='ltr'>ob</span> <span class='ocrx_word' id='word_1_1393' title='bbox 1461 3573 1644 3596; x_wconf 80' lang='lat' dir='ltr'>reverentiam</span> <span class='ocrx_word' id='word_1_1394' title='bbox 1663 3571 1758 3594; x_wconf 89' lang='lat' dir='ltr'>tamen</span> <span class='ocrx_word' id='word_1_1395' title='bbox 1778 3562 1953 3604; x_wconf 83' lang='lat' dir='ltr'>Apostolicae</span> <span class='ocrx_word' id='word_1_1396' title='bbox 1974 3562 2039 3592; x_wconf 80' lang='lat' dir='ltr'>sedis</span> <span class='ocrx_word' id='word_1_1397' title='bbox 2051 3561 2083 3590; x_wconf 87' lang='lat'>&amp;</span> <span class='ocrx_word' id='word_1_1398' title='bbox 2097 3559 2213 3598; x_wconf 79' lang='lat' dir='ltr'>vestrae,</span> <span class='ocrx_word' id='word_1_1399' title='bbox 2229 3559 2365 3589; x_wconf 87' lang='lat' dir='ltr'>Domino</span> 
     </span>
    </p>
   </div>
   <div class='ocr_carea' id='block_1_38' title="bbox 53 3623 195 3745">
    <p class='ocr_par' dir='ltr' id='par_1_63' title="bbox 53 3623 195 3745">
     <span class='ocr_line' id='line_1_164' title="bbox 53 3623 195 3676; baseline -0.014 -8"><span class='ocrx_word' id='word_1_1400' title='bbox 53 3623 140 3676; x_wconf 44' lang='lat' dir='ltr'>Cl-aus:</span> <span class='ocrx_word' id='word_1_1401' title='bbox 147 3647 195 3675; x_wconf 84' lang='lat'>42.</span> 
     </span>
     <span class='ocr_line' id='line_1_165' title="bbox 54 3683 175 3745; baseline -0.008 0"><span class='ocrx_word' id='word_1_1402' title='bbox 54 3683 135 3745; x_wconf 59' lang='lat'>2221</span> <span class='ocrx_word' id='word_1_1403' title='bbox 150 3715 175 3744; x_wconf 68' lang='lat' dir='ltr'>a.</span> 
     </span>
    </p>
   </div>
   <div class='ocr_carea' id='block_1_39' title="bbox 210 3601 1271 4107">
    <p class='ocr_par' dir='ltr' id='par_1_64' title="bbox 210 3601 1053 3673">
     <span class='ocr_line' id='line_1_166' title="bbox 210 3601 1053 3673; baseline 0.004 -41"><span class='ocrx_word' id='word_1_1404' title='bbox 210 3603 339 3673; x_wconf 43' lang='lat' dir='ltr'>Angliae,</span> <span class='ocrx_word' id='word_1_1405' title='bbox 355 3602 415 3633; x_wconf 90' lang='lat' dir='ltr'>&amp;c.</span> <span class='ocrx_word' id='word_1_1406' title='bbox 433 3601 546 3633; x_wconf 79' lang='lat' dir='ltr'>salutern</span> <span class='ocrx_word' id='word_1_1407' title='bbox 558 3602 615 3633; x_wconf 85' lang='lat' dir='ltr'>sem</span> <span class='ocrx_word' id='word_1_1408' title='bbox 635 3611 664 3631; x_wconf 91' lang='lat' dir='ltr'>er</span> <span class='ocrx_word' id='word_1_1409' title='bbox 677 3601 833 3642; x_wconf 84' lang='lat' dir='ltr'>prosperam</span> <span class='ocrx_word' id='word_1_1410' title='bbox 847 3607 880 3637; x_wconf 89' lang='lat'>&amp;</span> <span class='ocrx_word' id='word_1_1411' title='bbox 893 3606 1053 3644; x_wconf 81' lang='lat' dir='ltr'>jocundam.</span> 
     </span>
    </p>

    <p class='ocr_par' dir='ltr' id='par_1_65' title="bbox 214 3639 1265 3835">
     <span class='ocr_line' id='line_1_167' title="bbox 283 3639 1265 3686; baseline 0.003 -14"><span class='ocrx_word' id='word_1_1412' title='bbox 283 3642 413 3672; x_wconf 89' lang='lat' dir='ltr'>edeuntes</span> <span class='ocrx_word' id='word_1_1413' title='bbox 430 3651 518 3686; x_wconf 88' lang='lat' dir='ltr'>nuper</span> <span class='ocrx_word' id='word_1_1414' title='bbox 538 3651 553 3671; x_wconf 91' lang='lat' dir='ltr'>a</span> <span class='ocrx_word' id='word_1_1415' title='bbox 572 3651 607 3671; x_wconf 87' lang='lat' dir='ltr'>ve</span> <span class='ocrx_word' id='word_1_1416' title='bbox 645 3639 662 3670; x_wconf 68' lang='grc' dir='ltr'>ὃ.</span> <span class='ocrx_word' id='word_1_1417' title='bbox 680 3640 821 3680; x_wconf 83' lang='lat' dir='ltr'>praesentia</span> <span class='ocrx_word' id='word_1_1418' title='bbox 842 3643 937 3674; x_wconf 61' lang='lat' dir='ltr'>dilecti</span> <span class='ocrx_word' id='word_1_1419' title='bbox 950 3645 985 3675; x_wconf 88' lang='lat'>&amp;</span> <span class='ocrx_word' id='word_1_1420' title='bbox 996 3645 1089 3676; x_wconf 84' lang='lat' dir='ltr'>fideles</span> <span class='ocrx_word' id='word_1_1421' title='bbox 1101 3644 1189 3676; x_wconf 89' lang='lat' dir='ltr'>nostri</span> <span class='ocrx_word' id='word_1_1422' title='bbox 1203 3644 1265 3675; x_wconf 85' lang='lat' dir='ltr'>Ab·</span> 
     </span>
     <span class='ocr_line' id='line_1_168' title="bbox 214 3679 1265 3723; baseline 0.004 -12"><span class='ocrx_word' id='word_1_1423' title='bbox 214 3681 262 3712; x_wconf 86' lang='lat' dir='ltr'>bas</span> <span class='ocrx_word' id='word_1_1424' title='bbox 269 3681 306 3711; x_wconf 92' lang='lat' dir='ltr'>de</span> <span class='ocrx_word' id='word_1_1425' title='bbox 324 3681 504 3720; x_wconf 69' lang='lat' dir='ltr'>Sarropesbir.</span> <span class='ocrx_word' id='word_1_1426' title='bbox 524 3679 716 3719; x_wconf 76' lang='lat' dir='ltr'>&amp;johannes</span> <span class='ocrx_word' id='word_1_1427' title='bbox 727 3679 763 3710; x_wconf 92' lang='lat' dir='ltr'>de</span> <span class='ocrx_word' id='word_1_1428' title='bbox 776 3679 921 3722; x_wconf 77' lang='lat' dir='ltr'>Castello,</span> <span class='ocrx_word' id='word_1_1429' title='bbox 933 3683 1060 3723; x_wconf 87' lang='lat' dir='ltr'>speciales</span> <span class='ocrx_word' id='word_1_1430' title='bbox 1075 3684 1164 3715; x_wconf 88' lang='lat' dir='ltr'>nostri</span> <span class='ocrx_word' id='word_1_1431' title='bbox 1178 3683 1210 3714; x_wconf 88' lang='lat' dir='ltr'>N</span> <span class='ocrx_word' id='word_1_1432' title='bbox 1213 3694 1265 3714; x_wconf 89' lang='lat' dir='ltr'>un-</span> 
     </span>
     <span class='ocr_line' id='line_1_169' title="bbox 216 3718 1264 3761; baseline 0.005 -12"><span class='ocrx_word' id='word_1_1433' title='bbox 216 3719 270 3758; x_wconf 92' lang='lat' dir='ltr'>cii,</span> <span class='ocrx_word' id='word_1_1434' title='bbox 287 3719 313 3750; x_wconf 65' lang='lat' dir='ltr'>fit</span> <span class='ocrx_word' id='word_1_1435' title='bbox 334 3720 370 3750; x_wconf 92' lang='lat' dir='ltr'>de</span> <span class='ocrx_word' id='word_1_1436' title='bbox 390 3719 471 3749; x_wconf 88' lang='lat' dir='ltr'>vobis</span> <span class='ocrx_word' id='word_1_1437' title='bbox 493 3719 527 3750; x_wconf 88' lang='lat'>&amp;</span> <span class='ocrx_word' id='word_1_1438' title='bbox 540 3718 630 3749; x_wconf 88' lang='lat' dir='ltr'>vestra</span> <span class='ocrx_word' id='word_1_1439' title='bbox 644 3718 832 3749; x_wconf 88' lang='lat' dir='ltr'>benivolentia</span> <span class='ocrx_word' id='word_1_1440' title='bbox 845 3720 999 3759; x_wconf 90' lang='lat' dir='ltr'>plurimum</span> <span class='ocrx_word' id='word_1_1441' title='bbox 1014 3723 1264 3761; x_wconf 75' lang='lat' dir='ltr'>commendarunt3</span> 
     </span>
     <span class='ocr_line' id='line_1_170' title="bbox 214 3756 1265 3800; baseline 0.005 -12"><span class='ocrx_word' id='word_1_1442' title='bbox 214 3767 264 3798; x_wconf 88' lang='lat' dir='ltr'>per</span> <span class='ocrx_word' id='word_1_1443' title='bbox 277 3768 348 3797; x_wconf 91' lang='lat' dir='ltr'>quos</span> <span class='ocrx_word' id='word_1_1444' title='bbox 360 3756 442 3787; x_wconf 73' lang='lat' dir='ltr'>status</span> <span class='ocrx_word' id='word_1_1445' title='bbox 457 3756 542 3787; x_wconf 84' lang='lat' dir='ltr'>vestri</span> <span class='ocrx_word' id='word_1_1446' title='bbox 553 3757 663 3788; x_wconf 85' lang='lat' dir='ltr'>salubris</span> <span class='ocrx_word' id='word_1_1447' title='bbox 674 3757 756 3787; x_wconf 92' lang='lat' dir='ltr'>nobis</span> <span class='ocrx_word' id='word_1_1448' title='bbox 766 3756 927 3796; x_wconf 86' lang='lat' dir='ltr'>prosperitas</span> <span class='ocrx_word' id='word_1_1449' title='bbox 940 3760 1265 3800; x_wconf 86' lang='lat' dir='ltr'>innotescens,animum</span> 
     </span>
     <span class='ocr_line' id='line_1_171' title="bbox 219 3794 890 3835; baseline 0 -9"><span class='ocrx_word' id='word_1_1450' title='bbox 219 3796 348 3828; x_wconf 89' lang='lat' dir='ltr'>nostrum</span> <span class='ocrx_word' id='word_1_1451' title='bbox 364 3807 423 3826; x_wconf 87' lang='lat' dir='ltr'>non</span> <span class='ocrx_word' id='word_1_1452' title='bbox 436 3795 584 3826; x_wconf 86' lang='lat' dir='ltr'>modicum</span> <span class='ocrx_word' id='word_1_1453' title='bbox 597 3796 772 3835; x_wconf 78' lang='lat' dir='ltr'>J&#39;ocunditate</span> <span class='ocrx_word' id='word_1_1454' title='bbox 784 3794 890 3827; x_wconf 90' lang='lat' dir='ltr'>refecit.</span> 
     </span>
    </p>

    <p class='ocr_par' dir='ltr' id='par_1_66' title="bbox 215 3833 1269 4016">
     <span class='ocr_line' id='line_1_172' title="bbox 253 3833 1267 3878; baseline 0.006 -14"><span class='ocrx_word' id='word_1_1455' title='bbox 253 3834 318 3866; x_wconf 87' lang='lat' dir='ltr'>Hiis</span> <span class='ocrx_word' id='word_1_1456' title='bbox 338 3844 433 3867; x_wconf 89' lang='lat' dir='ltr'>autern</span> <span class='ocrx_word' id='word_1_1457' title='bbox 448 3857 458 3873; x_wconf 88' lang='lat'>,</span> <span class='ocrx_word' id='word_1_1458' title='bbox 484 3844 547 3872; x_wconf 71' lang='lat' dir='ltr'>qua:</span> <span class='ocrx_word' id='word_1_1459' title='bbox 567 3835 656 3865; x_wconf 82' lang='lat' dir='ltr'>vestra</span> <span class='ocrx_word' id='word_1_1460' title='bbox 677 3834 758 3864; x_wconf 86' lang='lat' dir='ltr'>nobis</span> <span class='ocrx_word' id='word_1_1461' title='bbox 775 3833 908 3865; x_wconf 81' lang='lat' dir='ltr'>serenitas</span> <span class='ocrx_word' id='word_1_1462' title='bbox 925 3845 974 3876; x_wconf 90' lang='lat' dir='ltr'>per</span> <span class='ocrx_word' id='word_1_1463' title='bbox 993 3837 1105 3868; x_wconf 89' lang='lat' dir='ltr'>eosdem</span> <span class='ocrx_word' id='word_1_1464' title='bbox 1117 3838 1267 3878; x_wconf 80' lang='lat' dir='ltr'>fignificare</span> 
     </span>
     <span class='ocr_line' id='line_1_173' title="bbox 215 3873 1267 3917; baseline 0.004 -14"><span class='ocrx_word' id='word_1_1465' title='bbox 215 3874 337 3912; x_wconf 87' lang='lat' dir='ltr'>curavit,</span> <span class='ocrx_word' id='word_1_1466' title='bbox 363 3874 463 3904; x_wconf 87' lang='lat' dir='ltr'>certius</span> <span class='ocrx_word' id='word_1_1467' title='bbox 480 3873 638 3912; x_wconf 63' lang='lat' dir='ltr'>menceus,</span> <span class='ocrx_word' id='word_1_1468' title='bbox 654 3883 705 3904; x_wconf 86' lang='lat' dir='ltr'>vos</span> <span class='ocrx_word' id='word_1_1469' title='bbox 718 3873 784 3903; x_wconf 91' lang='lat' dir='ltr'>scire</span> <span class='ocrx_word' id='word_1_1470' title='bbox 797 3874 926 3912; x_wconf 86' lang='lat' dir='ltr'>cupimus</span> <span class='ocrx_word' id='word_1_1471' title='bbox 936 3876 1111 3907; x_wconf 83' lang='lat' dir='ltr'>confidenter</span> <span class='ocrx_word' id='word_1_1472' title='bbox 1124 3878 1220 3917; x_wconf 87' lang='lat' dir='ltr'>quod,</span> <span class='ocrx_word' id='word_1_1473' title='bbox 1237 3879 1267 3907; x_wconf 88' lang='lat' dir='ltr'>in</span> 
     </span>
     <span class='ocr_line' id='line_1_174' title="bbox 217 3911 1269 3953; baseline 0.007 -13"><span class='ocrx_word' id='word_1_1474' title='bbox 217 3912 350 3953; x_wconf 81' lang='lat' dir='ltr'>omnibus</span> <span class='ocrx_word' id='word_1_1475' title='bbox 361 3935 372 3951; x_wconf 95' lang='lat'>,</span> <span class='ocrx_word' id='word_1_1476' title='bbox 394 3912 428 3943; x_wconf 90' lang='lat'>&amp;</span> <span class='ocrx_word' id='word_1_1477' title='bbox 451 3921 500 3949; x_wconf 86' lang='lat' dir='ltr'>per</span> <span class='ocrx_word' id='word_1_1478' title='bbox 522 3914 618 3942; x_wconf 79' lang='lat' dir='ltr'>omnia</span> <span class='ocrx_word' id='word_1_1479' title='bbox 633 3935 643 3950; x_wconf 93' lang='lat'>,</span> <span class='ocrx_word' id='word_1_1480' title='bbox 669 3911 843 3942; x_wconf 63' lang='lat' dir='ltr'>contractam</span> <span class='ocrx_word' id='word_1_1481' title='bbox 863 3912 935 3942; x_wconf 86' lang='lat' dir='ltr'>inter</span> <span class='ocrx_word' id='word_1_1482' title='bbox 955 3922 1006 3944; x_wconf 90' lang='lat' dir='ltr'>nos</span> <span class='ocrx_word' id='word_1_1483' title='bbox 1024 3916 1176 3946; x_wconf 86' lang='lat' dir='ltr'>amicitiam</span> <span class='ocrx_word' id='word_1_1484' title='bbox 1197 3926 1269 3947; x_wconf 92' lang='lat' dir='ltr'>con-</span> 
     </span>
     <span class='ocr_line' id='line_1_175' title="bbox 216 3950 1269 3993; baseline 0.008 -16"><span class='ocrx_word' id='word_1_1485' title='bbox 216 3950 339 3988; x_wconf 84' lang='lat' dir='ltr'>tinuari,</span> <span class='ocrx_word' id='word_1_1486' title='bbox 371 3950 406 3981; x_wconf 90' lang='lat'>&amp;</span> <span class='ocrx_word' id='word_1_1487' title='bbox 428 3951 579 3990; x_wconf 86' lang='lat' dir='ltr'>augmentis</span> <span class='ocrx_word' id='word_1_1488' title='bbox 603 3951 698 3990; x_wconf 85' lang='lat' dir='ltr'>vigere</span> <span class='ocrx_word' id='word_1_1489' title='bbox 719 3951 861 3981; x_wconf 83' lang='lat' dir='ltr'>continuis</span> <span class='ocrx_word' id='word_1_1490' title='bbox 887 3951 955 3981; x_wconf 89' lang='lat' dir='ltr'>totis</span> <span class='ocrx_word' id='word_1_1491' title='bbox 979 3951 1128 3984; x_wconf 67' lang='lat' dir='ltr'>affectibus</span> <span class='ocrx_word' id='word_1_1492' title='bbox 1155 3963 1269 3993; x_wconf 86' lang='lat' dir='ltr'>exopta-</span> 
     </span>
     <span class='ocr_line' id='line_1_176' title="bbox 216 3995 286 4016; baseline -0.014 0"><span class='ocrx_word' id='word_1_1493' title='bbox 216 3995 286 4016; x_wconf 89' lang='lat' dir='ltr'>mus.</span> 
     </span>
    </p>

    <p class='ocr_par' dir='ltr' id='par_1_67' title="bbox 217 4025 1271 4107">
     <span class='ocr_line' id='line_1_177' title="bbox 220 4025 1271 4072; baseline 0.006 -18"><span class='ocrx_word' id='word_1_1494' title='bbox 220 4064 225 4069; x_wconf 33' lang='grc' dir='ltr'>ι</span> <span class='ocrx_word' id='word_1_1495' title='bbox 253 4025 468 4057; x_wconf 87' lang='lat' dir='ltr'>Conventiones</span> <span class='ocrx_word' id='word_1_1496' title='bbox 489 4027 596 4068; x_wconf 87' lang='lat' dir='ltr'>insuper</span> <span class='ocrx_word' id='word_1_1497' title='bbox 617 4028 651 4059; x_wconf 72' lang='grc' dir='ltr'>δε</span> <span class='ocrx_word' id='word_1_1498' title='bbox 671 4026 751 4065; x_wconf 73' lang='lat' dir='ltr'>paeca</span> <span class='ocrx_word' id='word_1_1499' title='bbox 773 4028 844 4058; x_wconf 89' lang='lat' dir='ltr'>inter</span> <span class='ocrx_word' id='word_1_1500' title='bbox 862 4037 914 4058; x_wconf 88' lang='lat' dir='ltr'>nos</span> <span class='ocrx_word' id='word_1_1501' title='bbox 933 4028 1019 4068; x_wconf 90' lang='lat' dir='ltr'>inita,</span> <span class='ocrx_word' id='word_1_1502' title='bbox 1035 4030 1142 4063; x_wconf 84' lang='lat' dir='ltr'>nostrae</span> <span class='ocrx_word' id='word_1_1503' title='bbox 1162 4031 1271 4072; x_wconf 80' lang='lat' dir='ltr'>semper</span> 
     </span>
     <span class='ocr_line' id='line_1_178' title="bbox 217 4064 1022 4107; baseline 0.005 -14"><span class='ocrx_word' id='word_1_1504' title='bbox 217 4064 380 4095; x_wconf 85' lang='lat' dir='ltr'>intentionis</span> <span class='ocrx_word' id='word_1_1505' title='bbox 394 4066 483 4098; x_wconf 85' lang='lat' dir='ltr'>extitit</span> <span class='ocrx_word' id='word_1_1506' title='bbox 496 4067 530 4098; x_wconf 90' lang='lat'>&amp;</span> <span class='ocrx_word' id='word_1_1507' title='bbox 541 4066 630 4098; x_wconf 82' lang='lat' dir='ltr'>existit</span> <span class='ocrx_word' id='word_1_1508' title='bbox 643 4076 696 4107; x_wconf 88' lang='lat' dir='ltr'>pro</span> <span class='ocrx_word' id='word_1_1509' title='bbox 709 4065 787 4107; x_wconf 81' lang='lat' dir='ltr'>posse</span> <span class='ocrx_word' id='word_1_1510' title='bbox 801 4065 899 4098; x_wconf 90' lang='lat' dir='ltr'>nostro</span> <span class='ocrx_word' id='word_1_1511' title='bbox 910 4066 1022 4100; x_wconf 87' lang='lat' dir='ltr'>servare.</span> 
     </span>
    </p>
   </div>
   <div class='ocr_carea' id='block_1_40' title="bbox 1305 3600 2375 4106">
    <p class='ocr_par' dir='ltr' id='par_1_68' title="bbox 1305 3600 2375 3915">
     <span class='ocr_line' id='line_1_179' title="bbox 1309 3600 2366 3645; baseline -0.008 -10"><span class='ocrx_word' id='word_1_1512' title='bbox 1309 3605 1385 3645; x_wconf 82' lang='lat' dir='ltr'>Regi</span> <span class='ocrx_word' id='word_1_1513' title='bbox 1403 3604 1529 3635; x_wconf 84' lang='lat' dir='ltr'>duximus</span> <span class='ocrx_word' id='word_1_1514' title='bbox 1547 3601 1769 3639; x_wconf 87' lang='lat' dir='ltr'>respondendum</span> <span class='ocrx_word' id='word_1_1515' title='bbox 1789 3602 1882 3642; x_wconf 90' lang='lat' dir='ltr'>quod,</span> <span class='ocrx_word' id='word_1_1516' title='bbox 1900 3601 1920 3631; x_wconf 83' lang='lat' dir='ltr'>fi</span> <span class='ocrx_word' id='word_1_1517' title='bbox 1940 3600 1975 3630; x_wconf 89' lang='lat' dir='ltr'>de</span> <span class='ocrx_word' id='word_1_1518' title='bbox 1995 3600 2189 3643; x_wconf 66' lang='lat' dir='ltr'>procerum&amp;</span> <span class='ocrx_word' id='word_1_1519' title='bbox 2202 3605 2366 3641; x_wconf 82' lang='lat' dir='ltr'>magnatum</span> 
     </span>
     <span class='ocr_line' id='line_1_180' title="bbox 1305 3635 2366 3680; baseline -0.008 -6"><span class='ocrx_word' id='word_1_1520' title='bbox 1305 3644 1423 3679; x_wconf 75' lang='lat' dir='ltr'>¹suorum</span> <span class='ocrx_word' id='word_1_1521' title='bbox 1444 3642 1577 3679; x_wconf 60' lang='lat' dir='ltr'>consilio,</span> <span class='ocrx_word' id='word_1_1522' title='bbox 1598 3639 1732 3680; x_wconf 81' lang='lat' dir='ltr'>Regnum</span> <span class='ocrx_word' id='word_1_1523' title='bbox 1751 3640 1847 3677; x_wconf 89' lang='lat' dir='ltr'>suum,</span> <span class='ocrx_word' id='word_1_1524' title='bbox 1864 3641 1893 3670; x_wconf 88' lang='lat' dir='ltr'>in</span> <span class='ocrx_word' id='word_1_1525' title='bbox 1914 3639 2007 3669; x_wconf 74' lang='lat' dir='ltr'>multis</span> <span class='ocrx_word' id='word_1_1526' title='bbox 2021 3637 2212 3674; x_wconf 83' lang='lat' dir='ltr'>multipliciter</span> <span class='ocrx_word' id='word_1_1527' title='bbox 2223 3635 2366 3680; x_wconf 80' lang='lat' dir='ltr'>deforma-</span> 
     </span>
     <span class='ocr_line' id='line_1_181' title="bbox 1311 3675 2375 3720; baseline -0.008 -7"><span class='ocrx_word' id='word_1_1528' title='bbox 1311 3690 1389 3720; x_wconf 90' lang='lat' dir='ltr'>tum,</span> <span class='ocrx_word' id='word_1_1529' title='bbox 1407 3681 1489 3712; x_wconf 90' lang='lat' dir='ltr'>vellet</span> <span class='ocrx_word' id='word_1_1530' title='bbox 1503 3682 1530 3710; x_wconf 92' lang='lat' dir='ltr'>in</span> <span class='ocrx_word' id='word_1_1531' title='bbox 1554 3679 1652 3710; x_wconf 86' lang='lat' dir='ltr'>melius</span> <span class='ocrx_word' id='word_1_1532' title='bbox 1665 3679 1832 3715; x_wconf 76' lang='lat' dir='ltr'>reformare5</span> <span class='ocrx_word' id='word_1_1533' title='bbox 1851 3679 1885 3709; x_wconf 93' lang='lat'>&amp;</span> <span class='ocrx_word' id='word_1_1534' title='bbox 1901 3687 1952 3708; x_wconf 85' lang='lat' dir='ltr'>vos</span> <span class='ocrx_word' id='word_1_1535' title='bbox 1965 3675 2157 3714; x_wconf 88' lang='lat' dir='ltr'>conditiones,</span> <span class='ocrx_word' id='word_1_1536' title='bbox 2174 3676 2205 3706; x_wconf 91' lang='lat' dir='ltr'>in</span> <span class='ocrx_word' id='word_1_1537' title='bbox 2217 3675 2375 3718; x_wconf 78' lang='lat' dir='ltr'>privilegio</span> 
     </span>
     <span class='ocr_line' id='line_1_182' title="bbox 1310 3713 2364 3757; baseline -0.009 -5"><span class='ocrx_word' id='word_1_1538' title='bbox 1310 3720 1404 3752; x_wconf 88' lang='lat' dir='ltr'>vestro</span> <span class='ocrx_word' id='word_1_1539' title='bbox 1425 3726 1584 3755; x_wconf 85' lang='lat' dir='ltr'>contentas,</span> <span class='ocrx_word' id='word_1_1540' title='bbox 1602 3719 1671 3748; x_wconf 88' lang='lat' dir='ltr'>vires</span> <span class='ocrx_word' id='word_1_1541' title='bbox 1692 3717 1772 3757; x_wconf 78' lang='lat' dir='ltr'>ipsius</span> <span class='ocrx_word' id='word_1_1542' title='bbox 1787 3717 1872 3756; x_wconf 83' lang='lat' dir='ltr'>Regis</span> <span class='ocrx_word' id='word_1_1543' title='bbox 1886 3715 2068 3753; x_wconf 76' lang='lat' dir='ltr'>excedentes,</span> <span class='ocrx_word' id='word_1_1544' title='bbox 2082 3713 2298 3754; x_wconf 89' lang='lat' dir='ltr'>quodammodo</span> <span class='ocrx_word' id='word_1_1545' title='bbox 2311 3723 2364 3757; x_wconf 82' lang='lat' dir='ltr'>nii-</span> 
     </span>
     <span class='ocr_line' id='line_1_183' title="bbox 1311 3750 2367 3800; baseline -0.009 -10"><span class='ocrx_word' id='word_1_1546' title='bbox 1311 3761 1395 3800; x_wconf 86' lang='lat' dir='ltr'>tigare</span> <span class='ocrx_word' id='word_1_1547' title='bbox 1415 3758 1535 3796; x_wconf 77' lang='lat' dir='ltr'>velletis,</span> <span class='ocrx_word' id='word_1_1548' title='bbox 1552 3756 1646 3795; x_wconf 78' lang='lat' dir='ltr'>quod,</span> <span class='ocrx_word' id='word_1_1549' title='bbox 1659 3757 1736 3794; x_wconf 88' lang='lat' dir='ltr'>juxta</span> <span class='ocrx_word' id='word_1_1550' title='bbox 1755 3755 1959 3799; x_wconf 81' lang='lat' dir='ltr'>mitigationem</span> <span class='ocrx_word' id='word_1_1551' title='bbox 1981 3754 2014 3784; x_wconf 76' lang='grc' dir='ltr'>δε</span> <span class='ocrx_word' id='word_1_1552' title='bbox 2033 3753 2261 3783; x_wconf 85' lang='lat' dir='ltr'>reformationem</span> <span class='ocrx_word' id='word_1_1553' title='bbox 2276 3750 2367 3788; x_wconf 72' lang='lat' dir='ltr'>hujus-</span> 
     </span>
     <span class='ocr_line' id='line_1_184' title="bbox 1313 3790 2368 3837; baseline -0.009 -9"><span class='ocrx_word' id='word_1_1554' title='bbox 1313 3797 1410 3836; x_wconf 86' lang='lat' dir='ltr'>modi,</span> <span class='ocrx_word' id='word_1_1555' title='bbox 1427 3805 1555 3837; x_wconf 86' lang='lat' dir='ltr'>optatum</span> <span class='ocrx_word' id='word_1_1556' title='bbox 1578 3803 1714 3825; x_wconf 88' lang='lat' dir='ltr'>eventum</span> <span class='ocrx_word' id='word_1_1557' title='bbox 1732 3801 1879 3833; x_wconf 85' lang='lat' dir='ltr'>negotium</span> <span class='ocrx_word' id='word_1_1558' title='bbox 1903 3792 2044 3830; x_wconf 88' lang='lat' dir='ltr'>sortiatur,</span> <span class='ocrx_word' id='word_1_1559' title='bbox 2060 3791 2109 3831; x_wconf 90' lang='lat' dir='ltr'>ipsi</span> <span class='ocrx_word' id='word_1_1560' title='bbox 2131 3791 2318 3832; x_wconf 78' lang='lat' dir='ltr'>praeberemus</span> <span class='ocrx_word' id='word_1_1561' title='bbox 2333 3790 2368 3819; x_wconf 72' lang='lat'>&amp;¹</span> 
     </span>
     <span class='ocr_line' id='line_1_185' title="bbox 1312 3829 2369 3877; baseline -0.009 -9"><span class='ocrx_word' id='word_1_1562' title='bbox 1312 3845 1427 3877; x_wconf 89' lang='lat' dir='ltr'>operam</span> <span class='ocrx_word' id='word_1_1563' title='bbox 1447 3836 1481 3867; x_wconf 56' lang='grc' dir='ltr'>ἃ</span> <span class='ocrx_word' id='word_1_1564' title='bbox 1499 3833 1651 3872; x_wconf 66' lang='lat' dir='ltr'>effeetum,</span> <span class='ocrx_word' id='word_1_1565' title='bbox 1673 3842 1704 3863; x_wconf 89' lang='lat' dir='ltr'>ut</span> <span class='ocrx_word' id='word_1_1566' title='bbox 1727 3832 1792 3862; x_wconf 86' lang='lat' dir='ltr'>Rex</span> <span class='ocrx_word' id='word_1_1567' title='bbox 1806 3832 1970 3872; x_wconf 87' lang='lat' dir='ltr'>negotium,</span> <span class='ocrx_word' id='word_1_1568' title='bbox 1989 3829 2066 3869; x_wconf 88' lang='lat' dir='ltr'>quod</span> <span class='ocrx_word' id='word_1_1569' title='bbox 2080 3831 2138 3861; x_wconf 84' lang='lat' dir='ltr'>sine</span> <span class='ocrx_word' id='word_1_1570' title='bbox 2150 3830 2233 3861; x_wconf 88' lang='lat' dir='ltr'>nobis</span> <span class='ocrx_word' id='word_1_1571' title='bbox 2247 3829 2369 3867; x_wconf 66' lang='lat' dir='ltr'>assump-</span> 
     </span>
     <span class='ocr_line' id='line_1_186' title="bbox 1313 3867 2219 3915; baseline -0.008 -9"><span class='ocrx_word' id='word_1_1572' title='bbox 1313 3877 1397 3913; x_wconf 89' lang='lat' dir='ltr'>serat,</span> <span class='ocrx_word' id='word_1_1573' title='bbox 1411 3884 1460 3915; x_wconf 88' lang='lat' dir='ltr'>per</span> <span class='ocrx_word' id='word_1_1574' title='bbox 1475 3872 1603 3904; x_wconf 87' lang='lat' dir='ltr'>nostrum</span> <span class='ocrx_word' id='word_1_1575' title='bbox 1615 3871 1747 3902; x_wconf 88' lang='lat' dir='ltr'>auxilium</span> <span class='ocrx_word' id='word_1_1576' title='bbox 1762 3870 1846 3908; x_wconf 84' lang='lat' dir='ltr'>possit</span> <span class='ocrx_word' id='word_1_1577' title='bbox 1861 3870 2014 3910; x_wconf 85' lang='lat' dir='ltr'>perducere</span> <span class='ocrx_word' id='word_1_1578' title='bbox 2027 3869 2063 3900; x_wconf 89' lang='lat' dir='ltr'>ad</span> <span class='ocrx_word' id='word_1_1579' title='bbox 2074 3867 2219 3900; x_wconf 67' lang='lat' dir='ltr'>effectum.</span> 
     </span>
    </p>

    <p class='ocr_par' dir='ltr' id='par_1_69' title="bbox 1315 3902 2374 4106">
     <span class='ocr_line' id='line_1_187' title="bbox 1351 3902 2370 3952; baseline -0.009 -8"><span class='ocrx_word' id='word_1_1580' title='bbox 1351 3913 1496 3944; x_wconf 78' lang='lat' dir='ltr'>Caeterum</span> <span class='ocrx_word' id='word_1_1581' title='bbox 1516 3911 1644 3952; x_wconf 80' lang='lat' dir='ltr'>praefatus</span> <span class='ocrx_word' id='word_1_1582' title='bbox 1666 3909 1808 3940; x_wconf 86' lang='lat' dir='ltr'>Dominus</span> <span class='ocrx_word' id='word_1_1583' title='bbox 1820 3908 1886 3939; x_wconf 86' lang='lat' dir='ltr'>Rex</span> <span class='ocrx_word' id='word_1_1584' title='bbox 1919 3907 2062 3939; x_wconf 88' lang='lat' dir='ltr'>attendens</span> <span class='ocrx_word' id='word_1_1585' title='bbox 2074 3905 2245 3950; x_wconf 80' lang='lat' dir='ltr'>impossibile</span> <span class='ocrx_word' id='word_1_1586' title='bbox 2259 3902 2370 3944; x_wconf 79' lang='lat' dir='ltr'>pondus</span> 
     </span>
     <span class='ocr_line' id='line_1_188' title="bbox 1315 3944 2373 3993; baseline -0.009 -10"><span class='ocrx_word' id='word_1_1587' title='bbox 1315 3953 1421 3993; x_wconf 81' lang='lat' dir='ltr'>negotii</span> <span class='ocrx_word' id='word_1_1588' title='bbox 1434 3951 1595 3988; x_wconf 85' lang='lat' dir='ltr'>memorati,</span> <span class='ocrx_word' id='word_1_1589' title='bbox 1615 3949 1650 3980; x_wconf 88' lang='lat'>&amp;</span> <span class='ocrx_word' id='word_1_1590' title='bbox 1663 3947 1764 3978; x_wconf 87' lang='lat' dir='ltr'>statum</span> <span class='ocrx_word' id='word_1_1591' title='bbox 1779 3948 1874 3988; x_wconf 85' lang='lat' dir='ltr'>Regni</span> <span class='ocrx_word' id='word_1_1592' title='bbox 1899 3948 1924 3978; x_wconf 90' lang='lat' dir='ltr'>ui</span> <span class='ocrx_word' id='word_1_1593' title='bbox 1937 3946 2125 3985; x_wconf 83' lang='lat' dir='ltr'>imbecillem,</span> <span class='ocrx_word' id='word_1_1594' title='bbox 2152 3946 2256 3987; x_wconf 83' lang='lat' dir='ltr'>voluit,</span> <span class='ocrx_word' id='word_1_1595' title='bbox 2277 3944 2311 3973; x_wconf 85' lang='lat'>&amp;</span> <span class='ocrx_word' id='word_1_1596' title='bbox 2325 3950 2373 3985; x_wconf 58' lang='lat' dir='ltr'>‘²ss-</span> 
     </span>
     <span class='ocr_line' id='line_1_189' title="bbox 1316 3984 2372 4031; baseline -0.009 -9"><span class='ocrx_word' id='word_1_1597' title='bbox 1316 3992 1405 4031; x_wconf 88' lang='lat' dir='ltr'>presse</span> <span class='ocrx_word' id='word_1_1598' title='bbox 1419 3989 1571 4027; x_wconf 77' lang='lat' dir='ltr'>conceffit,</span> <span class='ocrx_word' id='word_1_1599' title='bbox 1588 3997 1619 4018; x_wconf 92' lang='lat' dir='ltr'>ut</span> <span class='ocrx_word' id='word_1_1600' title='bbox 1628 4011 1638 4027; x_wconf 94' lang='lat'>,</span> <span class='ocrx_word' id='word_1_1601' title='bbox 1654 3987 1691 4018; x_wconf 90' lang='lat' dir='ltr'>de</span> <span class='ocrx_word' id='word_1_1602' title='bbox 1705 3997 1856 4026; x_wconf 85' lang='lat' dir='ltr'>procerum</span> <span class='ocrx_word' id='word_1_1603' title='bbox 1869 3987 1902 4018; x_wconf 70' lang='grc' dir='ltr'>ὃτ-</span> <span class='ocrx_word' id='word_1_1604' title='bbox 1917 3994 2079 4027; x_wconf 86' lang='lat' dir='ltr'>magnatum</span> <span class='ocrx_word' id='word_1_1605' title='bbox 2094 3985 2211 4028; x_wconf 81' lang='lat' dir='ltr'>consilio</span> <span class='ocrx_word' id='word_1_1606' title='bbox 2227 3984 2296 4019; x_wconf 81' lang='lat' dir='ltr'>(line</span> <span class='ocrx_word' id='word_1_1607' title='bbox 2311 3990 2372 4023; x_wconf 44' lang='lat' dir='ltr'>que,</span> 
     </span>
     <span class='ocr_line' id='line_1_190' title="bbox 1317 4018 2374 4069; baseline -0.014 -7"><span class='ocrx_word' id='word_1_1608' title='bbox 1317 4033 1369 4062; x_wconf 86' lang='lat' dir='ltr'>bus</span> <span class='ocrx_word' id='word_1_1609' title='bbox 1389 4030 1524 4069; x_wconf 53' lang='lat' dir='ltr'>Regnum</span> <span class='ocrx_word' id='word_1_1610' title='bbox 1543 4027 1624 4057; x_wconf 89' lang='lat' dir='ltr'>suum</span> <span class='ocrx_word' id='word_1_1611' title='bbox 1639 4026 1791 4066; x_wconf 84' lang='lat' dir='ltr'>gubernare</span> <span class='ocrx_word' id='word_1_1612' title='bbox 1804 4035 1864 4056; x_wconf 91' lang='lat' dir='ltr'>non</span> <span class='ocrx_word' id='word_1_1613' title='bbox 1881 4033 2003 4066; x_wconf 84' lang='lat' dir='ltr'>poterat,</span> <span class='ocrx_word' id='word_1_1614' title='bbox 2018 4034 2074 4059; x_wconf 85' lang='lat' dir='ltr'>nec</span> <span class='ocrx_word' id='word_1_1615' title='bbox 2087 4030 2232 4063; x_wconf 76' lang='lat' dir='ltr'>negotium</span> <span class='ocrx_word' id='word_1_1616' title='bbox 2245 4018 2374 4059; x_wconf 82' lang='lat' dir='ltr'>prosequi</span> 
     </span>
     <span class='ocr_line' id='line_1_191' title="bbox 1320 4064 1970 4106; baseline -0.008 -5"><span class='ocrx_word' id='word_1_1617' title='bbox 1320 4065 1521 4104; x_wconf 87' lang='lat' dir='ltr'>memoratum)</span> <span class='ocrx_word' id='word_1_1618' title='bbox 1539 4065 1614 4098; x_wconf 74' lang='lat' dir='ltr'>diCta</span> <span class='ocrx_word' id='word_1_1619' title='bbox 1629 4065 1791 4097; x_wconf 79' lang='lat' dir='ltr'>reformatio</span> <span class='ocrx_word' id='word_1_1620' title='bbox 1802 4064 1970 4106; x_wconf 62' lang='lat' dir='ltr'>proveniret„</span> 
     </span>
    </p>
   </div>
   <div class='ocr_carea' id='block_1_41' title="bbox 2307 4093 2385 4125">
    <p class='ocr_par' dir='ltr' id='par_1_70' title="bbox 2307 4093 2385 4125">
     <span class='ocr_line' id='line_1_192' title="bbox 2307 4093 2385 4125; baseline -0.013 0"><span class='ocrx_word' id='word_1_1621' title='bbox 2307 4093 2385 4125; x_wconf 73' lang='lat' dir='ltr'>Hoe-</span> 
     </span>
    </p>
   </div>
   <div class='ocr_carea' id='block_1_42' title="bbox 2383 3176 2464 3208">
    <p class='ocr_par' dir='ltr' id='par_1_71' title="bbox 2383 3176 2464 3208">
     <span class='ocr_line' id='line_1_193' title="bbox 2383 3176 2464 3208; baseline -0.025 -8"><span class='ocrx_word' id='word_1_1622' title='bbox 2383 3176 2417 3200; x_wconf 82' lang='grc' dir='ltr'>Η.</span> <span class='ocrx_word' id='word_1_1623' title='bbox 2438 3181 2464 3208; x_wconf 84' lang='lat'>3.</span> 
     </span>
    </p>
   </div>
  </div>
 </body>
</html>
