2570 4261
774 177 885 219 ET
967 176 1236 220 ACTA
1320 146 1800 220 PUBLICA.

9 255 142 304 Anni).
194 255 254 297 Pro
277 260 440 297 Mannefio
459 264 573 303 Spinae,
591 262 722 296 Gerardo
741 259 930 302 Riccobaldi,
948 263 1109 304 Uguitione
1130 263 1228 293 Simo-

157 305 249 343 neeri,
269 304 379 343 Agutio
392 304 520 340 Giberti‚
538 304 573 334 δε
586 303 748 334 Clariffimo
758 302 877 341 Jacobi,
893 304 1093 333 mercatoribus
1104 302 1128 332 F
1129 302 1223 332 loren-

0 327 2 329 ,
47 315 62 330 »5

9 315 121 383 32:193.
157 344 207 373 tin.
224 344 252 373 in
274 342 378 382 Anglia
392 341 635 372 commorantibus
648 364 658 380 ,
675 342 752 372 sociis
773 341 928 371 eorundem
944 365 953 379 ,
971 343 1132 381 quingentas
1149 350 1224 370 mar—

155 381 222 413 chas
240 381 360 420 sterling.
382 380 419 410 de
440 379 517 410 mille
537 379 643 410 march.
656 390 723 420 quas
739 390 815 410 anno
825 380 957 417 proximo
970 381 1110 417 praeterito
1121 379 1223 408 Eccle-

155 421 203 451 siae
221 419 347 450 Roman.
370 427 422 458 pro
441 417 529 448 censu
543 417 650 449 solvere
669 418 822 457 tenebaris,
839 416 970 448 Camerae
983 418 1087 448 nostrae
1100 426 1150 448 tuo
1170 427 1223 447 no-

156 459 235 488 mine
246 456 448 498 persolverunt.
856 467 858 471 ν

192 533 262 564 Dat.
281 532 415 573 Lugdun.
429 541 455 571 7.
477 532 519 563 Id.
537 532 697 564 Decembr.
712 532 896 564 Pontificatus
909 533 997 563 nostri
1008 544 1083 564 anno
1095 533 1221 571 septimo.

451 657 499 690 De
517 659 614 689 ‘Terra
633 657 782 703 Agenerfi
795 655 932 703 petenda.
955 650 957 653 ι

7 738 85 774 Ann.
99 739 141 770 D.
164 733 166 736 ⁵
199 737 202 741 ’
226 739 292 772 EX
309 739 468 771 Simonide
482 740 686 780 Monte-forti,
705 740 814 772 Comiti
828 740 1008 781 Leicesti-iae,
1027 743 1148 773 salutem.

28 788 114 817 1249.
194 813 197 817 ,
248 808 251 811 ,
278 779 376 814 Sciatis
386 779 478 817 quod,
493 789 541 818 per
553 780 599 809 has
611 780 712 810 litteras
726 780 830 810 nostras
850 780 978 811 Parentes
1012 782 1122 819 plenam
1141 780 1222 809 vobis

4 822 58 846 An.
75 827 119 854 34.
159 818 341 848 concedimus
355 817 522 856 potestatem
537 818 651 858 petendi
661 819 698 849 ab
713 819 917 850 Executoribus
931 805 1106 849 Testamenti
1121 817 1220 848 Nobi-

3 861 39 884 H.
62 865 86 892 3.
157 854 189 884 lis
210 856 265 886 viri
298 856 421 886 uondam
441 855 566 886 Comitis
586 857 740 888 Tholoiani
752 880 762 896 ‚
779 857 900 888 Terram
921 857 1140 897 Agennensem,
1156 865 1221 894 quae

5 898 55 923 Par
76 903 120 930 34.
158 893 192 924 ad
203 903 258 924 nos
270 904 289 935 p
300 904 354 924 eno
366 895 425 931 jure
437 894 557 925 noscitur
571 896 716 933 pertinere.
730 922 731 925 ,
750 926 751 929 ,

162 961 169 966 ,
194 931 219 951 *Ε
227 931 266 964 Et
281 931 346 962 ideo
355 932 435 963 vobis
447 934 620 966 ,mandamus
634 934 711 973 quod
723 934 760 964 ab
777 934 882 964 eisdem
899 933 1104 967 Executoribus
1118 931 1221 972 praedi-

3 1008 43 1036 η
152 969 232 1016 (stam.
249 979 350 1002 terram
363 970 557 1010 Agennensem
567 995 578 1012 ‚
597 973 667 1004 sicut
680 973 764 1005 vobis
776 973 898 1004 videritis
910 969 1053 1014 expedire,
1074 980 1168 1010 petere
1180 969 1219 1000 sa-

48 1030 54 1036 .
110 1017 134 1037 1.
247 1033 255 1038 .
298 1022 302 1025 ’
370 1035 372 1038 ,

67 1017 104 1044 45
197 1018 246 1077 ariis
253 1047 436 1083 habundanti,
446 1057 541 1086 tamen
564 1049 662 1080 litteras
677 1048 782 1079 nostras
803 1050 928 1080 Parentes
947 1050 1009 1080 alias
1024 1047 1129 1079 eisdem
1145 1047 1219 1078 Exe-

150 1087 312 1125 cutoribus,
331 1097 382 1124 pro
395 1087 492 1117 eadem
508 1096 577 1118 terra
609 1088 724 1127 ereiida,
743 1088 893 1129 specialiter
906 1089 1068 1127 dirigimus,
1083 1087 1151 1117 sicut
1163 1096 1218 1116 no-

152 1123 196 1155 bis
207 1135 256 1165 per
268 1125 369 1161 litteras
385 1125 487 1157 vestras
501 1097 685 1157 consuluistis.

186 1162 222 1194 In
237 1164 332 1203 cujus,
352 1165 412 1195 δίς.

188 1239 277 1272 Teste
289 1239 371 1282 Rege
382 1241 457 1281 ,apud
473 1241 653 1280 Clarendon,
674 1251 708 1282 13
723 1241 770 1272 die
781 1240 962 1272 Decembris

519 1368 579 1398 Pro
607 1367 685 1411 Rege
705 1365 854 1397 Manniae.

3 1444 83 1478 ‘Ann-
97 1445 139 1476 D·
155 1449 283 1508 REX
300 1450 436 1482 omnibus
462 1450 592 1489 alutem.
1034 1463 1046 1474 .-

26 1494 113 1524 1249-
263 1489 362 1520 Sciatis
375 1473 452 1528 quod
464 1489 607 1519 licentiam
619 1488 748 1519 dedimus
759 1488 866 1519 dileffiio
880 1488 913 1519 &
928 1487 1002 1518 fideli
1015 1488 1112 1518 nostro
1130 1485 1222 1518 Artal-

5 1528 57 1552 An.
78 1534 121 1560 34-
152 1527 209 1566 do,
224 1527 321 1558 illustri
342 1527 424 1567 Regi*
440 1527 475 1558 de
496 1526 632 1566 Mannia,
650 1527 780 1558 veniendi
802 1527 836 1558 acl
850 1537 901 1557 nos
913 1528 942 1556 iri
957 1527 1105 1565 Angliam,
1123 1526 1158 1557 ad
1176 1527 1218 1556 lo-

7 1567 43 1590 H.
65 1572 91 1599 3·
154 1566 301 1604 quendum
313 1567 460 1596 nobiscum
469 1589 479 1605 ,
496 1566 529 1596 &
543 1564 703 1597 faciendum
718 1566 800 1596 nobis
814 1565 889 1604 quod
903 1565 994 1595 facere
1005 1565 1098 1595 debet.

5 1604 65 1628 ΡΜ·
76 1610 123 1637 34·
169 1604 229 1635 '¹Et
250 1605 315 1635 ideo
337 1605 419 1642 v'obis
434 1604 595 1635 mandamus
608 1604 686 1644 quod
701 1605 726 1634 ei
742 1604 814 1634 Reoi
831 1627 840 1642 ,
858 1606 888 1634 in
901 1604 1041 1634 veniendo
1056 1604 1091 1634 ad
1106 1602 1173 1633 Nos
1189 1604 1218 1633 in

154 1642 290 1680 Angliam
299 1666 308 1682 ,
326 1643 372 1674 vel
384 1644 423 1673 ibi
438 1643 593 1682 morando,
612 1643 657 1673 vel
673 1642 739 1673 inde
752 1629 1028 1680 red³eundomullum
1041 1642 1160 1680 faciatis,
1174 1650 1221 1672 aut

152 1681 213 1712 fieri
231 1682 393 1720 permittatis
414 1681 570 1719 dampnum
584 1705 593 1720 ,
614 1682 741 1719 injuriam
756 1705 766 1721 ,
787 1681 944 1711 molestiam
959 1704 968 1720 ,
993 1690 1040 1712 aut
1053 1690 1222 1721 gravamen,

153 1720 199 1751 vel
213 1721 298 1751 etiam
311 1719 474 1750 hominibus
487 1720 554 1758 suis,
574 1721 752 1758 quossecum
768 1719 861 1750 ducet.

177 1758 257 1827 -Et,d
265 1758 296 1803 fi‘
307 1758 374 1796 quid
396 1759 434 1789 eis
453 1758 626 1789 forisfactum
648 1758 730 1789 fuerit
744 1781 754 1797 ,
771 1758 799 1789 id
814 1758 867 1797 eis,
884 1758 940 1790 sine
953 1758 1103 1796 dilatione,
1117 1758 1222 1789 faciatis

153 1805 238 1827 emen
259 1807 306 1827 ari.

190 1835 224 1866 In
239 1836 334 1873 cujus,
352 1835 413 1866 &e
426 1835 567 1866 duraturas
580 1835 666 1874 usque
678 1835 713 1866 ad
735 1834 839 1866 festum
853 1835 949 1866 Sansti
963 1834 1128 1874 Michaelis,
1145 1845 1220 1866 anno

152 1873 250 1913 Regni
264 1873 353 1904 nostri
369 1883 415 1914 34.

6 1643 41 1666 H.
61 1648 86 1675 3.

6 1686 34 1704 m
58 1686 87 1712 9.

184 1950 274 1989 Teste
286 1950 371 2000 Rege*
382 1951 456 1991 apud
470 1951 606 1983 Winton.
622 1953 660 1984 28
678 1953 724 1984 die
736 1952 915 1983 Decembris.

388 2085 437 2118 De
454 2088 533 2118 Pace
546 2087 583 2123 (ῤ’
603 2086 638 2118 T
632 2086 729 2131 rengis
743 2094 811 2117 cam
829 2086 973 2118 Francia.

0 2176 77 2210 ΑΜ
93 2177 134 2209 Β,
150 2165 284 2229 REX
303 2169 457 2213 omnibuS,
474 2170 534 2201 &c
551 2169 674 2214 salutem.
725 2209 731 2214 ¹
795 2207 820 2214 Η

18 2226 103 2256 1250.
223 2246 227 2251 .
268 2207 367 2252 Sciatis
386 2209 464 2252 quod
485 2208 641 2253 venerabili
662 2216 732 2253 patri
747 2206 890 2253 Philippo
905 2207 1091 2253 Lugdunensi
1111 2208 1219 2248 ele&o‚

0 2260 51 2285 Au,
73 2267 118 2294 34,
151 2246 185 2277 &
201 2245 310 2276 dilectis
329 2246 363 2278 &
373 2247 507 2291 'fidelibus
522 2247 621 2291 nostris
635 2246 766 2278 Ricardo
780 2245 892 2277 Comiti
915 2245 1076 2278 Cornubiae
1088 2270 1099 2287 ,
1117 2249 1150 2279 ὃς
1165 2248 1219 2278 Pe-

0 2299 34 2323 H,
55 2304 80 2331 3,
151 2292 195 2315 tro
210 2284 246 2314 de
260 2284 396 2316 Sabaudia
412 2286 525 2325 plenam
541 2285 668 2330 dedimus
683 2284 869 2330 potestatem,
1027 2326 1032 2331 .

0 2334 65 2362 md,
189 2323 236 2354 Ad
275 2325 462 2364 rorogandam
480 2332 604 2364 treugam
627 2333 697 2355 inter
717 2323 883 2354 Dominum
907 2323 1104 2356 Lodowicum
1120 2348 1129 2364 ,
1154 2325 1218 2356 illu-

0 2381 34 2400 m,
56 2373 83 2399 6,
151 2358 236 2392 strem
284 2370 366 2401 egem
387 2363 514 2394 Franciae
528 2387 537 2401 ,
555 2363 588 2394 &
604 2373 656 2393 nos
669 2387 679 2402 ,
698 2362 784 2400 usque
798 2362 831 2393 ad
846 2363 1000 2393 terminum
1014 2363 1154 2394 sexdecim
1168 2375 1218 2395 an·

0 2410 103 2438 Reddita
148 2410 250 2445 norum
260 2424 269 2439 ,
288 2401 333 2446 vel
348 2402 433 2441 usque
450 2402 484 2434 ad
499 2402 663 2433 ulteriorem
683 2402 839 2432 terminum
851 2424 861 2440 ,
875 2401 1029 2432 secundum
1047 2401 1124 2441 quod
1139 2402 1219 2434 vide-

0 2447 103 2514 2353?
150 2439 434 2546 flnfigtliiireidligssiniri
455 2478 489 2509 ὃς
510 2485 622 2518 gratum
637 2477 773 2519 quicquid
793 2477 843 2519 ipsi
863 2477 941 2517 super
955 2476 1014 2509 hoc
1025 2478 1156 2510 duxerint
1175 2479 1217 2511 fa-

0 2524 95 2590 {ss‘icffi‘
148 2526 218 2585 ⁶¹³ss
233 2525 331 2593 ἓῖἶῖῐιε,
346 2555 407 2586 &0

0 2601 62 2629 lata.
177 2630 268 2662 Teste
283 2630 365 2670 Rege
377 2631 450 2669 apud
461 2629 670 2663 Westmonast.
687 2639 702 2671 5
716 2632 761 2662 die
775 2630 885 2662 Martii.

182 2707 331 2749 Confimiles
345 2707 452 2738 litteras
469 2707 572 2738 habent
591 2708 670 2738 iidem
687 2708 728 2737 ad
737 2707 936 2747 refirmandam
945 2716 1039 2747 pacem
1058 2713 1132 2741 inter
1140 2718 1215 2750 prae-

145 2747 246 2778 dietum
258 2750 353 2784 Regem
365 2749 489 2777 Franciae
501 2745 540 2782 ὠ·
555 2749 702 2777 Dominum
714 2749 811 2784 Regem
818 2769 829 2784 ,

182 2823 270 2854 Teste
287 2833 318 2855 ut
332 2824 420 2862 supra.

152 2923 154 2925 -
181 2903 254 2931 Item
267 2900 347 2969 fider?
360 2900 462 2932 habent
469 2899 578 2932 litteras
591 2907 651 2932 tam
665 2901 697 2932 de
707 2908 771 2940 pace
784 2899 974 2942 refirmanda,
983 2911 1065 2941 quam
1081 2901 1113 2932 de
1126 2904 1212 2933 Treu-

141 2949 180 2977 ga
187 2947 322 2978 prorogan
342 2950 376 2978 a,

183 3013 273 3045 Teste
285 3022 316 3045 ut
331 3015 416 3054 supra.

184 3093 255 3120 Item
266 3090 369 3121 habent
382 3091 493 3122 litteras
506 3095 614 3129 Reginae
627 3096 747 3123 Franciae
759 3094 890 3133 direttas,
909 3093 1003 3134 quibus
1016 3094 1100 3124 datur
1114 3094 1151 3124 eis
1160 3102 1211 3132 po-

146 3127 228 3169 testas
240 3130 281 3159 ad
291 3130 466 3160 tractandum
480 3130 511 3160 de
517 3139 602 3170 pace,
617 3128 655 3166 ὁ·
671 3132 711 3161 ad
718 3131 919 3173 reformandum
935 3132 1046 3163 eandem
1054 3155 1065 3172 ,

181 3205 272 3237 Teste
284 3215 316 3238 ut
328 3206 416 3245 supra.

182 3284 254 3312 Item
268 3281 371 3312 habent
382 3282 491 3314 litteras
505 3284 586 3314 eidem
601 3287 708 3322 Reginae
723 3285 856 3326 directas,
872 3288 914 3318 ad
925 3290 1046 3326 treugam
1060 3286 1136 3318 illam
1145 3295 1210 3326 pro-

146 3321 295 3359 rogandam
307 3320 386 3362 usque
400 3323 441 3352 ad
451 3326 594 3353 terminum
601 3323 771 3361 pradictum.

181 3397 272 3430 Teste
288 3406 318 3429 ut
330 3397 414 3437 supra.

212 3523 303 3556 Balla
320 3522 494 3570 diffitasbria
513 3552 523 3567 ,
553 3537 588 3557 ne
605 3527 672 3558 Rex
685 3525 730 3559 ad
741 3528 861 3573 presens
883 3531 940 3562 iter
959 3532 990 3563 in
1011 3530 1141 3563 Terram

490 3573 636 3606 Santram
652 3574 861 3621 aggrediatur.

0 3662 74 3694 Anu,
88 3665 128 3695 D,
147 3656 372 3719 INnocentius
385 3659 556 3698 Episcopus,
573 3658 664 3690 servus
678 3658 822 3690 servorum
836 3661 912 3701 Dei,
925 3663 1064 3694 carissimo
1080 3663 1109 3693 in
1125 3662 1212 3693 Chri-

26 3711 111 3741 1250.
184 3696 312 3766 dstgfflio
386 3698 463 3739 Regi
473 3698 632 3738 Anglorum
645 3697 742 3728 illustri
754 3698 866 3730 salutem
876 3723 886 3738 ,
901 3702 934 3732 &
944 3702 1142 3740 Apostolicam
1159 3701 1208 3732 be-

0 3744 48 3769 An,
107 3763 112 3769 ,
147 3743 184 3765 rie
204 3746 212 3765 i
242 3746 347 3767 ionem.

0 3783 32 3806 H.
52 3751 101 3816 ξφ
147 3773 150 3776 ’
183 3773 351 3806 Gaudemus
372 3777 403 3806 in
422 3775 573 3814 Domino,
591 3782 673 3806 tuum
695 3776 775 3812 pium
788 3776 960 3813 propositum
981 3779 1072 3819 dignis
1086 3779 1211 3809 laudibus

0 3820 38 3844 Ex
52 3822 111 3845 Au-
147 3814 395 3853 commendantes,
414 3814 492 3853 quod
502 3839 510 3853 ,
529 3815 598 3844 sicut
613 3823 646 3844 ex
662 3815 713 3843 tuis
725 3814 819 3843 litteris
834 3816 866 3844 &
879 3815 1004 3847 Nunciis
1027 3827 1116 3856 nuper
1130 3828 1212 3848 acce-

98 3855 99 3859 ’
146 3851 252 3890 pimus,
270 3852 304 3883 ad
317 3853 535 3885 succurrendum
549 3853 650 3883 Terrae
665 3852 766 3882 sanetae
782 3852 846 3882 zelo
861 3852 923 3883 fidei
937 3864 970 3884 ac
991 3855 1150 3887 devotionis
1164 3867 1211 3888 ac-

146 3889 259 3963 Ιξὲῑῖιΐυε,
275 3901 410 3930 praeparas
423 3899 468 3930 te,
486 3900 569 3933 prout
581 3899 657 3922 tuam
672 3890 754 3921 decet
769 3888 971 3923 Celsitudinem
984 3917 994 3932 ,
1009 3894 1159 3934 magnifice
1177 3904 1210 3925 ac

198 3935 284 3958 enter.

177 3965 231 4008 *Ad
245 3966 323 4004 cujus
336 3968 562 4009 prosequendum
577 3969 724 4008 negotium
735 3967 821 4008 ,cum
834 3977 946 4008 magnas
959 3969 1095 4008 impensas
1109 3973 1209 4011 exigat,

0 4006 16 4033 9
29 4008 53 4037 1.
62 4018 129 4046 45²·
147 4003 226 4035 aha-s,
245 4004 278 4035 &
297 4005 316 4024 ²*
335 4015 412 4038 nunc
424 4008 526 4048 petiisti
544 4007 665 4039 concedi
681 4007 732 4038 tibi
746 4017 761 4037 a
783 4007 865 4038 nobis
887 4006 1027 4039 decimam
1042 4008 1210 4041 Ecclesiasti-

147 4051 249 4086 eoruir
265 4052 451 4089 proyennium
467 4046 563 4088 Regni
578 4047 635 4086 tui,
655 4047 688 4080 &
702 4045 817 4081 aliarum
830 4054 982 4088 terrarum,
999 4057 1065 4088 quae
1078 4056 1136 4082 tuae
1148 4048 1211 4082 sunt

145 4080 328 4118 iurisdidhoni
340 4082 480 4121 subjectae.

0 3861 59 3892 togr.

2246 197 2324 235 159

1301 258 1455 304 Nobisque
1470 260 1522 291 tibi
1541 262 1650 304 dudum
1666 264 1878 296 rescribentibus
1896 265 1992 306 quod,
2011 267 2077 297 licet
2090 266 2223 307 propoliti
2236 268 2325 298 nostri
2341 267 2418 300 Anii.
2432 258 2475 300 Di

1263 298 1330 328 esiet
1350 307 1406 342 tuae
1427 310 1456 329 in
1476 301 1609 343 omnibus
1623 324 1631 338 ,
1647 312 1784 340 quantum
1808 314 1877 334 cum
1901 305 1970 335 Deo
2012 306 2138 337 offumus
2151 329 2162 345 ‚
2178 306 2326 337 satisfacere
2363 317 2448 347 ¹249¹

1262 337 1424 380 voluntati,
1441 346 1505 376 quia
1523 346 1617 368 tamen
1639 340 1780 371 cariffimo
1793 343 1828 371 fin
1844 342 1962 374 Christo
1975 344 1993 374 fi
2006 346 2036 374 io
2049 344 2147 374 nostro
2253 345 2327 384 Regi
2343 351 2405 375 Heu.
2427 354 2468 383 3.·

1263 375 1286 404 F
1288 385 1388 405 ranciae
1402 375 1499 406 illustri
1507 398 1522 419 ,Ι
1534 376 1599 418 post
1612 378 1719 416 lignum
1735 382 1824 409 crucis
1836 381 2025 421 assumptum,
2041 393 2102 413 non
2116 382 2191 421 priris
2202 383 2232 412 iii
2248 383 2327 423 Reg-

1262 414 1381 458 iio-suo⁷
1400 424 1486 457 quam
1499 414 1619 458 eiuidem
1636 416 1851 453 RegniPraelati
1867 420 2070 460 concesserint,
2089 420 2328 459 concesserimus,

1261 451 1420 495 hujusmodi
1442 453 1582 496 decimam
1596 475 1604 490 ,
1634 455 1746 497 ἰῃςειίὶι
1769 456 1849 485 simili
1865 458 2048 498 postulatain3
2074 469 2126 490 nos
2140 483 2148 498 ‚
2165 459 2328 490 affectantes

1261 500 1291 520 ut
1311 491 1416 535 praelati
1437 491 1559 528 ejusdem
1581 492 1680 528 Regni
1692 494 1730 535 tui
1745 493 1771 522 se
1789 495 1934 526 redderent
1947 498 1997 526 tibi
2015 498 2108 528 faciles
2122 499 2151 528 in
2165 498 2217 528 hac
2231 507 2326 538 parte,

1261 538 1345 567 parari
1361 537 1469 560 eramus
1485 553 1494 569 ,
1512 539 1580 559 curn
1603 534 1805 570 crucesignatus
1826 533 1894 563 elles
1908 557 1917 571 ,
1935 535 2005 573 ipsos
2026 537 2059 566 ad
2082 546 2159 567 tuam
2172 537 2327 575 requistum

1262 577 1333 609 nem*
1350 567 1481 610 inducere
1492 579 1536 611 ¹ac
1555 577 1654 607 rogare
1667 577 1715 607 ut,
1735 570 1892 601 necessitate
1906 575 2011 611 negotii
2027 576 2059 604 ἃ
2073 576 2207 615 proposui
2223 577 2330 613 pietate

1261 609 1390 643 pensatis,
1407 607 1466 636 tam
1480 607 1640 645 liberaliter,
1661 617 1747 645 quam
1763 609 1898 648 libenter,
1917 620 2069 642 annuerent
2085 617 2156 644 votis
2171 616 2232 644 tuis.

1299 644 1390 674 lidem
1404 644 1515 675 Praelati
1537 646 1619 676 nobis
1642 645 1693 675 suis
1715 647 1809 676 litteris
1824 647 2031 688 supplicarunt,
2050 652 2126 690 quod
2140 652 2191 682 tibi
2214 661 2326 688 curare-³

1261 693 1322 713 mus
1334 683 1483 721 habunde,
1500 684 1579 721 quod
1593 693 1702 723 gratum
1716 686 1749 715 ὃς
1764 695 1913 726 acceptum
1929 688 2063 718 habemus
2075 712 2083 724 ,
2103 690 2136 720 ad
2150 699 2258 720 tantum
2273 700 2326 721 ne·-

1261 722 1373 760 gotium
1387 722 1422 751 de
1435 724 1514 766 ipsius
1530 723 1624 762 Regni
1634 723 1746 766 Angliae
1759 726 1941 762 proventibus
1954 725 2151 758 Ecclefiasticis
2164 729 2322 767 providere„

1299 759 1370 803 Sed,
1389 762 1427 789 ne
1439 761 1599 798 Videamur,
1617 761 1666 791 sub
1679 762 1910 802 dillimulatione,
1926 765 1954 793 in
1969 765 2144 802 dispendium
2159 767 2326 797 Christiani-1

1260 804 1320 827 raris
1338 799 1415 836 quod
1434 801 1521 838 agitur
1534 801 1671 839 praeterire
1686 823 1695 838 ,
1714 800 1804 830 officii
1819 802 1905 831 nostri
1919 825 1928 840 ,
1946 804 1993 841 qui
2008 803 2152 834 constituti
2167 806 2274 843 sumus,
2293 806 2328 835 lia

1261 844 1306 865 cet
1320 838 1474 875 immeriti,
1493 837 1572 876 super
1590 847 1704 877 gregem
1721 839 1901 870 dominicum
1915 864 1924 879 ,
1940 842 2053 871 interest
2067 851 2098 873 ut
2112 844 2165 873 tibi
2180 844 2327 879 necessita-⁴

1261 882 1319 903 tem
1343 876 1376 904 ἃ
1395 876 1518 915 pericula
1532 899 1541 914 ,
1555 886 1619 915 quae
1640 877 1748 907 cumfro
1766 877 1929 909 Christiano
1945 881 2051 919 populo
2072 882 2241 920 imminent,
2259 884 2326 913 inti>⁴

1261 922 1380 942 memus.
2324 932 2325 936 =

1295 950 1386 994 Nosti
1401 953 1496 995 enim,
1509 952 1547 981 fili
1563 953 1718 991 cariffime,
1733 955 1811 992 quod
1824 965 1892 985 cum
1905 952 1992 985 mater
2006 956 2129 988 Ecclesia
2145 958 2197 988 hiis
2213 959 2324 989 duobus

1261 989 1368 1027 Regius
1381 1012 1390 1026 ,
1417 1000 1445 1019 in
1468 992 1567 1033 quibus
1581 1014 1590 1028 ,
1609 1001 1657 1028 per
1678 992 1736 1022 Dei
1756 994 1890 1031 gratiam,
1905 996 1981 1031 viget
2002 995 2159 1026 Christiana
2173 997 2325 1036 profcffio'3

1259 1026 1424 1070 sustentetur
1438 1040 1448 1066 3
1464 1032 1491 1071 *li
1511 1038 1609 1058 eorum
1627 1029 1721 1068 Reges
1733 1053 1742 1068 ,
1761 1040 1895 1068 praetextu
1915 1032 2058 1068 cujussibet
2077 1036 2115 1073 pii
2135 1035 2227 1072 operis
2238 1035 2324 1074 ipsam

1260 1065 1443 1096 constitutam
1462 1076 1491 1096 in
1512 1067 1596 1096 exilio
1616 1067 1653 1097 sic
1667 1069 1840 1107 relinquant,
1859 1079 1917 1099 non
1934 1071 1975 1099 est
1990 1071 2061 1100 aliud
2082 1073 2131 1102 nisi
2146 1075 2175 1102 in
2190 1073 2324 1112 direptio⁴

1259 1113 1327 1134 nem
1342 1104 1376 1134 &
1389 1104 1514 1148 praedam
1527 1114 1669 1143 exponere
1682 1106 1823 1145 hostibus,
1840 1108 1873 1138 &
1886 1107 1921 1137 de
1936 1108 1990 1138 fide
2003 1110 2158 1149 catholica,
2176 1121 2240 1151 quae
2255 1112 2325 1143 citra

1261 1152 1339 1172 mare
1351 1151 1489 1182 quatitur,
1507 1154 1566 1173 non
1582 1153 1685 1173 curare.

1301 1180 1391 1211 Unde
1405 1205 1414 1219 ,
1430 1182 1499 1212 cum
1519 1182 1594 1212 idem
1612 1182 1677 1212 Rex
1691 1193 1761 1213 cum
1774 1176 1908 1213 6mnibus
1928 1184 1978 1214 suis
1991 1185 2116 1216 fratribus
2131 1189 2325 1227 transfretant,

1259 1218 1445 1250 inhumanum
1458 1220 1544 1258 esset,
1561 1221 1594 1251 &
1610 1232 1625 1251 a
1640 1221 1714 1251 filiali
1731 1222 1880 1252 dulcedine
1894 1224 2069 1261 peregrinum
2079 1246 2089 1262 ‚
2108 1225 2127 1254 ii
2142 1235 2204 1255 eam
2216 1234 2263 1264 tu,
2278 1228 2324 1257 cui

1260 1257 1309 1288 soli
1325 1259 1419 1289 reliCta
1439 1258 1497 1297 est,
1517 1260 1588 1288 inter
1602 1259 1736 1297 procellas
1748 1259 1884 1290 desereres
1898 1260 2089 1292 flutftuantem.

1299 1296 1379 1326 Cum
1400 1298 1407 1327 i
1428 1298 1482 1327 itur
1501 1298 1553 1327 tuis
1573 1297 1712 1335 humeris,
1731 1298 1819 1328 forsan
1835 1299 2015 1336 dispolitione
2035 1300 2150 1339 divina,
2167 1302 2326 1332 remanserit

1259 1335 1393 1378 portanda
1418 1337 1526 1373 arcina,
1546 1345 1609 1375 quae
1623 1338 1674 1366 tibi
1690 1338 1722 1368 &
1735 1337 1811 1367 alteri
1826 1336 1994 1375 debebatur,
2013 1339 2156 1369 considera
2170 1341 2326 1379 quaesumus

1260 1373 1407 1413 diligenter
1428 1374 1522 1414 quod,
1540 1384 1606 1404 cum
1629 1375 1688 1415 plus
1712 1376 1744 1405 sit
1757 1376 1842 1412 capiti
1855 1377 1940 1413 quam
1961 1378 2093 1407 membro
2106 1387 2326 1415 quantumcum-

1260 1422 1316 1452 que
1331 1412 1452 1451 Nobili,
1470 1413 1633 1452 subvenire,
1647 1414 1788 1454 intelliges
1799 1417 1927 1452 protinus
1940 1415 2008 1453 quid
2022 1415 2223 1447 christianitati
2233 1418 2327 1455 ,quid-

1260 1461 1296 1480 ve
1311 1458 1362 1481 tuo
1375 1452 1408 1482 δε
1420 1451 1516 1491 Regni
1527 1453 1568 1481 tui
1582 1453 1685 1482 honori
1699 1452 1826 1491 expediat
1838 1453 1871 1483 &
1884 1453 1967 1483 saluti.

1295 1490 1420 1527 Verum,
1437 1492 1501 1529 quia
1517 1491 1650 1530 quicquid
1665 1491 1744 1528 super
1758 1492 1800 1521 liis
1810 1490 2019 1530 deliberaveris,
2037 1492 2070 1523 ad
2085 1492 2246 1531 hujusmodi
2281 1503 2329 1524 ro-

1258 1528 1394 1566 sequcnda
1407 1529 1567 1559 neceffa‘riae
1584 1530 1645 1559 sunt
1659 1530 1785 1568 expensae
1799 1552 1809 1568 ,
1827 1531 1860 1561 &
1876 1530 2009 1560 laudabile
2031 1531 2252 1568 magnificentiae
2297 1543 2327 1563 e-

1257 1568 1322 1606 galis
1335 1568 1509 1605 propositum
1524 1568 1626 1606 ,debet
1639 1569 1730 1598 sancta
1746 1576 1834 1599 mater
1847 1568 1970 1599 Ecclesia
1985 1570 2109 1608 vigilanti
2125 1571 2258 1609 consilio,
2278 1572 2327 1611 ὃς,

1258 1615 1320 1674 {uo
1338 1605 1429 1644 potest
1444 1630 1453 1644 ,
1470 1607 1571 1636 auxilio
1589 1608 1759 1644 confovere,
1779 1606 1944 1637 Celfitudini
1966 1616 2021 1638 tuae
2035 1608 2175 1638 decimam
2190 1610 2324 1640 omnium

1284 1644 1520 1675 eclesiasticorum
1533 1654 1724 1684 proventuum
1741 1646 1835 1685 Regni
1851 1646 1908 1683 tui,
1927 1656 2041 1676 necnon
2057 1648 2089 1677 &c
2114 1647 2226 1677 aliarum
2241 1657 2325 1678 terra-

1259 1693 1323 1713 rum
1337 1690 1394 1713 tuae
1403 1683 1588 1721 jurisdictioni
1599 1684 1782 1722 subjectarum
1797 1707 1806 1722 ‚
1823 1694 1876 1724 pro
1888 1685 1974 1715 dietae
1988 1693 2068 1715 terrae
2082 1686 2226 1724 succursu,
2244 1686 2325 1717 duxi-

1259 1732 1322 1752 mus
1334 1722 1417 1761 usque
1430 1723 1464 1752 ad
1478 1723 1633 1753 triennium
1650 1723 1875 1754 concedendam

1294 1759 1505 1791 Venerabilibus
1520 1761 1648 1791 fratribus
1659 1762 1760 1791 nostris
1854 1761 2074 1801 Archiepiscopo
2088 1762 2279 1793 Cantuarienfi
2288 1763 2321 1795 St

1361 1799 1504 1839 Episcopo
1516 1799 1717 1830 Herefordenii
1737 1800 1837 1830 nostris
1855 1800 1950 1831 dantes
1974 1801 2068 1831 litteris
2084 1802 2113 1831 in
2128 1802 2277 1840 mandatis,
2293 1809 2324 1832 ut

1258 1837 1399 1868 decimam
1413 1839 1499 1879 ipsam
1508 1860 1517 1876 ‚
1532 1848 1600 1868 curn
1614 1839 1736 1869 collecta
1748 1839 1849 1876 fuerit,
1859 1839 1892 1870 ὅ(
1908 1840 1960 1869 iter
1973 1841 2091 1878 arripere
2106 1841 2225 1870 volueris
2238 1849 2326 1870 trans*

1259 1878 1401 1945 ωἰζὶὲιιιζη
1415 1901 1432 1916 ,,
1449 1877 1553 1915 absque
1573 1876 1736 1908 difficultate
1752 1887 1786 1908 ac
1805 1877 1992 1907 diminutione
2014 1879 2134 1916 qualibet
2150 1878 2203 1908 tibi
2223 1879 2326 1909 faciant

1258 1924 1292 1945 ex
1314 1925 1321 1944 i
1344 1925 1392 1945 eri.

1290 1953 1523 1985 ContradiCtores
1535 1963 1586 1993 per
1599 1954 1745 1985 censuram
1760 1953 1974 1985 ecclesiasticam
1983 1976 1993 1993 ,
2013 1955 2196 1994 appellatione
2210 1955 2328 1995 postpoa

1257 1991 1320 2030 sita,
1341 1993 1558 2031 compescendo.

1291 2031 1359 2069 Ejus
1377 2041 1472 2062 tamen
1493 2032 1617 2062 decimae
1636 2031 1768 2063 colleffio
1791 2030 1952 2071 differatur,
1968 2031 2061 2062 donec
2084 2032 2217 2063 statutum
2236 2028 2321 2064 fuerit

1258 2070 1415 2108 paflagium
1434 2071 1468 2101 &
1485 2071 1612 2108 juratum
1623 2092 1634 2109 ,
1652 2071 1686 2100 δε
1708 2069 1853 2101 ordinetur
1875 2081 1933 2111 quo
1947 2078 2075 2108 tempore
2093 2071 2176 2100 levari
2191 2072 2324 2111 incipiat,
2342 2095 2344 2098 ,
2379 2081 2383 2084 ’
2433 2072 2442 2079 “

1258 2110 1293 2178 s&
1316 2110 1416 2153 quibus
1426 2110 1575 2178 gommitti
1594 2107 1716 2148 debeat,
1732 2117 1815 2150 prout
1836 2109 1903 2147 tibi,
1922 2110 1956 2140 &
1979 2109 2072 2140 eidem
2095 2111 2212 2149 negotio
2233 2110 2325 2142 visum

1273 2156 1338 2178 uerit
1356 2157 1389 2178 ex
1411 2158 1425 2178 e
1448 2158 1493 2178 ire.
2315 2155 2317 2157 ·

1261 2205 1264 2210 -
1295 2186 1365 2218 Dat.
1379 2158 1511 2227 fflugdun.
1530 2196 1544 2227 3
1561 2185 1603 2217 Id.
1619 2185 1739 2226 Aprilis,
1757 2185 1943 2218 Pontificatsis
1957 2185 2046 2217 nostri
2058 2197 2134 2218 anno
2144 2186 2272 2227 septimo.

1770 2263 1896 2294 plumbeo
1902 2263 1989 2305 figillo
2002 2276 2020 2294 a
2025 2263 2078 2307 filo
2095 2264 2220 2296 canabeo.

2003 2347 2321 2360 ——-——-———-s

1256 2405 1346 2438 Bulla
1372 2409 1517 2438 continens
1541 2403 1740 2451 indulgentias
1758 2405 1978 2451 cruce-fi'gnatis
1999 2403 2156 2449 conceffits,
2180 2406 2216 2441 ὠ·
2232 2415 2322 2438 man-i

1435 2453 1543 2486 datum
1563 2453 1599 2486 a'e
1610 2453 1796 2499 predicando
1817 2453 1853 2486 de
1878 2457 1989 2500 negotio
1998 2454 2144 2500 predalia.
2172 2466 2176 2469 ’

1293 2538 1480 2570 Nnocentius
1499 2538 1653 2579 Episcopus
1667 2562 1676 2578 ,
1693 2539 1784 2571 servus
1801 2539 1946 2570 servorum
1962 2539 2036 2576 Dei,
2055 2539 2259 2569 venerabilibus
2270 2539 2323 2569 fra-
2342 2524 2417 2580 A¹³f¹·
2432 2525 2475 2556 D’

1304 2578 1393 2608 tribus
1443 2577 1623 2608 Cantuarien.
1638 2579 1671 2609 &
1683 2577 1840 2608 Eboracen.
1857 2578 1963 2608 Archie
1979 2578 2098 2617 Viscopis3
2115 2580 2147 2608 ὃς
2163 2577 2321 2608 Cicestren.
2367 2574 2451 2601 1-50‘

1255 2613 1393 2646 Exonien.
1409 2617 1442 2647 &
1458 2616 1614 2647 Meneven.
1627 2616 1787 2655 Episcopis3
1803 2627 1836 2647 ac
1848 2616 1955 2646 dilectis
1985 2616 2044 2646 ‘iliis
2148 2616 2238 2646 Priori
2249 2627 2321 2654 prae-
2340 2608 2391 2630 ΑΛ·
2410 2613 2455 2639 34·

1255 2653 1433 2694 dicatorum,
1447 2655 1481 2686 ὃς
1558 2655 1693 2685 Ministro
1706 2657 1850 2686 minorum
1867 2655 1981 2686 fratrum
1996 2679 2006 2694 ‚
2024 2654 2246 2686 provincialibus
2259 2655 2321 2685 An·
2340 2646 2381 2695 H..
2394 2652 2418 2679 3·

1254 2692 1335 2732 gliae,
1352 2694 1464 2725 salutem
1481 2695 1514 2725 &
1529 2694 1725 2732 Apostolicam
1742 2694 1983 2725 benedifflonem.
2026 2704 2028 2707 ’
2341 2685 2379 2707 Ea
2394 2683 2453 2707 “¹¹“

1292 2731 1427 2763 Filiorum
1440 2733 1549 2764 dextera
1558 2734 1601 2772 pia
1613 2741 1700 2763 mater
1714 2732 1807 2763 sancta
1816 2733 1949 2763 Romana
1962 2731 2087 2762 Ecclesia
2096 2732 2199 2771 jugiter
2211 2732 2319 2763 lamen-
2341 2727 2405 2756 ¹⁰3⁷·

1254 2777 1340 2809 tatur,
1360 2773 1424 2809 quia
1444 2773 1546 2803 domus
1569 2771 1684 2802 caelestis
1698 2772 1793 2810 panis,
1813 2771 1902 2801 Mons
1924 2771 2019 2810 Syon,
2038 2770 2113 2800 uncle
2126 2771 2168 2800 lex
2183 2773 2261 2801 exiit:
2282 2772 2324 2801 ci-

1253 2811 1322 2840 vitas
1344 2810 1431 2850 Regis
1452 2812 1564 2851 magni,
1582 2811 1617 2840 de
1639 2820 1691 2848 qua
1711 2810 1798 2840 multa
1811 2809 1885 2840 dieta
1900 2810 1960 2840 sunt
1976 2809 2109 2848 gloriosa:
2128 2817 2215 2848 terra,
2235 2819 2321 2847 quam

1253 2846 1313 2878 Dei
1327 2848 1414 2888 filius,
1432 2849 1493 2880 fuso
1507 2858 1560 2889 pro
1578 2849 1660 2878 nobis
1680 2849 1729 2879 suo
1742 2850 1891 2888 sanguine,
1909 2848 2099 2886 consecravit,
2119 2847 2214 2886 Regni
2234 2848 2322 2878 robur

1252 2886 1286 2917 δε
1298 2887 1536 2933 pulchritudinem
1551 2887 1686 2926 perdidit,

1287 2926 1349 2956 flet
1362 2928 1442 2967 quia,
1463 2928 1606 2965 quondam
1620 2926 1722 2964 libera,
1740 2925 1789 2955 sub
1802 2926 1897 2963 impiae
1910 2923 2092 2963 tyrampnidis
2104 2925 2171 2964 jugo
2185 2923 2286 2964 servit,

1291 2965 1311 2984 ²*
1326 2965 1418 3005 Luget
1431 2968 1512 3005 quia,
1532 2965 1578 2995 ubi
1593 2974 1693 3002 pacem
1710 2964 1861 2994 multitudo
1875 2963 1992 2994 caelestis
2011 2964 2119 2993 militiae
2135 2964 2240 2994 cecinit
2253 2987 2263 3003 ,
2281 2965 2322 2995 ibi

1253 3004 1376 3040 pressura
1388 3005 1477 3044 gentis
1491 3002 1725 3034 immundiffimae
1739 3002 1863 3033 scandala
1876 3025 1886 3041 ,
1905 3003 2055 3032 simultates
2061 3025 2071 3040 ,
2090 3002 2122 3032 ὅ(
2138 3001 2260 3033 scismata
2275 3003 2320 3033 su-

1251 3042 1383 3081 scitavit,
1403 3044 1447 3073 Ac
1460 3069 1469 3082 ‚
1496 3043 1634 3072 innovans
1647 3041 1753 3072 excidia
1775 3041 1963 3079 plurimorum
1977 3064 1986 3078 ,
2011 3041 2085 3070 milit
2099 3040 2132 3070 ad
2148 3042 2317 3072 venerabilia

1251 3090 1369 3111 manum
1384 3084 1460 3112 suam
1473 3080 1665 3111 sacerdotii&
1680 3080 1822 3110 sacrorum
1843 3079 1992 3116 ordinem,
2011 3080 2068 3118 pias
2082 3079 2169 3118 leges,
2187 3080 2220 3110 &
2237 3079 2319 3117 ipsius

1251 3128 1355 3149 naturae
1366 3120 1427 3156 jura
1442 3120 1562 3159 relegans
1577 3129 1591 3148 a
1606 3118 1734 3156 Templo
1756 3118 1881 3148 Domini
1895 3129 1905 3156 3
1928 3118 2041 3149 diverfis
2062 3118 2168 3148 ibidem
2185 3118 2320 3157 spurcitiis

1251 3159 1285 3188 &
1297 3158 1573 3188 abhominationibus
1587 3157 1773 3195 introduCris3

1290 3197 1328 3227 Et
1342 3196 1427 3235 ideo,
1453 3199 1482 3226 in
1498 3196 1549 3226 suis
1570 3195 1654 3226 derisa
1669 3195 1820 3232 sabbatis,
1842 3194 1984 3226 obsorduit
2021 3195 2094 3233 quasi
2117 3193 2220 3232 polluta
2240 3203 2320 3224 men·-

1251 3235 1347 3274 struis,
1366 3237 1437 3266 inter
1459 3235 1551 3265 hostes
1571 3234 1615 3264 illa
1629 3257 1639 3272 ,
1662 3233 1764 3264 nostris
1780 3234 1850 3264 olim
1869 3235 1962 3273 promi
1989 3244 2003 3263 a
2023 3233 2145 3271 patribus
2158 3232 2318 3262 sanctorum

1250 3273 1367 3304 Parrum
1383 3273 1545 3304 nostrorum
1555 3273 1640 3312 patria
1656 3273 1688 3303 &
1702 3272 1847 3303 haereditas
1864 3273 2004 3310 Domini,
2024 3282 2094 3302 terra
2109 3270 2199 3301 saneta
2209 3292 2218 3307 ,
2230 3279 2317 3309 quam

1250 3312 1364 3343 salvator
1380 3312 1475 3343 noster
1489 3312 1522 3342 ad
1538 3311 1695 3342 exhibenda
1710 3311 1815 3342 ibidem
1837 3311 1968 3352 mysteria
1989 3311 2121 3340 humane
2145 3308 2318 3349 redemptio-

1250 3353 1294 3381 nis
1308 3351 1407 3391 elegit,
1424 3351 1487 3387 ubi,
1504 3350 1670 3381 confusione
1685 3358 1866 3390 contempta,
1884 3350 1966 3389 sputo
1979 3347 2152 3385 conspersuS,
2168 3348 2253 3390 caelus
2265 3357 2319 3378 co-

1250 3390 1354 3428 laphis,
1374 3389 1484 3428 flagellis
1498 3388 1634 3428 affiidtus,
1654 3398 1806 3420 coronatus
1824 3388 1906 3426 spinis
1927 3397 2025 3418 coram
2045 3386 2138 3416 Pilato
2158 3384 2213 3428 iisti
2225 3407 2234 3422 ,
2257 3394 2318 3416 tan-

1250 3438 1336 3468 quam
1353 3429 1511 3458 multorum
1529 3437 1590 3457 reus
1604 3427 1775 3465 criminum,
1794 3427 1902 3466 pertulit
1911 3424 2059 3455 crucifixus
2067 3423 2099 3453 ad
2116 3423 2263 3461 ultimum,
2283 3424 2317 3455 &

1249 3475 1360 3507 potatus
1382 3466 1445 3497 felle
1457 3489 1467 3504 ,
1491 3466 1585 3496 lancea
1605 3467 1775 3505 perforatus,
1795 3466 1925 3495 emittens
1938 3487 1947 3501 ,
1973 3472 2045 3506 cum.
2060 3463 2186 3493 clamore
2206 3461 2318 3502 valido,

1249 3506 1266 3536 s
1280 3506 1372 3536 iritum
1387 3515 1439 3544 pro
1453 3504 1622 3535 conditionis
1641 3505 1771 3534 humante
1786 3504 1893 3533 viribus
1906 3500 2060 3545 reparandis
2074 3524 2084 3539 ,
2109 3501 2222 3531 cursum
2243 3510 2318 3538 prae-

1262 3546 1331 3574 entis
1346 3545 1412 3575 vitae
1422 3568 1430 3582 ,
1447 3543 1575 3573 saturatus
1596 3543 1718 3581 injuriis,
1737 3542 1953 3572 consummavu.
2061 3577 2066 3583 ι

1287 3582 1349 3614 Hic
1362 3582 1420 3620 est,
1439 3591 1469 3613 ut
1483 3590 1638 3620 repetamus
1651 3582 1728 3612 altius
1745 3603 1754 3618 ,
1780 3581 1826 3618 qui
1843 3579 1877 3609 de
1891 3587 2007 3619 paterno
2020 3577 2088 3606 solio
2104 3576 2221 3617 gloriae,
2240 3578 2318 3609 caelis

1251 3621 1413 3652 mirabiliter
1427 3620 1566 3651 inclinatis
1579 3642 1589 3657 ,
1613 3619 1647 3650 ad
1662 3619 1765 3650 nostra:
1781 3618 1955 3648 mortalitatis
1977 3617 2032 3646 ima
2053 3615 2240 3653 descendens,
2257 3627 2318 3647 non

1250 3660 1314 3691 dedi
1334 3668 1413 3690 natus
1426 3659 1467 3689 est
1481 3658 1560 3689 Deus
1576 3659 1685 3695 homo,
1704 3666 1813 3687 creator
1827 3664 1950 3687 creatura
1963 3654 2037 3692 ficri,
2056 3655 2192 3694 suscipere
2208 3654 2319 3685 Domi-

1252 3709 1304 3729 nus
1330 3708 1442 3729 ormam
1457 3697 1525 3728 servi
1541 3709 1551 3736 3
1577 3705 1607 3727 ut
1622 3720 1632 3735 ,
1659 3696 1708 3734 qui
1722 3705 1782 3725 non
1796 3703 1956 3734 poteramus
1976 3704 2023 3731 per
2043 3692 2167 3724 nostram
2179 3692 2318 3732 justitiam

1249 3737 1266 3768 s
1280 3747 1355 3768 erare
1378 3737 1491 3767 veniam
1505 3758 1514 3773 ,
1537 3735 1679 3766 consecuti
1721 3744 1749 3764 er
1769 3735 1832 3763 haec
1852 3733 1967 3772 gratiam
1989 3731 2142 3762 inauditam
2158 3755 2168 3770 ,
2194 3731 2318 3761 haeredes

1286 3777 1332 3814 ei,
1354 3775 1513 3806 cohaeredes
1533 3783 1602 3804 vero
1622 3772 1705 3803 Clarii
1721 3773 1729 3802 i
1745 3795 1754 3811 ,
1778 3772 1929 3802 divinitatis
1951 3770 2124 3800 consortium
2141 3794 2149 3809 ,
2171 3769 2318 3800 faelicitatis

1253 3823 1366 3845 aeternae
1380 3814 1560 3852 participium
1575 3811 1751 3848 sortiremur3
1769 3811 1830 3850 quis
1843 3811 1927 3850 igitur
1941 3810 2044 3848 poterit
2056 3809 2099 3848 ei,
2118 3810 2167 3849 qui
2185 3817 2228 3839 tot
2241 3809 2316 3839 bona

1252 3854 1335 3884 nobis
1349 3853 1468 3883 contulit
1477 3875 1485 3889 ‚
1503 3859 1603 3889 negare
1616 3849 1784 3880 subsidium?

1291 3891 1441 3929 Propterea
1461 3890 1534 3920 sedes
1557 3888 1722 3928 Apostolica
1734 3912 1744 3927 ,
1768 3888 1838 3918 illius
1852 3895 1935 3917 terrae
1955 3885 2141 3916 miserabilem
2164 3885 2266 3915 statum
2277 3884 2317 3927 βξ

1253 3930 1451 3961 conditionem
1463 3927 1654 3965 considerans,
1671 3928 1773 3957 emittit
1788 3925 1893 3964 luctus,
1912 3925 2079 3962 multiplicat
2094 3924 2188 3960 fletus,
2204 3924 2236 3953 &
2246 3945 2256 3958 ,
2275 3932 2318 3965 iri-

1252 3978 1293 3999 ter
1311 3968 1439 4006 singultus
1454 3968 1487 3998 ὅ(
1499 3966 1607 4005 suspiria
1623 3967 1669 3997 vix
1681 3965 1828 4003 respirans,
1848 3965 1948 3994 clamat
1963 3963 1997 3994 ad
2019 3963 2180 4005 proximos,
2200 3968 2318 4004 recurrit

1252 4007 1286 4038 ad
1303 4015 1400 4043 notos,
1420 4007 1453 4037 &
1469 4005 1584 4042 exponit
1599 4003 1762 4034 domesticis
1774 4003 1839 4033 fidei
1853 4003 1990 4033 salvatoris
2004 4001 2163 4031 instantiam
2173 4022 2181 4036 ,
2198 4008 2245 4037 qui
2260 4002 2318 4027 ime

1252 4044 1455 4076 intermissione
1461 4067 1470 4082 ,
1492 4044 1612 4081 lingulos
1626 4042 1719 4073 fideles
1734 4042 1768 4073 ad
1780 4041 1944 4072 tirocinium
1958 4042 2037 4071 suum
2053 4046 2154 4074 vocat,
2174 4037 2207 4067 ἃ
2222 4045 2318 4066 neces-

1252 4085 1360 4117 sitatem
1374 4081 1596 4123 urgentissimam
1611 4081 1710 4115 Terrae
1724 4080 1843 4118 sancitam·
1864 4090 1945 4119 quae,
1964 4080 2030 4117 nisi,
2050 4077 2146 4115 (quod
2162 4075 2230 4107 abiit
2238 4074 2320 4142 >1023

2341 2935 2360 2956 ²*
2377 2937 2476 2973 13453·
