2570 4261
2 288 134 319 AnnD.

24 336 109 365 1207.

3 521 54 546 An.
71 527 99 553 9.

0 2230 46 2258 Ἰ.
64 2239 126 2267 ¹44·

148 171 203 223 46

149 285 1211 313 Μ

151 363 339 411 Refiripmm
357 364 519 396 innocentii
539 363 623 408 Papae
646 358 692 393 ad
720 362 853 394 Litteras
867 359 1111 393 comminatorias
1128 357 1217 402 Regis

618 409 748 456 Angliae.

191 511 374 543 Nnocentius
393 506 549 546 Episcopus
562 530 573 544 ,
604 505 698 537 servus
719 505 865 537 servorum
885 504 968 548 Dei,
994 499 1167 532 Chariffimo
1187 499 1217 528 iri

203 550 319 581 Christo
332 547 407 585 filio,
422 546 548 585 Johanni
561 545 660 577 illustri
674 545 836 584 Anglorurn
850 543 926 583 Regi
939 541 1064 573 Salutem
1079 538 1217 576 &Apos-

154 590 269 621 tolicani
284 586 525 617 benediffionem.
954 618 959 624 ·
985 618 990 623 .
1057 617 1062 622 ,
1129 616 1133 621 ἰ

191 627 271 657 Cum
285 627 365 664 super
377 625 494 664 negotio
509 621 712 654 Cantuariensis
726 619 860 652 Ecclefiae
872 628 925 648 nos
940 618 992 648 tibi
1012 614 1217 659 scripserimus,

153 666 310 703 humiliter,
327 664 373 694 dil'
396 671 490 701 enter,
509 663 633 698 benigne
646 658 840 696 exhortando,
854 656 999 701 rogando,
1017 664 1048 685 tu
1063 655 1162 691 nobis,
1173 654 1217 691 (ut

152 705 225 735 salva
239 714 309 742 pace
321 712 368 734 tua
389 702 489 740 oquar)
507 698 664 737 rescripsisti
679 697 755 736 quasi
769 694 975 727 comminando
989 695 1023 725 &c
1044 693 1216 731 exprobrans

151 744 192 775 do
227 743 435 774 contumaciter
447 741 481 770 &
495 745 634 776 proterve.
1025 772 1030 776 η

189 767 228 813 ἐπ
247 791 315 812 cum
338 791 389 810 nos
410 779 461 808 tibi
479 777 558 814 supra
568 776 612 813 jus
625 774 734 805 deferre
748 783 898 810 curemus,
916 781 947 803 tu
962 771 1046 801 nobis
1059 769 1216 800 secundum

150 822 195 861 jus
212 820 321 851 deferre
338 828 397 848 non
418 825 514 854 curas,
534 816 627 844 minus
649 823 735 852 quam
755 812 870 856 deceret
888 810 1042 841 attendens
1082 808 1175 853 Qod
1196 808 1216 838 si

153 868 201 891 tua
214 859 296 889 nobis
309 856 426 887 devotio
441 854 595 892 plurimum
609 851 651 882 est
666 851 833 888 necessaria,
852 849 948 880 nostra
967 857 1063 879 tamen
1084 849 1135 878 tibi
1156 857 1216 877 non

153 907 254 936 parum
272 895 313 926 est
327 901 494 933 opportuna.
531 891 669 930 Cumque
683 901 735 920 nos
746 891 776 919 in
791 889 837 920 tali
850 888 929 926 casu,
948 896 1058 917 tanturn
1073 887 1216 916 honorem

154 936 223 967 nulli
240 935 407 972 Principum
428 931 579 962 detulimus
599 929 829 972 quantumst-ibi,
847 935 878 957 tu
894 926 995 961 nostro
1008 934 1119 970 tantum
1132 924 1217 955 dero-

154 985 218 1005 <rare
229 972 345 1004 attendis
359 972 477 1008 honori,
497 977 634 1008 quantum
649 969 678 998 in
693 967 775 997 iimlll
790 966 852 997 casu
871 966 962 996 nullus
983 974 1113 1003 princeps
1133 963 1218 1008 dero-

153 999 218 1043 z'iare
233 1012 350 1051 praesum
373 1011 418 1040 lit:
439 1007 584 1048 Qiasdam
599 1006 713 1038 frivolas
728 1005 893 1036 occasiones
907 1002 1099 1047 praetendenS,
1116 1003 1219 1040 quibus

152 1038 246 1082 :Yfferis
289 1021 371 1089 quod
389 1048 522 1078 electioni
542 1046 579 1077 de
597 1045 704 1075 ductito
725 1044 783 1074 filio
801 1043 902 1087 nostro
921 1042 1055 1082 magistro
1073 1041 1218 1085 Stephano

151 1091 234 1123 titulo
253 1076 349 1120 ’Sancti
369 1086 552 1127 Chrysogoni
572 1084 742 1123 Presbytero
763 1081 921 1119 Cardinali,
939 1091 954 1111 a
976 1080 1125 1123 monachis
1140 1079 1220 1124 Can-

153 1123 334 1160 tuariensibus
348 1126 514 1162 celebratae,
533 1133 592 1154 non
608 1132 687 1160 potes
705 1131 817 1159 portare
838 1120 1022 1151 consensum:
1044 1119 1122 1162 ¹(Qua
1139 1118 1218 1163 Vide-

152 1168 218 1198 licet
238 1168 310 1197 inter
329 1174 393 1196 tuos
417 1163 458 1194 est
478 1162 657 1193 conversatus
677 1161 824 1197 inimicos,
843 1161 877 1190 ὃς
898 1159 1015 1197 persona
1028 1168 1084 1196 ejus
1106 1156 1147 1201 est
1166 1158 1218 1188 tibi

152 1205 261 1244 prorsus
274 1206 379 1244 ignota.
417 1202 511 1233 Porro
520 1203 598 1240 juxra
613 1199 799 1238 proverbium
811 1198 989 1235 Salomonis,
1007 1196 1106 1241 frustra
1117 1197 1217 1234 jacitur

150 1254 210 1275 rete
227 1252 291 1273 ante
312 1242 412 1272 oculos
432 1249 638 1279 pennatorum,
657 1248 726 1269 cum
746 1237 929 1280 intelligamus
948 1235 1015 1266 illud
1038 1246 1064 1279 ei
1082 1245 1143 1265 non
1161 1235 1219 1266 effe

150 1281 349 1321 imputandum
370 1280 404 1310 ad
428 1279 541 1316 culpam
555 1302 564 1316 ,
595 1277 648 1312 ,sed
666 1276 701 1307 ad
720 1276 839 1316 gloriam
860 1283 953 1313 potius
980 1273 1217 1313 adscribendum,

151 1321 232 1360 quod
252 1319 356 1350 Parisiis
375 1319 424 1349 diu
447 1327 547 1348 vacans
560 1316 718 1346 liberalibus
734 1314 846 1352 studiis,
864 1315 893 1343 in
908 1322 1017 1344 tantum
1029 1312 1169 1357 profecit,
1187 1322 1217 1343 ut

151 1360 284 1390 meruerit
299 1357 355 1388 effe
369 1357 502 1393 Dostor,
520 1365 580 1384 non
592 1354 684 1385 solum
698 1355 727 1384 in
740 1353 900 1384 liberalibus
913 1352 1104 1390 facultatibus,
1117 1361 1219 1382 verum

150 1399 184 1430 ὅ(
203 1400 232 1428 in
254 1396 441 1435 Theologicis
459 1394 616 1431 disciplinis.
654 1392 700 1422 Ac
721 1392 740 1422 si
759 1402 808 1430 per
830 1392 888 1422 hoc
901 1401 970 1422 curn
985 1392 1040 1422 vita
1059 1390 1220 1422 concordet

151 1437 298 1474 doffitrina,
317 1435 415 1475 dignus
427 1432 468 1464 est
479 1433 588 1463 habitus
600 1430 790 1462 Praebendam
803 1431 936 1461 obtinere
951 1429 1141 1460 Parifiensem.

189 1474 282 1506 Unde
299 1473 426 1504 mirabile
446 1473 584 1511 gerimus,
601 1470 621 1500 si
641 1472 685 1500 vir
704 1471 774 1500 tanti
786 1469 909 1500 nominis
922 1468 959 1499 de
971 1477 1022 1499 tuo
1036 1468 1145 1506 Regno
1165 1468 1219 1499 du-

149 1524 218 1545 cens
232 1514 390 1552 originem,
408 1511 458 1540 tibi
492 1510 565 1539 otuit
580 1508 636 1539 esse
649 1509 744 1539 saltem
759 1507 852 1546 quoad
866 1507 972 1538 famam
994 1509 1125 1545 ignotus,
1145 1516 1217 1544 prae-

151 1554 242 1584 sertim
258 1561 327 1581 cum
341 1559 383 1580 ter
400 1520 545 1586 scripsisses
560 1547 616 1585 illi,
635 1547 787 1585 postquam
800 1557 814 1577 a
829 1547 912 1576 nobis
931 1546 1019 1576 extitit
1036 1547 1065 1575 in
1079 1544 1216 1577 Cardina-

148 1592 208 1622 lem
229 1598 391 1629 promotus:
414 1586 523 1626 Qiod,
544 1586 611 1616 licet
631 1585 793 1624 disposueris
815 1594 882 1616 eum
901 1583 937 1615 ad
955 1593 1013 1615 tuce
1030 1583 1219 1616 familiaritatis

151 1630 320 1669 obsequium
338 1636 474 1664 evocare,
490 1624 622 1665 gaudebis
641 1633 738 1658 tamen
758 1624 837 1664 quod
856 1623 891 1656 ad
909 1623 996 1665 majus
1012 1631 1071 1656 crat
1084 1622 1217 1657 officium

147 1669 318 1701 sublimatus.

187 1709 243 1740 Sed
260 1707 328 1739 illud
348 1709 440 1747 potius
462 1714 491 1739 te
512 1703 655 1739 attendere
671 1706 824 1746 decuisset,
842 1705 922 1746 quod
940 1704 970 1737 in
991 1714 1064 1737 terra
1077 1713 1125 1737 tua
1137 1712 1217 1736 natus

150 1747 209 1785 est,
227 1747 263 1778 de
276 1748 435 1785 parentibus
444 1748 506 1779 ltibi
520 1746 647 1777 fidelibus
662 1756 694 1777 ac
709 1746 839 1784 devotis,
856 1744 992 1784 quodque
1005 1746 1033 1774 in
1048 1744 1215 1775 Eboracen-

150 1786 169 1817 fi
183 1786 308 1817 Ecclesia
323 1786 412 1817 fuerat
424 1785 639 1825 praebendatus,
657 1795 722 1824 quae
734 1785 819 1825 longe
835 1786 924 1823 major
938 1785 972 1815 &
993 1783 1108 1820 dignior
1129 1793 1217 1827 quam

151 1825 303 1856 parisiensis
325 1824 423 1855 existit.
461 1824 554 1855 Unde
574 1834 635 1854 non
656 1824 748 1854 solum
767 1824 874 1854 ratione
893 1823 982 1853 carnis
1002 1823 1037 1853 ὃς
1058 1822 1213 1861 sanguinis,

152 1874 255 1895 verum
269 1865 303 1895 &
316 1864 438 1894 obtentu
449 1861 638 1893 Ecclesiastici
653 1861 832 1893 Beneficii&
847 1860 967 1899 Officii,
984 1868 1012 1891 te
1025 1870 1058 1892 ac
1074 1861 1214 1900 Regnum

149 1912 231 1935 tuum
241 1927 250 1941 ,
268 1902 374 1933 affeetu
388 1902 498 1933 sincero
511 1901 625 1940 diligere
638 1902 851 1941 comprobatur.

186 1941 301 1972 Nuncii
321 1951 392 1972 vero
412 1941 452 1970 tui
470 1940 581 1971 causam
602 1940 685 1969 nobis
706 1939 790 1970 aliam
811 1938 1021 1977 expresserunt,
1047 1949 1133 1978 quare
1153 1948 1215 1970 non

147 1979 297 2019 praestitisti
313 1980 370 2017 ejus
385 1979 517 2010 electioni
534 1977 718 2016 consensum,
737 1979 817 2017 quia,
829 1978 961 2008 videlicet
990 1987 1138 2016 nunquam
1151 1979 1214 2009 fue-

147 2030 189 2050 ras
202 2019 345 2056 requisitus
356 2018 392 2048 ab
402 2017 469 2056 illis,
488 2018 537 2056 qui
551 2027 619 2047 eum
632 2027 649 2047 a
662 2025 690 2047 te
705 2016 865 2048 debuerunt
879 2001 1035 2054 postusare3
1052 2017 1214 2056 afferentes,

147 2057 227 2097 quod
240 2058 336 2088 litterae
350 2056 421 2094 illae,
437 2057 541 2095 quibus
555 2055 750 2086 mandavimus
766 2064 798 2086 ut
811 2055 889 2093 super
903 2055 961 2086 hoc
972 2056 1090 2094 negotio
1104 2065 1212 2094 procu-

145 2105 251 2128 ratores
264 2097 298 2128 ad
312 2106 366 2126 nos
380 2095 498 2126 idoneos
513 2094 683 2133 destinares,
701 2093 737 2124 ad
752 2102 781 2126 te
796 2095 916 2124 minime
937 2102 1134 2131 pervenerunt.
1173 2094 1213 2126 Et

146 2135 291 2167 Monachi
311 2134 538 2172 cantuarienses,
557 2134 685 2172 quamvis
705 2143 758 2171 pro
777 2132 834 2163 aliis
855 2133 975 2173 negotiis
995 2132 1031 2163 ad
1045 2140 1124 2163 tuam
1139 2142 1212 2171 prae—

144 2174 261 2205 sentiam
279 2173 470 2211 acceffiffent,
490 2182 543 2210 pro
564 2171 736 2210 postulando
757 2180 853 2203 tamen
874 2170 1028 2210 consensu,
1046 2181 1101 2202 nec
1121 2171 1213 2203 literas

146 2223 202 2244 nec
217 2213 355 2244 Nuncios
368 2211 536 2242 direxerunt.
554 2210 647 2242 Unde
659 2210 746 2241 iidem
758 2210 872 2241 Nuncii
883 2219 955 2240 cum
969 2210 989 2230 ²*
1004 2210 1093 2241 multa
1107 2211 1212 2242 instan-

144 2253 182 2283 tia
193 2252 277 2289 nobis
291 2250 494 2290 supplicarunt,
513 2258 649 2288 quatenus
661 2258 695 2279 ex
709 2259 768 2287 quo
782 2249 866 2279 nobis
880 2248 1055 2287 complacuit
1067 2249 1140 2280 hanc
1161 2251 1213 2281 tibi

144 2290 394 2322 honorificentiam
408 2288 560 2327 reservare,
578 2296 609 2319 ut
625 2288 760 2318 monachi
774 2286 986 2319 Cantuarienses
1000 2287 1127 2327 Regium
1147 2298 1213 2327 pos-

144 2330 265 2360 tularent
275 2328 428 2366 assensum,
469 2329 584 2358 uoniam
598 2328 656 2358 hoc
669 2327 778 2357 faetum
794 2336 854 2357 non
869 2335 944 2364 erat,
963 2326 1127 2358 dilationem
1141 2337 1213 2358 con-

144 2378 245 2409 gruam
268 2367 429 2398 concedere
471 2368 648 2407 ignaremur,
665 2365 744 2396 infra'
756 2374 842 2403 quam
864 2364 957 2403 posset
969 2365 997 2400 id
1013 2365 1088 2404 fieri,
1106 2376 1144 2396 ne
1154 2368 1212 2405 juri

145 2416 197 2438 tuo
212 2408 390 2446 contingeret
405 2406 542 2446 derogari.
581 2404 691 2435 Contra
706 2404 857 2442 personam
872 2404 955 2434 eleffi
968 2403 1103 2443 quiddam
1118 2405 1152 2435 ad
1168 2405 1211 2435 ul-

145 2447 249 2477 timum
264 2454 473 2487 proponentes,
492 2443 571 2483 quod
584 2454 654 2474 cum
669 2442 817 2473 manifeste
830 2443 939 2473 fastum
953 2443 1003 2481 sit,
1023 2442 1130 2473 ostium
1153 2445 1212 2474 oris

144 2483 276 2517 claudere
288 2483 459 2516 debuissent:
481 2482 640 2514 Praesertim
654 2491 722 2513 curn
734 2481 754 2512 si
767 2491 868 2513 verum
890 2481 975 2520 esset,
992 2483 1210 2521 promotionem

144 2525 202 2563 ejus
211 2525 271 2562 jam
285 2525 423 2566 impedire
436 2534 496 2555 non
512 2524 613 2562 posset.

184 2562 268 2594 Licet
283 2572 378 2594 autem
393 2564 472 2601 super
496 2563 680 2594 eleetionibus
698 2560 772 2600 apud
792 2560 897 2592 Sedem
918 2560 1117 2599 Apostolicam
1136 2561 1211 2592 cele-

144 2601 245 2640 bratis,
269 2612 329 2632 non
350 2603 527 2633 consueverit
541 2602 659 2632 affensus
674 2601 850 2638 Principium
864 2600 1022 2639 expec'tari3
1041 2600 1101 2631 duo
1116 2609 1210 2631 tamen

147 2639 290 2670 Monachi
307 2641 421 2672 fuerunt
441 2640 593 2679 specialiter
611 2640 751 2679 deputati,
769 2648 801 2669 ut
817 2639 852 2669 ad
868 2648 897 2669 te
914 2649 967 2676 pro
987 2639 1158 2677 requirendo
1170 2650 1211 2670 as-

146 2677 225 2708 sensu
245 2680 387 2716 venirent,
405 2681 453 2717 qui
475 2678 549 2717 apud
569 2678 728 2708 Doveriam
749 2678 859 2707 fuerant
872 2678 990 2715 retenti,
1006 2686 1037 2707 ut
1051 2678 1210 2716 injundium

146 2716 196 2747 fibi
208 2717 370 2747 mandatum
384 2719 484 2756 exequi
498 2727 558 2748 non
571 2717 712 2754 valerent;
732 2717 765 2747 ὃ(
773 2715 903 2784 cpraefatae
914 2716 1013 2747 litterae
1027 2715 1064 2747 de
1077 2726 1211 2756 procura-

147 2756 256 2786 toribus
269 2756 303 2787 ad
318 2755 443 2786 nostram
456 2757 629 2793 praesentiam
644 2754 771 2786 destinati
793 2755 813 2784 is
822 2779 831 2792 ,
849 2755 901 2785 tuis
914 2753 1028 2785 fuerunt
1041 2755 1150 2786 nunciis
1170 2765 1211 2786 as-

148 2795 275 2834 signatae,
291 2802 322 2825 ut
337 2804 381 2824 cas
394 2795 443 2825 tibi
456 2794 573 2825 fideliter
585 2794 790 2834 przesenrarent.

185 2834 253 2863 Nos
270 2843 384 2872 quoque
400 2834 448 2871 qui
461 2833 538 2871 super
554 2833 671 2863 eandem
692 2832 848 2863 Ecclesiam
870 2830 1101 2862 Cantuariensem
1141 2831 1211 2862 leni-

147 2871 276 2901 tudinem
288 2871 429 2909 potestatis
440 2872 592 2911 habemus,
711 2873 820 2911 regium
835 2871 914 2911 super
928 2871 986 2901 hoc
999 2870 1105 2907 dignati
1130 2880 1212 2901 umus

146 2910 300 2947 implorare
319 2910 456 2941 favorem.
496 2910 534 2942 Et
556 2910 651 2941 cursor
668 2909 780 2949 noster,
801 2911 849 2948 qui
873 2909 1051 2950 Apostolicas
1066 2909 1118 2939 tibi
1138 2909 1212 2940 litte-

146 2958 187 2979 ras
205 2949 376 2988 praesentavit
389 2974 398 2988 ,
422 2950 511 2980 literas
551 2959 645 2988 uoque
662 2948 768 2979 Prioris
785 2958 817 2978 ac
837 2947 1055 2978 Monachorum
1069 2972 1078 2986 ,
1111 2949 1160 2987 qui
1177 2958 1211 2979 ex

148 2986 282 3016 mandato
303 2988 385 3017 totius
401 2988 511 3024 capituli
544 2988 728 3018 ‘anniariensis
741 2988 949 3018 celebraverant
964 2986 1136 3017 eledtionem
1150 2997 1212 3017 me-

147 3034 286 3056 moratam
296 3050 304 3063 ,
322 3025 401 3063 super
415 3026 520 3057 assensu
542 3027 664 3064 petendo
676 3026 777 3066 Regiae
792 3025 951 3056 sublimitati
966 3025 1098 3063 porrexit.

185 3063 313 3102 Ideoque
329 3074 387 3105 non
403 3064 523 3095 vidimus
537 3075 670 3102 oportere
684 3065 781 3096 denuo
797 3063 862 3102 post
876 3065 938 3095 haec
950 3065 1064 3102 omnia,
1083 3064 1211 3104 Regium

167 3102 288 3133 ostulare
308 3103 489 3141 comessum,
513 3103 568 3133 Sed
591 3104 658 3135 illud
680 3103 879 3142 disposuimus,
902 3113 962 3134 non
985 3102 1155 3134 declinantes
1176 3103 1212 3133 ad

167 3150 274 3171 extrarn
286 3142 333 3172 vel
349 3141 383 3171 ad
399 3141 549 3179 sinistram,
577 3143 654 3179 quod
670 3141 843 3172 &initorum
859 3141 977 3173 Patrum
991 3143 1138 3172 canonicae
1151 3141 1211 3172 san-

146 3180 255 3210 t‘stiones
271 3179 393 3210 statuunt
408 3179 585 3210 faciendum:
607 3180 652 3210 Ut
667 3180 812 3219 videlicet,
832 3181 899 3211 nihil
919 3191 1010 3211 morae
1025 3180 1070 3212 vel
1087 3179 1211 3211 difficul-

148 3220 225 3255 tatis,
244 3219 326 3249 reffis
348 3218 571 3257 dispositionibus
590 3218 742 3255 auferatur,
760 3229 796 3248 ne
814 3221 891 3257 gregi
912 3219 1062 3250 dominico
1081 3218 1129 3250 diu
1143 3219 1212 3251 desit

148 3265 214 3285 cura
226 3257 374 3294 pastoralis.
414 3257 562 3294 Quocirca
583 3257 628 3286 vel
650 3256 809 3286 discretioni
829 3265 881 3287 tux
901 3258 947 3288 vel
961 3258 1043 3297 regali
1056 3258 1212 3296 prudentiae

149 3294 304 3334 suggeratur
325 3297 340 3325 {i
363 3306 525 3334 quoquam,
545 3294 623 3334 quod
645 3295 816 3332 aliquatenus
835 3295 924 3325 valeat
938 3297 954 3325 a
967 3296 1212 3327 consummatione

151 3333 230 3370 hujus
251 3333 340 3364 officii
362 3335 505 3364 revocari:
526 3334 675 3373 Quoniam
695 3333 798 3370 absque
820 3334 848 3362 vi
869 3334 902 3364 &
917 3333 1004 3372 dolo,
1023 3337 1160 3365 canonica
1181 3336 1212 3366 sit

151 3371 254 3401 elestio
268 3372 303 3402 de
317 3373 434 3411 persona
445 3373 548 3404 idonea
562 3371 744 3403 concorditer
757 3371 912 3410 celebrata,
925 3372 981 3403 sine
995 3372 1101 3404 damno
1116 3373 1212 3412 famae,

150 3410 185 3440 ὅ(
202 3411 325 3446 periculo
335 3412 532 3448 conscientiae,
550 3411 665 3442 differre
681 3420 740 3440 non
756 3409 908 3448 possemus

188 3446 239 3477 Tu
260 3458 345 3487 ergo,
365 3450 402 3480 fili
423 3450 599 3488 charissime,
618 3450 696 3487 cujus
717 3449 821 3479 honori
843 3448 922 3488 supra
932 3450 976 3486 jus
989 3449 1091 3480 deferri
1103 3452 1214 3482 curavi-

152 3494 234 3524 mus,
252 3486 403 3518 secundurn
413 3489 474 3527 jus,
492 3487 592 3519 nostro
606 3487 714 3518 studeas
729 3487 833 3517 honori
846 3486 970 3524 deferre,
988 3495 1018 3517 ut
1031 3490 1147 3526 gratiam
1169 3489 1213 3518 di-

152 3525 248 3554 vinam
268 3526 301 3556 &
323 3526 447 3557 nostram
470 3527 580 3557 uberius
595 3527 739 3557 merearis:
759 3525 812 3555 Ne
828 3525 919 3562 forte,
935 3525 955 3555 si
969 3525 1045 3555 secus
1061 3528 1164 3565 egeris,
1183 3529 1212 3557 in

151 3571 215 3591 earn
236 3571 264 3592 tc
284 3563 475 3595 difficultatem
496 3564 625 3602 inducas,
643 3564 680 3595 de
702 3575 757 3604 qua
778 3574 837 3594 non
858 3563 939 3594 facile
958 3563 1048 3594 valeas
1066 3565 1211 3601 expedire:

152 3599 234 3644 Cum
248 3602 359 3632 tandem
373 3611 502 3643 oporteat
515 3613 582 3634 eum
596 3605 728 3641 vincere,
747 3603 792 3633 cui
808 3602 929 3633 flefflrur
944 3611 1034 3632 omne
1058 3612 1134 3642 genu
1155 3613 1214 3633 cae-

152 3638 281 3682 lest¹}1m2
300 3642 470 3685 terrestrium
492 3643 526 3673 &
548 3641 744 3680 infernorum3
763 3642 842 3680 cujus
867 3650 919 3673 nos
933 3641 1009 3673 vices
1025 3642 1054 3672 in
1068 3642 1163 3679 terris,
1181 3641 1214 3671 li—

152 3685 200 3707 cet
212 3686 362 3716 immeriti,
381 3689 551 3711 exercemus.

192 3714 246 3744 Ne
260 3717 341 3758 igitur
356 3727 455 3748 eorum
470 3719 589 3749 consiliis
602 3717 635 3749 ad
658 3717 774 3755 uiescas,
794 3719 842 3757 qui
856 3726 934 3749 tuam
949 3717 1058 3757 semper
1079 3718 1215 3748 turbatio-

152 3762 222 3783 nem
236 3753 405 3794 deiiderant3
425 3766 455 3787 ut
470 3757 569 3787 melius
583 3767 621 3794 po
645 3765 686 3786 int
700 3757 728 3786 in
742 3766 812 3794 aqua
824 3757 935 3787 turbida
947 3757 1060 3797 piscari,
1080 3756 1126 3787 sed
1148 3766 1216 3786 nos-

153 3798 200 3821 tro
213 3791 388 3835 beneplacito
410 3802 438 3824 te
460 3797 639 3833 committas,
656 3793 735 3833 quod
757 3796 853 3832 utique
873 3797 925 3827 tibi
940 3795 1024 3827 cedet
1038 3794 1072 3825 ad
1085 3794 1215 3833 laudem,

154 3829 273 3873 gloriam
287 3832 320 3873 &
334 3832 483 3862 honorem.
505 3834 582 3871 Quia
594 3843 654 3864 non
670 3832 738 3863 esset
750 3833 801 3862 tibi
815 3841 922 3871 tutum,
940 3835 968 3863 in
983 3834 1036 3864 hac
1051 3833 1130 3864 causa
1145 3832 1215 3863 Deo

155 3869 189 3898 &
204 3867 336 3899 Lccleliae
352 3880 522 3909 repugnare,
538 3881 590 3911 pro
606 3882 660 3909 qua
673 3872 770 3901 beatus
784 3870 895 3908 Martyr
908 3874 940 3903 &
959 3872 1093 3902 Pontifex
1110 3871 1215 3910 glorio-

153 3906 195 3936 sus
216 3906 345 3936 Thomas
363 3909 525 3946 sanguinem
546 3909 625 3941 suum
643 3918 769 3940 recenter
785 3908 887 3941 effudit
902 3920 908 3938 :
936 3910 1094 3941 Praesertim
1107 3919 1141 3939 ex
1155 3919 1215 3948 quo

154 3952 231 3987 pater
248 3946 280 3974 ὃς
295 3945 375 3975 frater
390 3955 453 3976 tuus
468 3947 549 3976 clarae
563 3950 727 3985 memoriae,
744 3955 813 3978 tunc
828 3956 905 3986 reges
919 3948 1097 3988 Anglorum,
1110 3949 1139 3978 in
1154 3958 1216 3978 ma-

156 3982 239 4027 nibus
254 3982 410 4021 legatorum
428 3983 604 4021 Apostolicae
619 3985 685 4015 sedis
699 3986 774 4016 illam
788 3994 905 4023 pravam
919 3987 1152 4018 consuetudinem
1165 3987 1216 4017 ab-

152 4029 289 4061 jurarunt.

194 4058 265 4090 Nos
285 4068 397 4099 autem,
415 4060 435 4091 fi
456 4061 538 4092 nobis
555 4060 698 4093 humiliter
717 4062 907 4101 acquieveris,
924 4061 1092 4095 sufficienter
1110 4064 1163 4096 n'bi
1182 4064 1216 4096 ὃ(

573 151 1383 204 coNvENTloNEs,

1439 149 1840 199 LITERAE,

1264 238 1320 306 ffiis·
1329 235 1477 275 providere
1490 237 1670 281 curabimus,
1688 248 1725 269 ne
1738 237 1819 276 super
1833 236 1892 268 hoc
1906 235 1996 268 valeat
2009 235 2091 268 vobis
2103 235 2220 276 aliquod
2233 239 2334 279 praeju-
2350 239 2428 271 Ann.
2444 240 2486 272 D.

1295 286 1374 306 cium
1387 285 1520 315 generari.
2373 288 2459 316 1207.

1301 347 1379 382 Dam
1393 351 1541 391 Laterani,
1556 352 1744 385 Pontificatiis
1757 351 1849 384 nostri
1862 351 1952 384 Anno
1967 352 2106 385 Decimo.

1264 476 1385 507 Littera:
1399 474 1577 509 Adelheidis
1596 477 1745 523 Comittffie
1762 475 1798 510 de
1814 476 1984 510 Hollandia
2002 476 2144 526 Johanni
2162 480 2237 525 Regi
2262 480 2335 511 An-

1300 523 1369 569 gliae
1387 524 1489 570 mxffe,
1500 524 1536 557 de
1553 529 1730 573 Alaritagio
1758 526 1904 572 filiaefiaae
1921 529 1991 560 cuin
2008 529 2123 560 Comite
2139 525 2176 560 de
2191 529 2269 571 Los,
2295 530 2333 566 ὠ·

1310 570 1347 604 de
1364 570 1536 606 liberatione
1552 574 1632 607 dic‘h
1647 576 1738 608 Filiae.

1340 656 1454 688 Omino
1469 658 1530 702 .s¹·.¹⁰
1550 659 1658 691 dilec‘to
1669 660 1794 699 Johanni
1816 659 1875 692 Dei
1895 662 1981 701 gratia
2003 661 2101 693 illustri
2121 661 2199 701 Regi
2219 659 2334 698 Angliae
2350 656 2480 689 Ann-D-'

1307 734 1312 738 .
1355 695 1518 727 Adelheidis
1543 697 1695 730 Comitissa
1722 699 1860 730 Holland.
1899 701 2027 732 Salutem
2045 701 2080 732 &
2099 708 2229 739 paratum
2251 699 2334 731 obse·
2350 705 2463 762 Ρ1207.

1286 743 1374 764 uium.
2371 743 2409 764 Μ-
2429 746 2459 771 9·

1263 743 1284 772 q
1303 772 1446 811 Majestan
1462 773 1494 804 sit
1510 782 1614 819 notum
1633 775 1827 821 Regiaelquod
1840 776 1950 809 Comes
1965 777 2003 808 de
2019 777 2078 808 Los
2092 777 2193 808 Filiam
2219 786 2333 822 meam,
2350 773 2450 811 Johan.

1264 811 2334 894 QZ{9532Kffsss‘ssimnissssssessfi‘issffiassossffni‘issg{iffiffipciitffinie'ssffi
2350 821 2433 888 ἴῗνῐῖ·

1266 889 1299 919 &
1314 891 1424 927 accepit
1438 900 1500 934 earn
1515 890 1552 920 de
1566 900 1653 921 manu
1673 891 1797 923 Comitis
1818 893 1924 924 Otonis
1943 893 1980 924 de
1999 893 2191 933 Benetheym,
2211 895 2260 932 qui
2282 895 2334 925 fuit

1265 936 1377 972 patruus
1389 928 1513 959 Domini
1527 930 1613 959 bonae
1628 932 1793 971 memoriae,
1811 933 1861 970 ὃς,
1879 941 1911 963 ut
1924 942 2026 963 verum
2047 932 2149 971 fatear,
2164 938 2233 964 'curn
2254 933 2274 953 ²¹²
2295 943 2332 964 eo
2351 938 2366 953 ⁸*
2377 937 2401 965 1.
2421 944 2483 973 ¹45-

1266 966 1317 996 fuit
1333 977 1361 996 in
1376 968 1461 998 thoro
1475 968 1602 1007 legitimo
1622 968 1665 998 18.
1682 969 1782 1000 diebus
1795 979 1914 1001 tantum.

1304 1004 1374 1036 Post
1389 1017 1460 1044 quos
1473 1005 1550 1045 dies,
1568 1007 1646 1046 quod
1661 1009 1744 1038 vobis
1757 1017 1826 1039 cum
1840 1010 1950 1048 gemitu
1965 1010 1999 1041 &
2020 1019 2088 1040 curn
2109 1008 2211 1040 dolore
2230 1010 2249 1041 si
2291 1010 2333 1041 ifi-

1266 1053 1322 1082 co,
1341 1045 1456 1083 expulso
1468 1045 1588 1090 Oomire
1602 1046 1636 1077 &
1650 1056 1698 1076 me
1711 1046 1851 1085 similiter,
1868 1046 1922 1077 filia
1945 1058 2025 1087 mea,
2043 1048 2079 1079 ad
2099 1057 2189 1087 partes
2211 1020 2316 1080 veffias

1264 1091 1371 1127 agente·
1387 1083 1537 1128 Domino,
1555 1093 1613 1128 tarn
1633 1084 1668 1129 ad
1688 1095 1782 1129 meam
1801 1095 1894 1129 quarn-
1906 1085 1940 1115 ad
1963 1087 2020 1124 ejus
2041 1087 2157 1118 salutem
2178 1088 2291 1119 transmi
2318 1099 2333 1119 a

1265 1121 1436 1166 dinoscitur,
1454 1133 1518 1161 quia
1537 1131 1681 1163 captivitas
1703 1134 1760 1163 ejus
1779 1125 1808 1154 in
1829 1124 1912 1154 Frilia
1932 1125 2111 1155 intolerabilis
2131 1127 2157 1156 ei
2176 1125 2242 1157 fuit·
2263 1137 2334 1167 ergo

1267 1159 1409 1199 MaJestati
1431 1161 1550 1201 Regiae,
1575 1163 1621 1192 cui
1643 1161 1750 1204 semper
1771 1162 1812 1193 est
1835 1163 1985 1200 proprium
2004 1164 2145 1202 misereri,
2168 1174 2224 1201 prae
2236 1174 2335 1196 entem

1265 1201 1396 1243 paginam
1410 1201 1444 1231 ὃς
1460 1210 1557 1242 preces
1571 1201 1705 1240 porrigo,
1718 1210 1817 1241 rogans
1830 1201 1973 1232 humiliter
1987 1210 2139 1239 quatenus,
2151 1203 2252 1233 intuitu
2266 1204 2337 1242 Dei,

1264 1246 1450 1269 innocentem
1464 1241 1604 1277 animam,
1620 1239 1712 1277 longo
1730 1249 1861 1278 tempore
1880 1241 2063 1279 captivatam,
2081 1239 2200 1270 reddatis
2219 1243 2336 1281 amicis;

1266 1277 1300 1307 &
1323 1276 1529 1316 susurronibus,
1555 1279 1603 1316 qui
1623 1279 1724 1316 vobis,
1749 1277 1863 1310 invidiae
1880 1277 1978 1317 causa,
1998 1279 2143 1310 mendacia
2164 1278 2275 1319 fingunt
2296 1281 2332 1313 δι’,

1265 1315 1429 1354 proferunt,
1448 1326 1507 1347 non
1519 1315 1645 1347 credatis.

1279 1394 1284 1398 η
1304 1354 1402 1385 Sciatis
1417 1356 1501 1386 etiarn
1517 1355 1595 1413 quod
1610 1355 1744 1394 praedidia
1758 1355 1811 1386 filia
1825 1366 1889 1387 mea
1903 1355 1966 1387 data
1981 1356 2023 1387 est
2037 1355 2148 1387 Comiti
2162 1359 2191 1387 in
2213 1357 2333 1398 praesen-

1265 1401 1302 1423 tia
1324 1393 1481 1424 multorum
1501 1394 1658 1425 Ixobilium
1682 1395 1852 1433 hominum,
1870 1394 2093 1426 ministerialium
2115 1395 2152 1426 de
2170 1404 2242 1426 terra
2264 1396 2332 1428 Ho-

1265 1431 1485 1501 lsand.hquorum
1508 1432 1628 1464 consilio
1650 1434 1685 1466 ὃς
1706 1432 1812 1466 ass'ensu
1833 1443 1877 1466 res
1897 1433 1970 1466 fasta
1989 1433 2043 1465 est:
2063 1434 2202 1473 Quorum
2217 1437 2336 1467 nomina

1278 1479 1327 1501 unt
1361 1481 1421 1510 aec,

1265 1550 1382 1586 Rogerus
1400 1550 1432 1580 de
1447 1550 1598 1590 Merchun,
1817 1555 1861 1583 W
1860 1551 1983 1583 illielmus
1995 1553 2027 1582 de
2041 1554 2078 1582 Te
2095 1552 2181 1592 linge,

1265 1590 1345 1626 Hugo
1362 1589 1394 1618 de
1412 1592 1504 1620 Wrn.
1816 1591 1972 1631 Walpertus
1988 1589 2026 1626 ὠ·
2039 1595 2063 1621 F
2073 1595 2212 1622 orentinus
2225 1592 2257 1623 de
2273 1595 2331 1624 Le-

1265 1626 1441 1658 Theodoricur
1454 1629 1487 1659 de
1500 1627 1613 1659 Alma
1853 1631 1891 1660 da

1265 1669 1355 1696 Simon
1369 1664 1408 1700 ὠ
1430 1667 1577 1706 Johannes
1599 1652 1638 1703 ὦ·
1660 1666 1782 1698 Isbrand
1816 1655 1951 1699 Arna’nd.
1972 1666 2010 1704 ὠ·
2025 1671 2114 1699 Henr.
2131 1669 2163 1699 de
2180 1668 2291 1710 Riswic.

1304 1705 1336 1735 de
1350 1704 1467 1736 Harlen.
1817 1706 1957 1738 Walterus
1970 1708 2002 1738 de
2013 1708 2160 1747 Egmund,

1263 1783 1302 1814 Et
1323 1783 1404 1815 multi
1425 1784 1578 1816 hominurn
1599 1786 1632 1817 &
1648 1784 1870 1816 ministerialium
1880 1785 1916 1817 de
1930 1794 2003 1817 terra
2016 1783 2188 1823 Holandiae,
2207 1790 2333 1824 quorum

1262 1824 1379 1853 nomina
1394 1824 1477 1855 vobis
1491 1834 1633 1862 exponere
1647 1824 1769 1862 longum
1783 1824 1860 1855 esset.

1318 1948 1438 1979 Litterae
1454 1945 1676 1991 Testimoniales
1693 1945 1730 1979 de
1744 1949 1922 1994 Maritagio
1940 1946 2089 1993 Comittffe
2108 1945 2289 1980 Hollandiae.

1259 2030 1440 2092 THomas
1459 2032 1519 2064 Dei
1539 2034 1625 2072 gratia
1640 2032 1767 2070 Trajest.
1785 2031 1943 2072 Episcopus
1964 2033 1999 2064 &
2019 2030 2186 2070 Capitulum
2206 2030 2330 2070 ejusdem
2348 2051 2367 2077 P
2384 2057 2397 2077 t

1282 2109 1287 2114 .
1338 2070 1411 2109 loci,
1430 2071 1527 2102 litteris
1538 2071 1588 2102 suis
1603 2072 1759 2109 patentibus
1772 2071 1967 2101 testimonium
1983 2071 2133 2108 perhibent
2155 2069 2235 2114 quod
2256 2080 2330 2108 prae-
2337 2057 2455 2127 suzam

1260 2107 1351 2139 dietus
1367 2108 1477 2140 Comes
1492 2110 1618 2148 legitime
1631 2110 1710 2140 duxit
1724 2111 1753 2139 in
1768 2119 1889 2140 uxorem
1903 2109 2067 2148 praedidtam
2083 2108 2266 2139 Comitiffam
2286 2119 2330 2141 as-
2421 2110 2430 2127 ³

1261 2146 1337 2177 sensu
1351 2148 1386 2179 δε
1399 2148 1519 2179 consilio
1535 2148 1663 2179 Primatis
1676 2149 1762 2179 totius
1773 2147 1935 2178 Holandiae.

1297 2184 1336 2216 Et
1354 2186 1476 2218 {imiliter
1499 2186 1610 2218 Comes
1632 2186 1716 2217 Otho
1735 2187 1772 2218 de
1794 2186 1947 2218 Benethen.
1967 2186 2025 2217 hoc
2043 2183 2179 2226 fignificat
2193 2184 2329 2218 Domino

1260 2223 1336 2265 Regi
1350 2235 1402 2263 per
1415 2225 1506 2256 literas
1519 2225 1578 2257 suas
1593 2225 1733 2257 Patentes.
2123 2241 2128 2248 ·

1259 2301 1495 2372 ωίῖἕὲξεὲἑῖῐὲῖε
1515 2303 1613 2335 litterae
1633 2302 1764 2335 Parentes
1783 2302 1873 2335 miffae
1891 2302 1954 2335 sunt
1973 2300 2081 2335 Abbati
2100 2301 2137 2334 de
2158 2302 2275 2344 Rading
2293 2303 2329 2335 ad

1259 2464 1423 2497 Conventio
1453 2466 1578 2498 Comitis
1604 2464 1641 2498 de
1659 2468 1717 2499 Los
1733 2465 1770 2498 de
1781 2465 1912 2512 ftrvitio
1927 2467 2002 2513 Regi
2022 2461 2183 2510 Johanni,
2208 2468 2246 2504 (ῥ’
2264 2466 2329 2499 Ne-

1472 2517 1537 2560 poti
1546 2513 1604 2559 fito
1626 2518 1697 2562 Regi
1721 2517 1927 2548 Romanorum
1942 2511 2116 2562 praestando.

1334 2597 1474 2638 Mnibiis,
1492 2600 1554 2631 &c.
1572 2599 1738 2631 Ludoviciis
1752 2599 1863 2631 Comes
1877 2599 1915 2631 de
1933 2599 2004 2630 Los.
2022 2599 2083 2631 &c.

1341 2676 1345 2681 ¹
1361 2637 1461 2668 Sciatis
1481 2638 1559 2676 quod
1579 2638 1681 2683 deveni
1704 2639 1797 2682 hoino
1819 2638 1943 2669 Domini
1957 2636 2220 2681 Johannisiiiustris
2239 2637 2328 2682 Regis
2345 2624 2422 2655 Ann.
2436 2624 2481 2656 D-

1258 2674 1390 2719 Angiiae,
1409 2683 1543 2719 tanquam
1557 2676 1683 2707 Domini
1694 2686 1774 2720 mei,
1787 2685 1887 2707 contra
1901 2685 2005 2707 omnes
2019 2676 2151 2706 homines
2171 2676 2206 2706 &
2228 2675 2327 2719 foerni-
2367 2672 2453 2702 1207.

1257 2714 1846 2783 Esus-trsfissvssissrrud
1861 2723 1982 2783 {taut
1988 2713 2328 2784 „transserram
2345 2707 2441 2779 3?ss

1257 2790 1339 2859 guum
1353 2763 1491 2830 Aiigliae?
1500 2801 1569 2822 cum
1583 2792 1663 2822 omni
1677 2763 1857 2830 possepmeo',
1874 2790 1910 2821 ad
1923 2800 1961 2821 cu
2007 2799 2038 2820 m
2058 2776 2159 2820 metim
2169 2791 2199 2820 in
2212 2779 2454 2857 vgnien·.}22·m?·

1278 2839 1352 2907 OEt,
1370 2877 1440 2899 cum
1458 2869 1524 2901 illuc
1545 2880 1671 2907 venero,
1688 2879 1740 2901 ero
1753 2868 1788 2899 ad
1799 2867 2012 2900 defendendum
2025 2866 2164 2907 Regnum
2180 2866 2279 2907 suum,
2296 2876 2330 2900 ut
2347 2867 2386 2886 m·
2403 2866 2433 2894 5·
2452 2857 2479 2886 Ι*

1257 2905 1368 2937 dietum
1389 2907 1431 2937 est
1448 2907 1483 2938 ad
1505 2908 1618 2940 custum
1638 2909 1736 2946 suum,
1756 2907 1892 2946 quamdiu
1912 2908 1939 2938 ei
1959 2906 2094 2945 placuerit
2107 2914 2208 2938 contra
2221 2916 2327 2938 omnes

1257 2945 1390 2975 homines
1405 2948 1454 2984 qui
1467 2947 1564 2978 vivere
1579 2946 1685 2985 possint
1695 2947 1741 2977 vel
1755 2947 1841 2977 mori.

1294 2983 1440 3015 Dominus
1462 2994 1557 3016 autem
1578 2986 1661 3025 Rex,
1679 2984 1835 3017 secundum
1856 2983 1935 3023 quod
1947 2993 2004 3022 ego
2018 2983 2224 3016 honorifice&
2238 2984 2326 3015 affor-

1258 3023 1330 3054 ciate
1351 3033 1459 3054 venero
1479 3023 1513 3054 ad
1535 3024 1679 3056 servitium
1698 3024 1795 3062 suum,
1818 3023 1890 3054 mihi
1910 3023 2065 3054 retornabit
2083 3022 2120 3054 de
2141 3022 2224 3054 custo
2240 3032 2329 3062 meo,

1258 3061 1338 3100 quod
1350 3061 1471 3099 posuero
1484 3064 1513 3092 in
1528 3062 1672 3093 veniendo
1685 3061 1720 3092 ad
1735 3061 1844 3100 ipsum,
1864 3061 1940 3093 unde
1953 3061 2048 3093 honor
2064 3062 2117 3092 erit
2131 3062 2166 3092 ei.

1297 3100 1328 3130 Si
1339 3110 1409 3130 vero
1423 3099 1571 3132 Dominus
1584 3111 1664 3131 meus
1677 3099 1743 3130 Rex
1757 3110 1828 3138 opus
1844 3100 1972 3131 habuerit
1985 3100 2022 3131 de
2032 3100 2146 3131 servitio
2167 3109 2236 3130 meo
2256 3100 2284 3129 in
2295 3110 2327 3131 a·

1259 3139 1300 3169 liis
1313 3140 1390 3170 terris
1403 3139 1470 3177 suis,
1487 3141 1602 3170 veniam
1612 3139 1646 3170 ad
1660 3139 1766 3180 ipsum,
1782 3138 1818 3168 ad
1832 3139 1998 3170 mandatiun
2012 3138 2109 3176 suum,
2127 3139 2165 3169 ita
2178 3137 2257 3177 quod
2270 3138 2327 3169 ho-

1259 3188 1314 3208 nor
1327 3178 1379 3208 erit
1391 3178 1416 3207 ei
1431 3179 1464 3209 δε
1477 3179 1548 3209 mihi
1562 3178 1597 3210 ad
1617 3176 1838 3218 perquirendum
1860 3179 1894 3210 &
1916 3176 2129 3209 defendendum
2144 3177 2205 3216 jura
2224 3177 2271 3208 sua
2289 3176 2325 3208 ad

1260 3215 1481 3291 cusssrplrgtterrxda
1496 3265 1551 3295 ego
1563 3255 1640 3285 bona
1653 3253 1710 3285 fide
1717 3255 1826 3293 juvabo
1835 3279 1845 3293 ,
1862 3265 1916 3294 pro
1932 3255 1942 3285 l
1980 3255 2061 3285 'timo
2076 3253 2156 3292 poffe
2170 3254 2325 3293 meo‚Re-

1258 3303 1325 3362 gem
1344 3292 1497 3337 Othonem
1517 3302 1654 3330 nepotem
1673 3292 1753 3337 suum
1778 3293 1863 3329 (salva
1884 3292 1940 3324 fide
1995 3290 2324 3337 ρῐῃίηοῑυφςυεοζυῑῐι)

1281 3342 1332 3376 um
1351 3331 1427 3375 idem
1449 3331 1516 3362 Rex
1538 3331 1621 3362 Otho
1635 3331 1717 3364 fuerit
1731 3332 1764 3363 ad
1778 3333 1797 3353 *²
1812 3331 1900 3363 fidem
1913 3331 2043 3371 praedicti
2054 3331 2179 3363 Domini
2193 3340 2251 3362 mei
2263 3329 2326 3361 Re-

1259 3370 1484 3447 glsElthpffiilesserea
1495 3409 1656 3447 perquiram
1671 3408 1765 3440 eidem
1782 3408 1917 3440 Domino
1940 3418 2009 3440 meo
2029 3408 2105 3449 Regi
2125 3406 2237 3451 Angliae
2259 3417 2326 3438 orn-

1260 3457 1308 3479 nes
1338 3448 1445 3477 amicos
1466 3447 1500 3478 δε
1522 3447 1665 3485 fautores,
1715 3447 1880 3485 uoscunque
1939 3456 2001 3479 tero
2020 3457 2073 3485 pro
2093 3446 2221 3482 legitimo
2243 3446 2326 3484 poffe

1260 3496 1346 3523 meo,
1363 3485 1398 3516 ad
1408 3486 1469 3523 jura
1482 3485 1527 3529 sua
1539 3487 1688 3524 perquiren
1709 3496 1739 3530 a,
1755 3487 1788 3516 &
1799 3485 1884 3517 defen
1904 3486 1992 3524 enda,
2007 3487 2041 3517 &
2059 3483 2094 3515 ad
2112 3483 2243 3527 inimicos
2262 3484 2328 3516 suos

1261 3523 1784 3600 esfflttti‘ctsssstmffiemra
1800 3521 2326 3598 santrtsssffisstssiie‘i

1260 3573 1297 3632 ξιῖ
1302 3601 1380 3671 1³tilpse
1389 3599 1505 3669 {iidie-lum
1518 3600 1614 3668 reddeit
1627 3610 1661 3631 ex
1676 3573 1750 3645 {30³
1758 3587 1808 3640 pe’r
1818 3574 1995 3634 voluntaptem
2007 3600 2041 3631 &
2054 3596 2218 3628 mandatum
2232 3597 2325 3637 suum,

1263 3649 1410 3707 cuossia
1429 3648 1497 3708 hgd:
1510 3640 1780 3714 {orgiiigika'eiideliter
1802 3676 1973 3710 observanda
1990 3674 2069 3705 taffis
2080 3673 2266 3706 Sacrosanetis
2284 3672 2326 3705 E·

1262 3715 1394 3756 vangeliis
1402 3716 1510 3754 juravi,
1523 3716 1556 3747 ὃ(
1569 3715 1635 3747 inde
1645 3716 1813 3759 subscriptos
1825 3715 1935 3748 obfides
1946 3713 2060 3752 inveni,
2074 3712 2194 3749 scilicet,

2347 3350 2398 3380 *L
2414 3352 2475 3387 146.

1300 3790 1450 3830 Ernulfiem
1455 3790 1579 3831 fratrem
1590 3805 1691 3833 meum,

1302 3830 1451 3868 Ernulfum
1459 3829 1552 3871 filium
1565 3834 1735 3871 Hermanni,

1300 3868 1454 3900 Gilbertum
1461 3868 1555 3910 filium
1571 3870 1689 3900 Walteri
1704 3867 1845 3909 Senescalli
1855 3871 1924 3907 mei,

1302 3907 1567 3948 Herbertumfilium
1580 3908 1726 3949 Castellani
1738 3909 1769 3938 de
1783 3910 1932 3946 Monteny,

1302 3946 1481 3976 Lambertum
1488 3945 1582 3986 filium
1597 3947 1743 3987 Castellam'
1758 3946 1789 3976 de
1801 3944 1936 3985 Brostam.

1303 3984 1478 4024 Godefridum
1513 3984 1577 4014 lium
1591 3985 1697 4026 castell.
1716 3985 1748 4016 de
1762 3987 1834 4021 ΕΜ,

1302 4026 1453 4056 Remerium
1488 4023 1553 4053 lium
1566 4025 1683 4054 Othonis
1696 4024 1727 4053 de
1742 4025 1853 4057 Burne,

1302 4064 1400 4095 Terric.
1415 4061 1506 4104 filium
1521 4062 1660 4095 willielmi
1671 4062 1703 4095 de
1716 4058 1890 4092 Petreshenn.
2264 4099 2335 4128 con-
