2570 4261
760 155 872 195 ET
953 157 1218 198 ACTA
1301 150 1776 203 PUssL'tcA.
2216 173 2295 217 207

1242 241 1357 286 lustrem
1374 242 1571 286 Domicellum
1587 246 1734 277 Alsonsum
1748 270 1757 285 ,
1783 247 1904 286 ejusdem
1918 246 2042 278 Domini
2055 246 2141 287 Regis
2152 248 2294 288 primoge—
2309 249 2384 279 Anti.
2398 242 2437 277 D„
2473 283 2477 288 ,

1241 291 1332 323 nituni
1352 287 1514 319 pi·aelentein
1530 306 1539 321 ,
1566 285 1599 313 &
1617 285 1748 315 illustrem
1769 285 1960 316 Domicellam
1979 287 2139 316 Alianoram
2155 309 2164 324 2
2186 288 2293 316 illustris
2332 288 2415 317 1282.

1242 320 1328 357 Regis
1343 320 1454 357 Angli-ae
1468 323 1701 360 primogenitam,
1717 334 1764 360 per
1779 325 1903 354 nobilem
1919 327 2010 354 virum
2021 325 2296 361 Dominumjohan-
2312 331 2376 354 Eat).
2395 335 2419 351 i.

0 239 66 271 Anii,
82 234 125 267 D-

6 275 93 309 1282.

0 316 56 344 ἱόν·
77 321 102 340 ¹·
139 323 188 357 De
211 323 417 357 Matrimonia
444 326 522 355 inter
543 322 760 356 Alexandrum
777 323 881 368 filium
908 328 994 371 Regis
1016 329 1136 367 Scotiae,
1161 327 1197 362 ὠ·

369 369 474 415 filiam
493 369 639 403 Gnidonis
656 374 779 404 Comitis
801 372 961 406 Flana'riae.

1240 368 1307 388 neni
1320 357 1356 387 de
1373 358 1479 396 vescy,
1497 358 1712 390 Procuratorem
1726 362 1845 399 ejuldcm
1862 363 2033 392 Domicellae
2051 363 2085 392 ad
2100 363 2157 392 hoc
2172 363 2294 402 speciali-

1241 404 1282 426 ter
1295 395 1477 433 destinatum,
1494 398 1610 427 nomine
1623 399 1742 435 ejusdem
1760 399 1931 430 Domicellae
1952 402 2167 430 contrahentem
2186 410 2235 440 pei·
2248 411 2293 431 ea-

169 448 172 450 -
343 455 348 461 .
542 455 547 460 .
962 460 967 465 ,
989 461 993 468 ,
1056 460 1060 464 .
1194 457 1200 463 .
1241 435 1307 464 dem
1322 435 1406 464 verba
1419 434 1454 464 de
1486 435 1588 464 raesenti
1633 436 1795 466 consensum
1811 438 1930 467 eiusdem
1951 439 2123 468 Domicellae
2137 449 2170 468 ex
2192 449 2295 469 rimen-

0 467 46 492 An.
66 470 109 488 ιο.
207 453 435 522 Xcellesstlsgmg
455 453 590 522 Dzmmo
616 454 666 522 {3:¹⁰
678 479 688 493 ν
711 455 853 500 Edwards)
866 480 890 510 π,
912 457 968 502 Dm
990 469 992 472 ’
1015 458 1079 489 tatia
1092 481 1102 496 ³
1126 457 1202 496 Reg¹
1243 474 1298 511 tia,
1316 481 1397 509 prout
1409 445 1661 511 jurappermitti’mr,
1680 474 1771 504 eidem
1786 469 1878 505 illustri
1894 476 2085 514 Domicellae,
2104 450 2190 514 vice?
2202 479 2299 507 nomi-

0 506 25 530 Ε.
46 509 69 526 ι.
207 493 338 532 Angliae,
390 502 417 522 [Π
436 501 478 536 ⁰³.
521 502 602 536 omes
622 533 625 536 .
641 493 753 538 landm?
773 494 957 538 &.M?¹¹Ch¹0
1010 506 1153 527 amufcen·
1169 497 1203 526 [Ρ
1243 521 1296 548 ne,
1314 512 1398 548 loco,
1414 511 1447 540 &
1462 511 1624 541 auctoritate
1639 512 1760 542 Domini
1774 513 1861 542 nostri
1877 514 1963 551 Regis
1973 515 2137 553 Aragonum
2151 516 2297 554 praediffl,

0 536 103 580 &undela
142 526 211 565 dffis
223 531 302 569 suus,
317 539 384 574 cum
398 539 480 573 Omm
493 530 666 575 Plemffldme
681 532 816 562 sesV1e0d1
830 533 952 579 sfflpsfflfn:
1011 574 1017 579 ,
1149 573 1154 577 .
1244 559 1296 586 pro
1309 550 1371 579 arris
1383 550 1416 579 &
1429 558 1550 579 arrarum
1564 550 1696 588 nomine,
1710 550 1807 580 damus
1821 552 1852 581 ὃς
1867 551 2033 588 assignamus
2044 553 2108 583 loca
2121 554 2235 584 inseritis
2247 563 2296 584 an-

0 576 113 604 brevium
181 567 261 598 Cum
276 576 490 598 matrimonium
505 569 637 599 celebrari
657 570 755 600 debeat
768 593 778 608 ,
805 571 873 601 sicut
892 572 963 602 scitis
1009 582 1081 603 inter
1099 571 1204 602 kanssi-
1245 595 1339 617 noma
1377 587 1478 617 scilicet

0 617 20 642 in
34 616 108 640 Turr.
146 615 229 636 mum
243 615 378 643 nepotem
394 606 518 637 vestrum
533 629 543 645 ,
567 607 730 638 Dominum
746 608 954 649 Alexandrum,
974 596 1097 641 Domini
1117 610 1204 649 Regis
1348 611 1357 624 '
1487 610 1496 625 ²

143 644 250 675 Scotiae
262 645 367 683 filium,
386 645 419 675 &
435 644 560 675 nostram
571 645 657 675 filiam
670 658 680 684 3
705 649 738 677 ὃς
752 649 782 677 iri
797 648 877 678 brevi
892 657 1000 686 tempus
1014 649 1096 679 instet
1109 671 1119 687 ,
1143 659 1203 687 quo

141 681 197 712 filia
212 682 307 713 nostra
320 684 395 713 mitti
406 682 504 712 debeat
517 682 551 712 ad
566 692 656 722 partes
670 684 776 715 Scotiae
786 709 795 724 ‚

177 720 383 752 Excellentiam
396 720 517 751 vestram
533 730 621 761 rogo,
639 731 775 761 quantum
792 724 921 763 possum,
939 725 972 755 Sc
989 726 1101 763 requiro
1111 748 1120 763 ,
1136 735 1205 764 qua-

139 767 220 789 tenus
234 759 333 791 vestrae
352 759 554 789 Dominationi
574 760 680 800 placeat
694 761 779 799 ipsam
797 762 881 792 liliam
899 763 1023 793 nostram
1039 786 1048 801 ,
1073 773 1141 793 cum
1161 764 1205 793 sua

141 797 262 835 familia,
280 798 424 828 transitum
440 807 490 838 per
505 805 594 828 totam
617 807 718 829 terram
740 800 861 831 vestram
879 800 1007 832 securum
1023 801 1123 834 habere
1139 813 1149 838 ·,
1171 811 1204 831 ac

143 835 264 875 aliquem
279 835 315 865 de
328 835 411 865 latere
425 834 519 866 vestro
536 845 604 866 cum
620 837 652 867 ea
673 837 807 869 destinare
821 862 831 877 ,
859 840 907 877 qui
927 840 1045 869 nomine
1059 839 1153 870 vestro
1173 840 1206 869 &

145 874 181 904 de
194 873 287 905 vestro
300 873 408 913 speciali
421 874 555 903 mandato
568 884 629 904 eam
638 898 647 913 ,
667 885 734 906 cum
747 877 790 906 sua
804 877 906 907 familia
916 901 924 915 ,
940 878 1034 908 secure
1046 878 1207 914 conducam

145 912 199 950 δε,
214 921 300 949 quem
314 911 457 942 destinatis
473 912 488 941 Ξι
501 913 599 951 vobis,
618 914 681 952 ipsae
698 914 760 944 filiae
774 915 878 945 nostrae
893 916 1027 946 London.
1044 917 1136 946 veniat
1152 916 1208 945 ob-

145 951 240 988 viam,
256 951 286 980 in
302 950 444 988 quindena
456 949 647 981 decollationis
664 953 736 983 beati
747 953 886 992 Johannis
899 978 909 991 ,
935 964 987 992 pro
1002 954 1057 994 ipsa
1075 952 1129 984 filia
1141 964 1208 983 nos-

147 997 207 1026 tra,
223 996 255 1018 ut
269 988 381 1019 dietum
395 989 451 1027 est,
471 989 677 1020 conducenda:

182 1026 310 1057 Tantum
322 1027 405 1066 inde,
422 1026 561 1058 karissime
576 1028 722 1067 Domine,
740 1029 821 1067 super
842 1030 898 1061 hoc
911 1041 964 1068 pro
982 1040 1028 1061 me
1042 1030 1133 1060 facere
1148 1029 1210 1069 dig-

145 1065 271 1103 nemini,
289 1073 321 1095 ut
333 1065 373 1096 ob
387 1066 445 1096 hoc
459 1075 531 1105 ego,
546 1067 594 1105 qui
608 1066 700 1098 vester
713 1067 774 1098 sum
783 1077 864 1108 ,erga
880 1069 1002 1099 vestram
1010 1068 1208 1099 Excellentiam

147 1103 237 1133 teneri
250 1104 352 1134 merito
365 1105 415 1133 lim
428 1105 582 1144 obligatus:

184 1140 241 1185 βε,
259 1141 296 1172 de
310 1141 366 1172 hoc
381 1143 451 1180 quid
468 1143 558 1174 facere
573 1143 730 1182 proponitis
744 1168 754 1183 ,
779 1144 867 1175 michi
884 1144 1031 1176 rescribere
1044 1142 1133 1175 vestra
1147 1142 1216 1173 Do-

98 1201 100 1204 .
149 1181 267 1210 minatio
281 1179 412 1218 dignetur
426 1182 482 1212 fine
499 1191 586 1211 mora.

188 1217 225 1250 Et
238 1218 326 1250 valeat
336 1218 426 1250 vestra
441 1219 614 1250 Dominatio
626 1230 677 1258 per
689 1227 818 1258 tempora
832 1220 968 1261 longiora.

211 1344 261 1376 De
274 1342 367 1388 fhlvo
387 1341 553 1384 conduma,
576 1353 632 1388 pro
646 1343 711 1385 filia
731 1342 876 1376 Gnidonis
895 1347 978 1378 Com.
998 1344 1166 1387 Flandriae,

284 1390 463 1425 Alexandro
477 1393 566 1437 Regis
577 1395 674 1425 Scotiae
690 1394 884 1438 primogenito
902 1392 1090 1426 maritanda.

1279 625 1406 663 jaciam,
1424 623 1617 663 Barbastrum,
1634 625 1746 656 Lunam
1761 627 1793 656 &
1808 625 1959 657 Pertusiam
1973 650 1981 665 ,
2009 638 2075 658 cum
2090 629 2223 660 omnibus
2236 629 2300 660 Vil-

1245 663 1293 701 lis,
1310 663 1419 701 Aldeis,
1438 663 1554 701 Pechis,
1576 663 1746 701 Moneticis,
1760 665 1867 702 Judaeis
1887 666 1919 695 δε
1935 665 2088 696 Sarracenis
2106 668 2211 697 ibidem
2225 668 2303 698 habi-

1244 702 1365 732 tantibus
1380 724 1390 740 ,
1414 702 1447 731 δε
1466 703 1494 731 in
1514 700 1657 741 posterum
1675 702 1857 742 habitaturis,
1880 705 1931 733 alta
1946 705 1979 734 ὃς
1997 705 2069 734 baffi
2082 705 2183 742 justitia
2197 729 2207 744 ,
2232 716 2303 736 vero

1246 741 1329 770 etiam
1344 741 1377 770 ὃς
1392 739 1481 769 mixto
1495 741 1630 777 imperio,
1648 750 1715 770 cum
1726 742 1858 771 omnibus
1873 742 2025 781 homagiis,
2044 742 2232 781 fidelitatibus,
2251 745 2305 774 sera

1246 779 1334 815 vitiis,
1353 779 1455 815 caenis,
1471 779 1503 808 ὃς
1517 778 1573 808 aliis
1587 780 1720 808 omnibus
1733 781 1904 818 pertinentiis
1919 801 1928 818 ,
1953 781 1986 810 ad
2005 781 2079 810 dicta
2099 781 2160 811 loca
2173 805 2182 819 ,
2205 783 2249 812 seu
2268 781 2305 812 ad

1247 815 1409 846 dominium
1424 816 1623 853 praedic‘torum
1635 817 1782 856 locorum,
1803 828 1920 856 quoquo
1935 819 2024 849 modo
2036 818 2236 858 speetantibus,
2256 830 2306 850 cu-

1245 854 1410 893 juscumque
1421 854 1536 891 servitii,
1550 855 1742 894 expletamenti
1751 878 1760 893 ,
1776 857 1918 896 nominis,
1935 857 1979 887 seu
1992 857 2161 887 conditionis
2174 859 2307 896 existant,

1248 893 1313 923 licet
1329 892 1480 928 specialiter
1503 892 1605 922 liabent
1626 895 1768 923 nominari
1786 906 1796 931 3
1817 895 1901 924 nichil
1924 895 2044 924 dominii
2069 896 2114 925 vel
2133 898 2308 935 proprietatis

1249 930 1387 968 praedicto
1396 930 1531 959 Domino
1547 930 1645 960 nostro
1660 931 1734 970 Regi
1749 933 1857 969 penitus
1870 933 2033 971 retinentes,
2053 935 2146 963 immo
2160 935 2257 964 eadem
2272 935 2309 964 ab

1249 970 1308 1005 ipso
1321 968 1440 998 totaliter
1454 967 1634 1006 abdicamus,
1651 971 1784 1008 quamdiu
1802 971 1900 1000 eadem
1917 971 2076 1001 Domicella
2097 972 2228 1008 praedidia
2247 973 2310 1002 loca

1251 1007 1387 1043 tenuerit,
1404 1005 1448 1035 seu
1468 1014 1561 1035 tenere
1580 1007 1724 1045 debuerit,
1742 1008 1896 1038 secundum
1915 1009 2038 1039 formam
2058 1010 2243 1049 aflignationis
2259 1011 2312 1040 hu-

1249 1044 1372 1084 jusmodi
1388 1044 1436 1073 sibi
1450 1043 1546 1080 fa&ae;
2309 1061 2312 1065 .

1293 1083 1312 1102 ²*
1332 1081 1490 1119 Habenda,
1509 1080 1629 1111 tenenda
1644 1082 1676 1112 &c
1691 1082 1852 1120 possidenda
1868 1093 1916 1120 per
1931 1080 2016 1121 ipsam
2031 1084 2223 1116 Domicellam
2238 1110 2248 1125 ,
2271 1086 2316 1117 vel
2333 1087 2458 1114 ³*II-mh

1256 1119 1426 1151 Mandatum
1440 1120 1537 1157 suum,
1556 1120 1692 1158 praedieto
1705 1121 1850 1150 constante
1865 1123 2048 1152 matrimonio
2060 1145 2070 1160 ,
2095 1124 2128 1153 &
2144 1126 2226 1154 etiam
2242 1125 2316 1155 solu·-

1256 1167 1305 1198 to,
1323 1159 1343 1188 si
1359 1158 1412 1195 ipsa
1425 1158 1600 1196 supravixerit
1617 1182 1626 1194 .,
1650 1159 1705 1188 sive
1719 1159 1750 1188 lit
1768 1159 1797 1188 in
1816 1158 1921 1198 Regno
1940 1160 2063 1199 Aragon.
2083 1162 2138 1190 sive
2152 1172 2241 1199 extra,
2260 1165 2315 1193 sive

1258 1198 1292 1227 sit
1307 1197 1406 1235 vidua,
1419 1197 1474 1227 sive
1487 1198 1649 1235 conjugata,
1662 1197 1696 1227 ad
1709 1197 1883 1227 voluntatem
1897 1198 1971 1228 suam
1985 1198 2050 1228 inde
2062 1198 2217 1229 faciendum
2226 1223 2235 1238 ,
2249 1211 2316 1231 cuin

1261 1236 1394 1265 omnibus
1407 1234 1545 1264 fructibus
1559 1257 1568 1272 ,
1587 1234 1756 1273 redditibus,
1774 1236 1806 1266 δε
1828 1237 1943 1265 exitibus
1958 1236 1994 1265 de
2009 1237 2089 1266 dietis
2103 1237 2172 1266 locis
2185 1240 2217 1267 δε
2234 1241 2318 1277 perti-

1261 1274 1361 1304 nentiis
1375 1273 1540 1303 eorumdem
1553 1295 1562 1310 ,
1587 1282 1703 1313 quoquo
1724 1273 1814 1303 modo
1828 1283 1863 1303 ex
1884 1284 1959 1304 nunc
1980 1274 2103 1304 levandis
2119 1278 2150 1305 ὃς
2166 1279 2318 1316 percipien-

1261 1313 1320 1350 dis,
1339 1312 1441 1342 eisdem
1456 1312 1486 1341 in
1500 1311 1602 1340 sortem
1617 1310 1661 1342 seu
1672 1312 1839 1342 solutionem
1851 1312 1922 1342 dotis
1937 1313 2056 1342 minime
2069 1315 2252 1352 computatis,
2267 1315 2320 1345 do-

1262 1361 1316 1380 nec
1331 1351 1366 1380 de
1379 1350 1556 1389 quadraginta
1571 1349 1680 1380 milibus
1696 1350 1774 1380 Libr.
1789 1351 1935 1387 nigrorum
1943 1351 2052 1381 Turon.
2067 1361 2137 1390 quos
2149 1352 2246 1382 eadem
2256 1353 2320 1383 Do-

1263 1389 1374 1419 micella
1387 1388 1467 1419 affert
1481 1388 1616 1426 praedicto
1631 1389 1692 1418 viro
1712 1389 1761 1418 suo
1776 1390 1803 1418 in
1818 1389 1919 1419 dotem
1938 1389 1982 1419 seu
1998 1390 2189 1428 maritagiuni,
2206 1392 2237 1421 ὅ(
2253 1393 2322 1425 libe->

1262 1429 1333 1457 ravit
1345 1427 1454 1463 eidem,
1471 1427 1516 1456 vel
1530 1426 1664 1457 Domino
1684 1427 1759 1466 Regi
1776 1427 1898 1465 fxi-agon.
1917 1429 2034 1457 nomine
2055 1429 2180 1465 praedidli
2196 1428 2321 1460 Domini

9 1482 78 1513 Anu
103 1480 135 1511 D
226 1474 260 1506 U
271 1474 309 1504 M
328 1475 369 1506 G·
383 1474 493 1506 Comes
506 1475 642 1506 Flandriae
656 1476 689 1507 &
703 1475 816 1506 March.
831 1476 972 1507 Namurc·
987 1477 1071 1507 finam
1082 1477 1157 1508 suam
1172 1489 1225 1516 pro
1267 1465 1403 1502 Alplionsi
1418 1465 1467 1508 silii
1480 1464 1518 1507 sui
1533 1464 1626 1494 mariti
1641 1465 1762 1504 ejusdem
1779 1464 1967 1504 Domicellae,
1986 1475 2112 1507 tempore
2126 1468 2323 1507 traductionis,

33 1505 117 1550 123'2.
139 1504 145 1511 ⁴
227 1514 428 1551 matrimonio,
446 1515 518 1544 inter
533 1515 619 1553 ipsam
634 1515 667 1545 ὃς
684 1523 819 1552 nepotem
834 1514 921 1554 Regis
937 1515 1128 1546 Alexandrum
1138 1539 1147 1555 2
1167 1517 1228 1546 Re-
1267 1504 1348 1548 Plesse
1361 1505 1440 1545 furem
1454 1502 1630 1546 s³F¹⁵f³ffl³mf
1789 1551 1795 1556 ⁴
1961 1552 1967 1557 ,
2015 1544 2019 1548 .
2315 1510 2319 1513 ‚

13 1564 66 1588 An.
86 1569 128 1586 10,
161 1552 203 1590 gis
221 1551 327 1583 Scotiae
340 1551 449 1583 illustris
464 1554 686 1592 primogenitum
702 1576 711 1591 ,
737 1554 910 1584 celebrando
924 1577 933 1592 ,
957 1554 993 1585 ad
1013 1564 1101 1592 partes
1121 1555 1228 1585 Scotiae
1302 1542 1357 1580 ht,
1377 1545 1396 1572 ¹¹
1413 1541 1532 1571 sedemus
1548 1563 1557 1579 ³
1580 1549 1668 1594 exitus
1684 1563 1693 1579 ²
1710 1541 1747 1585 ,ὃς
1763 1550 1916 1580 Ε”ΟΨῑἪΠᾸΞ
1935 1542 2134 1587 ΡῙἙάῙᾶἶΟΓΠΨ
2150 1552 2266 1588 ΨῙΉΡῙΟΥ
2280 1544 2325 1576 10*

12 1602 42 1626 E.
68 1607 89 1625 ι.
162 1598 212 1627 per
225 1598 327 1621 terram
342 1589 431 1630 Regis
445 1591 554 1621 duxerit
567 1592 821 1629 transmittendam,
1267 1591 1369 1611 corum
1379 1604 1393 1624 ³.
1407 1581 1440 1611 ὃς
1455 1589 1553 1609 eorum
1568 1587 1814 1623 pertinentiarum,
1828 1590 1887 1623 non
1902 1583 2024 1625 valerent
2032 1583 2146 1625 §lingulis
2158 1593 2325 1627 aiiiiis,‘uno

12 1639 71 1664 Par.
91 1644 135 1662 10.
200 1627 370 1659 Mandatum
386 1628 427 1659 est
440 1630 574 1659 omnibus
591 1629 716 1667 BalliviS,
735 1631 796 1660 &c.
814 1630 909 1669 quod,
928 1640 997 1660 curn
1011 1629 1143 1661 homines
1156 1641 1228 1670 ρης.
1268 1629 1336 1648 cum
1352 1619 1406 1649 aliis
1421 1627 1487 1648 com
1509 1626 1601 1662 utato,
1621 1618 1746 1648 dedueflis
1759 1622 1897 1665 expenlis,
1917 1628 1967 1649 tria
1981 1620 2054 1650 inilia
2071 1621 2215 1665 Librarum
2230 1632 2326 1661 nigro-

15 1677 45 1701 Ε,
68 1682 92 1701 1,
161 1665 211 1696 fati
226 1666 368 1705 Comitis,
387 1677 456 1699 cum
468 1667 524 1698 filia
536 1667 583 1698 sua
598 1667 732 1705 praedicit-*i
748 1691 757 1706 ,
780 1678 828 1706 per
844 1669 916 1706 ipsos
931 1669 1073 1699 transitum
1093 1669 1228 1707 fecerint,
1269 1667 1332 1688 sum
1346 1657 1458 1688 Turon·
1513 1666 1626 1686 ommus
1646 1656 1709 1686 Rex
1723 1657 1888 1695 praedmhffi’
1907 1658 1939 1687 ὃ(
1961 1668 2011 1687 ¹¹0⁵
2026 1680 2035 1695 ³
2057 1668 2174 1689 nomme
2189 1660 2326 1704 eJUsdfflb

19 1712 91 1741 m.6.

15 2026 78 2056 ¹⁸11.
88 2036 151 2057 210.

19 2273 98 2306 LAnn.
108 2271 150 2302 D.

40 2313 124 2342 1282.

161 1713 225 1773 ἓοᾳ
240 1705 375 1744 inferant,
390 1706 451 1737 &c.
465 1705 503 1737 set
518 1707 611 1745 potius
624 1706 730 1737 salvum
742 1707 775 1737 ὅ(
789 1707 917 1737 securum
938 1707 1115 1738 condu&um
1129 1707 1230 1738 habere

174 1751 273 1773 dcmsst.

209 1779 341 1812 Duratur.
360 1781 444 1822 usque
461 1782 497 1813 ad
516 1782 632 1813 Festum
650 1783 784 1813 omniurn
805 1782 976 1814 Sanetorum
998 1785 1131 1824 proximo
1153 1783 1229 1814 futu-

164 1828 240 1849 xum.

196 1894 286 1927 Teste
300 1896 383 1936 Rege
397 1897 471 1936 apud
486 1897 640 1930 Rothelan.
655 1897 811 1929 undecimo
824 1898 869 1929 die
883 1898 1014 1940 Augusti.

165 2026 193 2054 *ἒ
215 2033 299 2063 Petri
316 2032 402 2077 Regis
420 2033 601 2077 Aragonum
625 2033 729 2065 Literae
752 2029 788 2064 de
814 2031 1024 2076 Pleni'potentia
1042 2032 1134 2077 fhper
1152 2035 1235 2065 Ma-

214 2081 355 2112 trimonio
383 2078 579 2112 contrahendo
605 2083 683 2112 inter
701 2078 865 2123 Alfonfitm
887 2079 1002 2112 Filium
1027 2079 1158 2125 ejusdem
1175 2083 1235 2112 Re-

202 2131 274 2174 gis,
299 2129 337 2164 ὠ·
358 2127 544 2160 Alianoram
565 2127 681 2160 Filiam
704 2130 792 2175 Regis
809 2128 937 2174 Angliae.

206 2174 284 2209 inde
294 2174 428 2220 fiemus.

994 2130 1038 2160 Et
1061 2129 1235 2161 Commfins

168 2259 392 2322 UNiversis‚
409 2259 444 2291 ad
458 2271 528 2301 quos
542 2262 688 2302 praesentes
723 2261 900 2300 ervenerint,
912 2261 1081 2300 Bernardus,
1100 2261 1160 2292 Dei
1174 2271 1236 2301 gra-

246 2297 301 2336 tia,
317 2298 540 2330 Tarachonenfis
555 2301 690 2338 Archiepi
702 2306 809 2344 copus,
826 2300 1044 2345 &jarbericus,
1061 2299 1180 2339 eadem,
1196 2300 1237 2331 E,

172 2577 379 2640 NOverint
392 2577 510 2608 universi
526 2578 604 2618 quod
617 2588 687 2617 nos,
706 2577 803 2614 Petrus
816 2602 827 2617 ,
851 2579 911 2611 Dei
930 2579 1032 2619 gratis,
1049 2578 1116 2609 Rex
1130 2579 1239 2619 Arago-

257 2626 328 2646 num
344 2639 355 2655 ,
375 2616 472 2647 damus
492 2616 526 2646 &
548 2617 732 2647 concedimus
752 2618 834 2648 vobis
856 2618 1058 2650 venerabilibus
1080 2618 1240 2656 BemardO,

173 2665 224 2695 per
237 2655 373 2694 eandem,
392 2655 614 2693 Archiepiscopo
627 2655 852 2686 Terrachonensi
861 2679 871 2695 ,
887 2657 920 2687 &
931 2656 1094 2694 Jarberico,
1111 2666 1160 2695 per
1174 2667 1241 2687 ean-

174 2694 256 2730 dem,
273 2693 417 2731 Episcopo
437 2693 607 2732 Valentino,
625 2694 742 2734 plenum
765 2694 846 2732 polle
862 2695 940 2732 quod
952 2719 962 2733 ‚
989 2695 1153 2725 infimitate
1173 2706 1241 2726 nos-

175 2731 218 2762 tra
231 2732 265 2762 &
277 2731 346 2762 loco
362 2731 475 2770 nostri,
499 2732 605 2771 possitis
625 2732 782 2763 consentire
802 2733 831 2763 su
852 2743 881 2762 er
896 2734 1078 2764 matrimonio
1094 2756 1103 2772 ,
1129 2743 1241 2764 contra-

175 2769 273 2800 hendo
284 2771 357 2800 inter
369 2769 539 2800 cariffimum
553 2771 774 2809 primogenitum
789 2774 839 2801 nol
855 2780 917 2802 rum
931 2772 1067 2802 infantem
1077 2772 1243 2811 Alfonsum‚

177 2809 211 2839 &
225 2808 389 2838 Alienoram
404 2809 624 2853 primovenitam
643 2809 752 2839 illustris
767 2809 856 2849 Regis
868 2809 998 2849 Angliae,
1012 2809 1056 2840 seu
1072 2809 1244 2841 Procurato-

143 2852 146 2857 '
178 2856 220 2877 res
232 2846 351 2885 ejusdem
366 2846 471 2886 Regis,
510 2856 521 2864 ⁷
535 2847 658 2887 ejusdem
674 2847 835 2886 Alienorae,
852 2849 886 2879 ad
899 2848 958 2879 hoc
973 2849 1124 2886 specialiter
1137 2850 1244 2880 consti-

180 2893 255 2917 tutos
263 2897 273 2923 3

216 2923 255 2954 Et
270 2922 347 2990 ‹ffuod
361 2924 481 2953 nomine
494 2923 593 2955 nostro
607 2924 713 2964 possitis
725 2924 856 2965 assignare
872 2933 946 2955 certa
959 2924 1023 2956 loca
1032 2949 1042 2963 ,
1061 2924 1159 2956 Castra
1173 2926 1243 2956 scili-

180 2970 226 2992 cet
239 2971 274 2992 ve
297 2961 400 2999 Villas,
418 2960 454 2991 de
467 2961 573 3001 Regno
585 2962 702 3001 nostro,
720 2974 772 3004 pro
786 2964 864 2994 Arris
882 2963 966 2993 dic'tae
978 2963 1123 2994 Alien‘orae
1137 2965 1243 2995 consti-

181 2999 290 3029 tuendis
301 2999 336 3029 ad
350 2999 581 3030 consuetudinem
588 3001 684 3040 Regni
698 3001 806 3040 nostri,
825 3003 859 3033 &
872 3002 996 3041 obligare
1010 3012 1062 3040 pro
1077 3002 1161 3042 dote,
1180 3014 1242 3041 quae

181 3038 301 3067 nomine
314 3037 435 3075 ejusdem
452 3037 595 3068 Alienorae
618 3039 725 3070 dabitur
739 3064 748 3079 ,
773 3049 850 3071 certa
867 3040 931 3071 loca
947 3040 1159 3072 Dominationis
1178 3052 1244 3072 nos-

181 3084 251 3114 trae,
268 3083 353 3115 prout
364 3075 433 3107 dieti
443 3074 643 3107 Procuratores
657 3087 776 3118 eorum,
793 3088 828 3110 ex
843 3078 1001 3118 praedietis,
1019 3079 1055 3111 de
1067 3081 1131 3111 arris
1145 3081 1178 3112 δε
1191 3080 1244 3110 do-

182 3123 211 3145 te
223 3113 352 3144 duxerint
366 3113 537 3153 eligendum.

220 3151 309 3197 Super
329 3152 429 3191 quibus
443 3153 578 3183 omnibus
598 3163 651 3184 vos
671 3154 867 3187 constituimus
887 3155 1090 3188 Procuratores
1104 3166 1196 3188 certos
1212 3158 1245 3188 &

183 3190 312 3229 speciales
327 3189 492 3221 nostrorum
507 3213 517 3229 ,
542 3191 638 3222 dantes
653 3193 686 3222 δε
701 3194 889 3225 concedentes
908 3195 990 3226 vobis
1002 3217 1013 3234 ‚
1035 3196 1081 3226 vel
1094 3196 1172 3227 alteri
1184 3206 1245 3226 ves-

183 3228 263 3298 tcrtsim
277 3238 327 3268 per
342 3228 369 3259 se
384 3251 394 3267 ‚
415 3228 528 3268 plenam
542 3228 710 3268 potestatem
723 3230 802 3269 super
819 3234 952 3264 omnibus
972 3234 1005 3264 ὃς
1019 3234 1130 3274 singulis
1144 3234 1246 3275 praedi-

215 3276 312 3298 orum·

220 3305 258 3336 Et
276 3291 466 3350 pr’omittimus
480 3327 490 3344 2
514 3303 644 3350 Notario
661 3306 836 3346 infrascripto
854 3309 994 3351 stipulanti
1009 3334 1019 3348 ,
1046 3312 1166 3341 nomine
1184 3311 1247 3341 illo-

186 3354 268 3382 rum,
287 3353 410 3382 quorum
425 3343 554 3382 interest,
573 3344 722 3383 quicquid,
742 3356 790 3383 per
803 3357 853 3378 vos
866 3349 910 3378 vel
925 3349 1042 3380 alterum
1063 3349 1190 3380 vestrum
1204 3350 1247 3379 su-

185 3392 236 3421 per
249 3382 396 3422 praerniffis
407 3381 490 3412 fuerit
503 3383 682 3422 ordinatum,
699 3392 790 3419 ratum
802 3386 835 3418 δε
848 3386 964 3417 firmum
977 3387 1098 3427 habere,
1117 3389 1151 3419 &
1166 3388 1246 3419 nullo

187 3429 317 3459 tempore
330 3429 471 3452 revocare.

224 3496 293 3528 Dat.
308 3495 382 3534 apud
399 3496 651 3540 Portumssangos.
667 3498 733 3531 Kal.
744 3499 821 3538 Junii
833 3523 843 3540 ,
866 3512 943 3533 atino
959 3501 1084 3535 Domini
1099 3504 1246 3535 millesimo

189 3536 384 3571 ducentesimo
399 3536 591 3576 offituagelimo
603 3536 735 3570 secundo.

225 3613 345 3655 Signum
358 3612 452 3652 Petri,
468 3611 527 3643 Dei
539 3613 643 3653 gratia,
659 3614 749 3655 Regis
762 3613 937 3655 Aragonum.

204 3728 212 3734 ·
227 3690 334 3734 Testes
344 3692 404 3722 sunt
416 3689 562 3721 Rodricus
577 3690 670 3721 Exim.
684 3690 720 3721 de
734 3690 836 3730 Luna,
852 3691 1022 3726 Procurator
1035 3695 1132 3736 Regni
1145 3696 1249 3728 Valen-

193 3735 240 3760 tiae
247 3751 259 3769 ,
275 3729 456 3760 Guilebertus
468 3728 505 3759 de
517 3728 655 3760 Crudeliis
664 3753 673 3768 ,
689 3730 722 3761 &
734 3729 878 3768 Johannes
891 3731 926 3762 de
938 3732 1088 3765 Prochida.

229 3793 352 3848 Signum
365 3806 442 3838 Petri
455 3805 605 3837 Marthusii
619 3806 758 3845 scriptoris
766 3806 892 3838 Domini
905 3807 1010 3848 Regis,
1025 3812 1058 3842 ὃς
1067 3811 1184 3842 Notarii
1199 3823 1253 3851 pu-

195 3841 330 3886 blici-per
347 3853 436 3876 uotam
456 3843 696 3876 Dominationem
715 3844 811 3884 suam,
835 3846 884 3885 qui
903 3847 1036 3878 mandato
1057 3850 1178 3888 ejusdem
1196 3853 1253 3882 hoc

197 3880 280 3911 scribi
293 3881 377 3923 feeit,
394 3883 428 3914 δε
442 3883 554 3921 clausit,
571 3883 656 3923 loco,
669 3883 733 3922 die,
752 3884 786 3917 &
800 3893 876 3915 anno
890 3884 1018 3921 praefixis.

235 3945 304 3986 Nos
317 3965 425 3997 autern,
445 3959 680 4001 Archiepiscopus
694 3983 703 3998 ,
726 3960 761 3990 &
782 3959 935 3999 Episcopus
957 3962 1083 3998 praedieti
1097 3987 1106 4002 ,
1131 3965 1254 4002 ejusdem

199 3994 325 4025 Domini
332 3995 420 4034 Regis
434 3999 570 4029 mandatis
583 4008 678 4038 parere
692 3999 834 4036 volentes,
849 3999 951 4030 virtute
963 4000 996 4030 &
1011 4002 1172 4033 audioritate
1186 4014 1257 4040 prae-

201 4033 273 4065 dieti
284 4033 424 4073 mandati,
437 4037 585 4069 contraelo
600 4038 785 4069 matrimonio
798 4047 846 4075 per
858 4037 942 4069 verba
954 4037 989 4068 de
1001 4039 1126 4077 praesenti
1141 4042 1211 4071 inter
1226 4042 1258 4071 il-

1269 1705 1415 1734 tenemur,
1434 1695 1517 1734 usque
1530 1695 1563 1725 ad
1576 1694 1800 1734 supplementum
1818 1695 1902 1725 dicstae
1916 1697 2071 1735 quantitatis
2084 1720 2093 1735 ,
2114 1698 2204 1727 eidem
2221 1698 2327 1728 Domi-

1268 1735 1347 1765 cellae
1357 1758 1366 1772 ,
1383 1734 1429 1764 vel
1439 1735 1496 1772 ejus
1510 1732 1705 1771 Procuratori,
1722 1733 1861 1764 reliduum
1875 1736 1902 1763 in
1918 1743 1987 1764 terra
2002 1735 2106 1774 praefati
2127 1736 2250 1766 Domini
2266 1737 2328 1767 Re·-

1269 1774 1309 1812 gis
1346 1775 1374 1802 in
1391 1773 1458 1802 locis
1474 1772 1725 1809 convenientibus,
1740 1771 1880 1811 assignare.

1333 1821 1444 1842 raeterea
1466 1820 1518 1847 pro
1538 1811 1677 1847 praedi&is
1695 1809 1871 1850 quadraginta
1895 1811 2004 1841 milibus
2026 1811 2159 1842 librarum
2184 1814 2328 1852 nigronim

1271 1849 1382 1880 Turon.
1399 1849 1532 1879 habendis
1548 1849 1580 1879 &
1598 1848 1791 1888 recuperandis
1805 1871 1815 1886 ,
1839 1849 1858 1878 fi
1874 1848 2023 1889 praedicstus
2042 1850 2115 1880 casus
2135 1850 2216 1881 soluti
2236 1853 2330 1882 matri⁴

1273 1889 1364 1918 monii
1387 1888 1573 1925 supervenerit
1588 1909 1598 1925 ,
1621 1888 1712 1917 eidem
1729 1886 1901 1917 Domicellae
1915 1910 1925 1926 ,
1948 1888 1981 1918 &
2000 1889 2115 1926 praefato
2132 1889 2266 1920 Domino
2277 1890 2330 1928 Jo-

1272 1926 1357 1956 hanni
1370 1927 1407 1957 de
1423 1925 1532 1964 Vescy,
1550 1925 1727 1956 Procuratori
1740 1925 1835 1964 ipsius,
1854 1928 1971 1956 nomine
1985 1928 2179 1964 procuratorio
2192 1938 2242 1965 pro
2256 1929 2311 1968 ipsa
2321 1952 2332 1968 ,

1272 1966 1336 1996 vice
1346 1987 1359 2003 0
1381 1966 1515 2001 nomine,
1532 1964 1601 1994 loco
1621 1965 1654 1995 &
1672 1965 1832 1995 auctoritate
1851 1964 1973 2003 ejusdem
1995 1965 2116 1995 Domini
2134 1966 2222 1996 nostri
2243 1967 2330 2005 Regis

1273 2003 1439 2043 Aragonum
1470 2002 1642 2041 obligamus,
1657 2003 1735 2032 simul
1751 2012 1818 2032 cum
1832 2003 1888 2033 aliis
1899 2012 2018 2042 quatuor
2032 2004 2102 2034 locis
2114 2006 2265 2041 praedietis,
2280 2007 2332 2037 alia
2370 2026 2376 2029 -

1275 2042 1333 2074 duo
1348 2042 1411 2073 loca
1426 2025 1526 2072 C'astra
1539 2041 1572 2071 &
1587 2040 1671 2071 Villas
1687 2040 1856 2081 infrascripta
1867 2064 1877 2080 ,
1903 2042 2004 2080 silicet,
2021 2041 2174 2072 Turolium
2188 2044 2220 2073 &
2237 2043 2332 2074 Daro-

1275 2082 1374 2119 cham,
1394 2090 1461 2111 cum
1471 2079 1604 2110 omnibus
1616 2080 1664 2110 suis
1675 2080 1781 2119 juribus
1797 2082 1829 2111 δε
1845 2081 2015 2117 pertinentiis
2029 2103 2037 2117 ,
2063 2081 2092 2110 in
2112 2081 2201 2111 forma
2218 2083 2250 2112 &
2267 2091 2334 2112 mo·
2361 2101 2364 2105 ·

1276 2119 1330 2158 do,
1349 2128 1432 2157 prout
1445 2118 1563 2156 superius
1575 2118 1610 2147 de
1623 2119 1679 2148 aliis
1690 2126 1808 2158 quatuor
1822 2118 1892 2148 locis
1906 2119 2092 2157 exprimitur5
2119 2120 2175 2150 hoc
2194 2129 2331 2160 excepto,

1276 2158 1352 2198 quod
1374 2158 1447 2188 dies&
1475 2156 1637 2187 Domicella
1661 2165 1729 2188 tunc
1750 2158 1844 2197 primo
1863 2156 1969 2187 fruetus
1991 2158 2189 2197 praeditstorum
2209 2158 2331 2189 duorum

1276 2197 1407 2228 locorum
1421 2197 1562 2236 percipere
1581 2196 1738 2234 inciperet,
1762 2195 1782 2225 si
1795 2196 2006 2226 matrimonium
2029 2197 2178 2234 contigerit
2196 2196 2251 2226 esse
2264 2197 2334 2229 solu*

1277 2244 1351 2266 tum:
1369 2235 1582 2274 obligationem
1595 2242 1690 2265 tamen
1703 2233 1909 2272 &juramenta
1923 2233 2058 2265 fidelitatis
2078 2244 2111 2264 ex
2126 2244 2201 2265 nunc
2222 2236 2334 2273 recipiet

1278 2274 1348 2314 ipsa,
1366 2273 1411 2304 vel
1426 2275 1483 2311 ejus
1501 2281 1682 2312 procurator,
1700 2274 1733 2303 &
1747 2272 1935 2303 obedientiam
1948 2296 1958 2311 ,
1982 2274 2010 2302 in
2024 2273 2086 2303 casu
2106 2273 2242 2311 praedifto
2256 2273 2335 2304 soluti

1279 2313 1469 2350 matrimonii,
1486 2312 1500 2341 a
1514 2311 1625 2342 subditis
1637 2312 1779 2343 dictorum
1796 2312 1942 2349 locorum,
1958 2312 2028 2342 sicut
2041 2311 2075 2342 de
2090 2321 2206 2350 quatuor
2221 2313 2277 2342 aliis
2291 2313 2336 2342 lo·—

4 2373 5 2376 ,
19 2355 72 2380 An·
94 2360 135 2377 10.
168 2335 295 2378 piscopus
309 2336 465 2377 Valentiae,
481 2339 596 2383 salutem
610 2340 639 2370 in
656 2349 709 2376 eo,
727 2348 776 2382 qui
791 2337 833 2383 est
847 2348 981 2383 omniurn
994 2349 1062 2370 vera
1074 2338 1150 2369 salus.
1278 2352 1317 2382 cis
1330 2351 1448 2390 saperius
1460 2350 1618 2380 nominatis.
2333 2367 2337 2369 i

20 2393 50 2417 E.
74 2399 98 2416 i.
205 2374 376 2421 Mssndafflm
391 2375 521 2423 ‚Dofnim
542 2377 629 2407 ”Ostri
641 2400 652 2415 ²
676 2377 735 2408 Del
750 2376 836 2416 grana
849 2400 861 2416 2
884 2376 972 2416 Regffi
992 2381 1172 2416 Aragmm'f':
1189 2388 1236 2407 ⁷³⁰5
1314 2389 1368 2428 Et,
1387 2390 1405 2419 fi
1420 2388 1549 2420 eamdem
1562 2388 1756 2419 Domicellam
1770 2388 1826 2419 fine
1839 2388 1928 2418 liberis
1946 2388 2018 2418 mori
2033 2388 2195 2427 contigerit,
2216 2396 2271 2419 tora
2287 2388 2338 2420 dos

20 2431 51 2455 L.
76 2430 112 2454 A.
122 2426 150 2465 f.
170 2413 288 2454 ’'ecel’ff'
300 2421 432 2444 '‘wem‘'
444 2427 474 2445 ¹⁷³
489 2415 545 2445 ΙΨ
557 2414 663 2445 verba:
1277 2428 1312 2458 ad
1325 2427 1437 2459 Patrem
1452 2427 1550 2465 suum,
1567 2428 1651 2458 silicet
1666 2427 1832 2458 Dominum
1851 2426 1963 2465 Regem
1979 2427 2106 2465 Angliae,
2124 2427 2168 2458 vel
2182 2426 2337 2458 Haeredem

6 2475 96 2531 ἔξω
103 2465 129 2492 b.
414 2497 591 2528 procuratio
606 2495 691 2527 Petri
708 2495 795 2540 Regis
814 2494 981 2540 Aragoniae.
1279 2467 1357 2534 smiirrt¹
1367 2474 1531 2544 psgegzigteutii
1546 2502 1629 2541 dote,
1647 2512 1697 2541 per
1712 2503 1802 2543 ipsum
1817 2503 1981 2534 Dominum
2002 2502 2115 2542 Regem
2136 2502 2246 2543 Angliae
2260 2527 2269 2542 ‚
2293 2504 2339 2535 vel

22 2545 157 2571 Camerar.

1278 2542 1431 2574 Haeredem
1450 2543 1530 2573 suum
1551 2543 1581 2571 in
1600 2541 1661 2571 casu
1679 2542 1818 2581 praedifto
1838 2541 2023 2580 recuperanda
2037 2564 2046 2580 ,
2071 2542 2226 2581 obligamus
2245 2543 2338 2573 eidem

1281 2581 1416 2612 Domino
1430 2581 1521 2619 Regi,
1541 2580 1574 2609 &
1589 2579 1704 2611 Haeredi
1720 2582 1787 2619 suo,
1805 2580 1934 2618 praediCta
1954 2579 1999 2609 sex
2013 2580 2076 2610 loca
2090 2603 2100 2618 ,
2124 2590 2190 2610 cum
2205 2582 2340 2612 omnibus

1280 2620 1450 2657 pertinentiis
1462 2621 1494 2651 ὅ(
1509 2619 1611 2656 juribus
1624 2619 1744 2657 superius
1756 2620 1923 2656 nominatis,
1939 2619 1967 2648 in
1980 2618 2090 2656 forma,
2103 2619 2208 2658 modo,
2222 2621 2256 2650 ὃς
2269 2630 2342 2650 con-

1281 2659 1389 2689 ditione
1403 2682 1412 2696 ,
1438 2659 1538 2696 quibus
1557 2657 1649 2687 eidem
1663 2658 1837 2689 Domicellae
1856 2657 1953 2688 eadem
1969 2667 2020 2694 pro
2035 2657 2167 2694 praediCta
2180 2657 2247 2688 dote
2261 2658 2343 2689 duxi⁴

1282 2707 1343 2727 inus
1356 2696 1513 2736 obliganda.

1319 2735 1349 2765 Si
1362 2744 1455 2766 autem
1467 2733 1600 2775 praedidia
1613 2733 1721 2765 illustris
1737 2734 1900 2765 Domicella
1914 2733 2045 2765 Alienora
2064 2733 2122 2764 fine
2140 2734 2230 2764 liberis
2245 2735 2341 2765 deces-

1283 2774 1363 2811 serit,
1382 2774 1419 2804 de
1432 2773 1510 2804 tertia
1521 2781 1598 2812 parte
1612 2772 1684 2803 dotis
1697 2773 1858 2813 praedictae,
1875 2774 1908 2804 &
1924 2773 1942 2803 si
1952 2795 1960 2810 ,
1978 2772 2068 2802 liberis
2082 2773 2273 2811 existentibus,
2293 2774 2342 2803 de<

1285 2812 1411 2851 cesserit,
1429 2812 1464 2843 de
1475 2820 1533 2843 tota
1546 2811 1614 2841 dote
1627 2811 1770 2849 (reservata
1782 2821 1874 2842 tamen
1889 2812 1979 2841 liberis
1991 2812 2040 2840 suis
2054 2811 2185 2850 legittima
2199 2812 2340 2851 portione)

1284 2851 1362 2881 suum
1375 2861 1427 2891 pro
1441 2851 1583 2881 voluntate
1597 2850 1718 2881 condere
1733 2852 1832 2888 poterit
1849 2849 2054 2880 testamentum.

1321 2889 1410 2928 Item,
1426 2889 1445 2920 si
1462 2889 1620 2919 Dominam
1636 2888 1776 2928 Reginam
1786 2889 1949 2928 Aragonum
1959 2910 1968 2925 ,
1986 2898 2048 2927 qua:
2063 2897 2138 2917 nunc
2151 2887 2208 2926 est,
2227 2888 2344 2928 Castra,

1286 2927 1437 2966 Civitates,
1455 2928 1499 2958 seu
1514 2927 1606 2965 villas,
1625 2927 1658 2957 &
1673 2928 1753 2966 loca,
1770 2938 1833 2967 quae
1848 2938 1899 2964 pro
1913 2928 1975 2956 arris
1989 2927 2039 2956 suis
2053 2926 2086 2956 &c
2099 2926 2167 2956 dote
2182 2935 2256 2957 tenet
2270 2927 2344 2957 obli-

1304 2974 1361 3004 ata,
1380 2967 1471 3007 aliquo
1485 2965 1545 2996 casu
1559 2965 1697 2996 dimittere
1710 2967 1873 3005 contigerit,
1889 2965 1991 3002 silicet,
2006 2964 2130 2994 Oscham
2139 2987 2148 3003 ,
2162 2964 2345 3004 Gerundam,

1285 2976 1419 3035 {astrum
1435 3004 1469 3034 de
1480 3003 1640 3042 Besaudon,
1658 3005 1692 3035 ὃς
1707 3002 1895 3034 Montaneam
1910 3003 1944 3033 de
1978 3004 2055 3041 ratis,
2075 3002 2173 3032 eadem
2190 3004 2250 3033 loca
2265 3004 2345 3043 affig-

1286 3044 1427 3073 nabuntur
1463 3045 1495 3074 &
1509 3042 1669 3080 tradentur,
1687 3051 1754 3072 cum
1788 3042 1936 3072 ert'inentiis
1968 3042 2090 3072 iestorum
2105 3042 2236 3071 locorum
2246 3066 2254 3080 ,
2271 3043 2349 3072 Filiae

1287 3081 1412 3112 Domini
1427 3066 1514 3120 Regis
1528 3080 1639 3119 Angliae
1653 3080 1760 3119 supradi
1791 3091 1834 3119 ιε,
1852 3080 1871 3111 fi
1885 3080 2018 3120 placuerit
2032 3079 2168 3110 Domino
2183 3080 2281 3111 nostro
2289 3081 2350 3112 Re„

1287 3121 1315 3159 gi
1332 3120 1496 3160 Aragonum
1510 3118 1681 3156 supradiifto,
1700 3129 1751 3156 pro
1766 3120 1830 3150 atris
1843 3118 1892 3149 suis
1905 3119 1938 3150 ὃς
1953 3120 2032 3149 dote:

1326 3158 1366 3188 Ita
1380 3157 1456 3196 quod
1470 3167 1504 3188 ex
1519 3167 1586 3187 tunc
1601 3156 1705 3187 fruetus
1718 3157 1858 3188 dielorum
1870 3158 2000 3188 locorum
2014 3157 2201 3195 percipiat3&
2216 3169 2279 3195 σος,
2288 3168 2347 3188 non

1288 3197 1482 3235 computando
1496 3197 1523 3225 in
1538 3196 1640 3225 sortem
1655 3218 1665 3234 ,
1689 3195 1750 3226 suos
1769 3196 1850 3226 faciat
1863 3219 1874 3234 ,
1900 3197 1992 3226 donec
2008 3197 2043 3226 de
2063 3196 2130 3226 dote
2148 3197 2278 3234 praeilic'ia
2297 3197 2348 3228 sibi

1290 3236 1373 3266 fuerit
1387 3235 1569 3265 satisfactum:

1326 3273 1367 3304 Ita
1380 3281 1476 3303 tamen
1492 3272 1569 3311 quod
1589 3271 1724 3310 praedicta
1743 3272 1806 3303 loca
1822 3295 1831 3311 ,
1858 3283 1922 3312 quas
1945 3272 2076 3310 praedic‘ia
2096 3272 2225 3302 Domina
2240 3272 2352 3312 Regina

1290 3322 1366 3342 nunc
1382 3320 1475 3349 tenet,
1494 3313 1544 3341 lint
1558 3311 1648 3340 eidem
1664 3309 1838 3341 Domicellae
1853 3322 1906 3349 pro
1922 3313 1986 3341 arsis
2004 3313 2037 3342 &
2053 3310 2118 3340 dote
2131 3333 2140 3348 ‚
2164 3311 2196 3340 ἃ
2212 3310 2284 3340 Patri
2301 3312 2349 3342 suo

1291 3351 1324 3381 &
1341 3350 1457 3381 Haeredi
1470 3350 1549 3389 ipsius
1564 3351 1592 3378 in
1605 3348 1665 3379 casu
1678 3348 1817 3386 praedidm
1830 3350 1952 3388 obligata
1965 3373 1973 3387 ,
2000 3349 2078 3379 limul
2099 3358 2164 3378 cum
2178 3348 2299 3378 Turolio
2315 3350 2349 3379 δε

1293 3388 1445 3426 Darocha,
1462 3387 1612 3418 secundum
1626 3386 1765 3425 formam,
1784 3387 1903 3417 modurn
1919 3390 1951 3418 &
1964 3387 2157 3417 conditionem
2167 3409 2176 3424 ,
2190 3387 2287 3423 quibus
2301 3387 2351 3419 alia

1292 3427 1356 3457 loca
1369 3428 1512 3457 nominata
1527 3426 1645 3465 superius
1656 3425 1812 3465 obligantur
1827 3426 1946 3464 eisdem,
1966 3426 1984 3456 si
2000 3425 2133 3455 Domino
2144 3424 2216 3463 Regi
2228 3425 2350 3464 Aragon.

1271 3471 1277 3478 ¹
1293 3465 1428 3504 placuerit
1443 3489 1452 3504 ,
1478 3473 1509 3495 ut
1524 3464 1564 3494 est
1578 3464 1686 3493 diistum
1702 3487 1711 3502 ,
1736 3464 1813 3508 quod
1828 3465 1992 3503 permutatio
2012 3464 2058 3494 fiat
2080 3463 2220 3492 dierorum
2236 3473 2354 3500 quatuor

1292 3505 1442 3542 locorum,
1461 3513 1524 3541 quae
1539 3510 1614 3533 tenet
1626 3502 1700 3532 dieta
1713 3501 1841 3532 Domina
1854 3501 1964 3541 Regina
1980 3525 1989 3540 ,
2010 3512 2078 3532 cum
2092 3501 2142 3530 hiis
2159 3509 2276 3540 quatuor
2289 3512 2353 3541 quae

1297 3542 1440 3573 traduntur
1476 3551 1508 3571 ro
1521 3542 1584 3571 artis
1596 3539 1681 3576 diCtae
1695 3539 1833 3571 Dominae
1850 3541 2005 3577 Alienorceg

1335 3580 1389 3620 Et,
1405 3590 1445 3620 po
1468 3579 1572 3609 effione
1586 3578 1728 3610 dictorum
1748 3580 1877 3610 locorum
1892 3602 1901 3616 ,
1925 3588 1987 3616 quie
2008 3578 2134 3608 Domina
2148 3576 2258 3616 Regina
2277 3586 2354 3610 nunc

1297 3628 1389 3658 tenet,
1407 3619 1527 3657 praefatae
1552 3616 1726 3647 Domicellae
1745 3618 1922 3657 corporaliter
1940 3615 2033 3646 tradita
2049 3639 2059 3654 ,
2085 3615 2216 3653 praediSta
2235 3625 2353 3656 quatuor

1299 3659 1361 3688 loca
1374 3681 1384 3696 ,
1409 3657 1534 3693 scilicet,
1554 3655 1635 3693 Jach
1648 3677 1657 3693 ,
1683 3654 1856 3685 Barbastrum
1872 3678 1881 3692 ,
1909 3655 1988 3684 Luna
2008 3656 2039 3684 ὃῖ
2061 3653 2180 3684 Pertusia
2196 3653 2228 3684 ad
2243 3655 2353 3686 dietum

1298 3697 1460 3727 Dominum
1478 3694 1589 3733 Regem
1604 3693 1755 3732 Aragoniae
1767 3695 1799 3724 &
1814 3694 1874 3723 suos
1891 3692 2024 3722 Haeredes
2037 3692 2123 3722 libere
2139 3701 2316 3723 revertentur.

1336 3734 1385 3765 De
1399 3733 1543 3773 praemissis
1557 3741 1649 3762 autem
1663 3733 1708 3761 sex
1721 3732 1807 3770 locis,
1829 3731 1947 3768 inperitis
1960 3730 2110 3769 assignatis,
2128 3731 2161 3761 &
2175 3731 2300 3770 obligatis
2313 3733 2354 3761 ei-

1296 3774 1361 3804 dem
1378 3771 1568 3809 Domicellae‚
1583 3770 1736 3801 secundum
1757 3770 1893 3805 formam,
1908 3770 2026 3798 modum
2043 3769 2076 3799 &
2099 3769 2294 3800 conditionem
2311 3769 2354 3800 su-

1298 3811 1457 3851 prascripta,
1475 3809 1592 3839 eindem
1611 3808 1819 3845 Domicellam,
1839 3809 1900 3837 vice
1915 3809 1946 3838 ὃ(
1963 3808 2079 3837 nomine
2093 3807 2212 3845 ejusdem
2228 3807 2352 3838 Domini

1297 3849 1385 3881 nostri
1406 3849 1493 3887 Regis
1514 3847 1680 3885 Aragonum
1694 3870 1704 3883 ,
1726 3847 1759 3876 δε
1775 3845 1941 3883 praedit‘ttim
1960 3845 2122 3876 Dominum
2139 3846 2299 3883 Joliannein
2315 3846 2352 3875 de

1297 3889 1405 3928 Vescy,
1424 3881 1634 3924 procuratorem
1648 3884 1730 3924 ipsius
1744 3884 1930 3921 Domicellae,
1949 3885 2065 3913 nomine
2084 3885 2203 3921 ejusdem
2217 3885 2354 3923 recipien-

1299 3937 1357 3958 tem
1370 3950 1379 3965 ,
1405 3927 1477 3964 juxta
1498 3924 1619 3953 formam
1642 3922 2026 3961 praedietamppraesentialiter
2040 3923 2228 3960 investimus,
2252 3922 2353 3959 praeci-

1320 3967 1403 3995 ientes
1423 3963 1556 3993 omnibus
1576 3962 1688 3991 subditis
1710 3960 1909 4000 praedictorum
1932 3969 2048 4000 quatuor
2066 3961 2197 3992 locorum
2209 3983 2217 3996 ,
2244 3961 2353 3997 sclicet,

1313 4009 1319 4018 ²
1331 4004 1437 4042 jactae,
1456 4000 1605 4037 Barbastri,
1624 3999 1714 4029 Lunce
1729 4000 1761 4030 ὃς
1777 3999 1906 4029 Pei-iusim
1922 4022 1930 4036 ,
1953 4007 1983 4029 ut
1998 4000 2088 4030 eidem
2104 3998 2291 4036 Domicffllae,
2309 3999 2353 4027 vel
2373 3994 2496 4021 *ll-2¹22

1299 4044 1356 4080 ejus
1371 4040 1501 4072 mandato
1515 4041 1543 4069 in
1559 4039 1690 4069 omnibus
1702 4037 1833 4069 obediant
1852 4039 1884 4069 ὅ(
1904 4037 2085 4075 respondeant
2098 4061 2108 4076 2
2130 4040 2162 4068 &
2175 4037 2209 4067 de
2222 4036 2354 4103 omnidbiis

2270 4085 2294 4103 ei.
2314 4083 2360 4103 en]
