2570 4261
0 261 76 299 Am.
89 262 134 294 D.

1 311 112 371 affl:

4 448 80 481 Arm.
95 442 137 474 D.
154 442 207 496 R

26 491 112 525 1309.

5 529 59 553 An.
77 533 103 549 ²·

5 567 36 591 Ε.
58 571 83 589 2.

571 183 698 224 ET
809 181 1128 224 ACTA

1232 174 1809 222 PUBLICA.

2230 189 2308 234 137

1245 261 1316 291 lium
1336 260 1460 300 Pagani,
1485 257 1670 294 Senescallum
1686 263 1808 302 Hospitii
1828 263 1932 303 nostri,
1954 274 2023 303 quos
2037 264 2071 295 ad
2088 259 2209 295 Domini
2227 266 2309 296 Sum·
2320 265 2392 294 Ann.
2404 256 2448 292 D.

498 358 548 389 De
557 354 701 402 praedislis
721 357 859 389 Nunciis.

209 439 272 471 EX
289 439 394 470 dilecto
409 440 442 471 &
457 439 529 470 fideli
544 440 591 471 suo
606 440 709 470 Ottoni
724 440 759 470 de
772 439 966 476 Grandisono,
984 438 1102 469 salutern.

227 477 305 508 Cum
325 477 440 508 dilectos
458 479 491 509 ὃ(
509 478 600 509 fideles
616 478 736 516 nostros,
744 478 918 508 Venerabiles
930 479 959 506 in
973 476 1086 507 Christo
1099 473 1210 513 Patres,

152 515 206 546 W.
224 516 367 555 Wygorn.
385 516 598 547 Thesaurarium
614 516 740 547 nostrum
757 539 766 553 ,
786 516 811 555 J.
832 515 1048 546 Norwicensem
1062 537 1071 552 ,
1093 515 1210 552 Episco-

154 564 220 593 pos:
235 553 395 592 Johannem
408 554 444 584 de
458 554 594 585 Britannia
609 554 841 592 Richemundiae,
862 553 1034 584 Adomarum
1052 554 1088 583 de
1109 553 1211 583 Valen⁴

7 605 77 628 Rom.
94 606 121 623 2.
154 594 194 623 tia
216 591 435 630 Pembrochiae,
462 591 613 632 Comites,
639 591 868 629 Confiinguineos
893 591 1001 621 nostros
1025 589 1211 629 Cariffimos3

8 642 39 666 Ε,
59 646 85 663 2.
103 643 138 662 m.
155 640 267 661 necnon
281 629 451 667 Magistrum
466 630 683 660 Bonifaciumde
694 630 1074 668 Saluciis,Archidiaconum
1089 628 1211 659 Bukenh.

10 684 37 712 5.

21 828 104 855 ΠΗ.

36 864 98 892 128.

26 1340 103 1374 Ann.
115 1337 157 1370 D.

46 1389 131 1419 1309.

24 1423 78 1447 Aa.
95 1428 121 1445 2.

28 1462 58 1485 E.
80 1466 107 1483 2.

26 1499 98 1523 Rom.
115 1503 141 1521 2.

27 1538 58 1560 E.
82 1542 109 1559 2.

28 1581 66 1600 m.
79 1580 107 1607 5.

47 2526 125 2559 Anh.
144 2523 175 2554 D

80 2572 164 2605 1309.

51 2611 138 2636 An.2.

51 2651 82 2674 F..
102 2651 128 2668 2·

50 2688 122 2713 Rom.
136 2691 163 2710 2.

52 2727 167 2752 E.2.m.

60 2769 88 2795 5.

65 3405 141 3437 Ann.
156 3403 199 3435 D.

88 3452 172 3484 1309.

65 3487 120 3512 An.
137 3493 164 3509 2.

66 3525 95 3549 Ε.
107 3530 133 3547 2.

69 3563 142 3587 Rom.
159 3567 185 3585 2.

67 3601 99 3626 Ε.
117 3606 188 3625 2.m.

71 3822 92 3844 θ’
112 3823 166 3850 111.

94 3870 157 3897 ¹29·

158 669 192 700 &
212 678 278 707 VOS,
295 679 327 699 ac
347 669 525 699 Amanenum
547 668 707 698 Dominum
725 668 758 698 de
776 668 801 698 le
820 669 917 706 Breto,
934 668 967 698 &
983 667 1141 697 Robertum
1162 666 1214 696 fili-

159 717 210 737 um
231 706 331 746 Pagani
349 705 532 737 Senescallum
551 706 674 744 Hospitii
691 705 793 744 nostri,
810 707 843 736 ad
865 706 988 736 Domini
1004 705 1116 735 Summi
1138 705 1215 734 Pon-

160 744 240 775 tificis
259 745 427 783 praesentiam
446 744 613 774 destinemus
627 755 676 782 pro
691 744 853 782 quibusdam
874 744 1010 779 negotiis,
1030 743 1108 780 ipsius
1129 742 1216 773 Patris

159 783 329 814 Clementiae
342 793 390 820 per
404 783 473 820 ipsos
491 783 523 813 &
540 792 591 812 vos
607 793 640 812 ex
659 791 732 820 parte
749 782 846 812 nostra
860 782 1040 820 exponendis.

196 821 215 841 '¹²
235 822 295 852 Vos
310 830 442 858 rogamus
457 822 707 858 attente,quatinus
726 820 844 858 praefatis
860 820 981 850 Nunciis
996 819 1093 848 nostris
1107 820 1136 848 in
1150 818 1220 856 hiis,

160 870 224 904 quae
239 860 372 927 νὲξῂἓέκ
390 867 464 896 parte
480 858 573 889 nostra
589 859 715 890 duxerint
733 858 872 889 referenda
884 881 895 896 ,
917 857 1005 889 velitis
1025 856 1111 887 fidem
1128 857 1221 895 plena-

160 907 231 929 riam
245 908 261 927 a
300 907 309 926 i
347 907 385 928 re.

201 973 268 1004 Dat.
286 973 358 1011 apud
373 973 496 1004 Westm.
511 983 539 1012 4.
553 973 599 1004 die
622 972 730 1003 Martii.

202 1049 370 1081 Consimiles
385 1050 470 1084 literae
488 1050 643 1087 diriguntur
656 1049 803 1080 Amaneno
817 1049 952 1080 Domino
966 1049 1001 1081 de
1017 1047 1147 1080 Lebreto.

206 1126 295 1157 Teste
312 1135 341 1158 ut
358 1126 442 1165 supra.

284 1252 343 1285 Ad
358 1255 473 1298 Papam
490 1251 527 1285 de
543 1250 699 1285 Credentia
711 1262 765 1297 pro
781 1252 911 1283 Nuntiis
923 1249 1117 1295 fhpradie'iis.

227 1335 334 1368 APAE
353 1337 432 1375 Rex,
450 1337 510 1367 ὅτε.
528 1345 558 1368 ut
572 1336 648 1375 supra
683 1335 813 1373 salutem,
831 1336 891 1366 &c.
908 1342 937 1365 ut
951 1334 1035 1372 supra.

174 1344 218 1408 P
257 1375 326 1405 Hoc
348 1376 432 1405 habet
456 1374 547 1406 nostra
565 1358 748 1405 consideratio
770 1373 847 1411 quod
862 1396 871 1411 ,
897 1376 1002 1410 quanto
1026 1372 1139 1412 gratiosa
1156 1373 1234 1404 Sedis

175 1412 348 1451 Apostolicae
361 1414 533 1452 benignitas,
552 1413 689 1444 humiliter
745 1411 921 1449 stulantibus,
938 1412 967 1440 in
979 1411 1093 1448 agendis
1108 1411 1234 1450 suis,vir-

175 1452 237 1482 tutis
248 1461 362 1490 amore,
379 1450 533 1482 faciliorem
544 1452 577 1483 ὃς
593 1452 691 1482 foecun
712 1452 800 1481 iorem
816 1449 842 1480 se
855 1450 966 1479 exhibet
979 1472 989 1488 ,
1006 1452 1084 1480 tanto
1106 1460 1172 1486 erga
1193 1451 1236 1487 ip-

177 1491 228 1534 sius
241 1490 377 1557 vicarium
395 1490 428 1521 &
440 1490 684 1530 pastorem,vigor
698 1489 857 1520 devotionis
869 1488 902 1519 &
917 1487 982 1518 fidei
995 1489 1023 1518 in
1038 1487 1158 1518 subditos
1174 1498 1235 1518 ma-

199 1538 220 1558 is
237 1538 285 1558 cre
297 1537 346 1558 cit.

176 1538 196 1566 g
215 1566 263 1597 De
282 1566 380 1597 vestroe
401 1564 486 1604 igitur
507 1567 676 1598 exuberantis
694 1566 789 1604 gratiae
809 1565 933 1602 largitate
946 1564 1056 1603 confisi,
1073 1564 1188 1595 dilectos
1205 1565 1238 1595 &

180 1604 273 1636 fideles
285 1604 410 1644 nostrOS,
429 1605 603 1636 Venerabiles
614 1604 706 1635 Patres
723 1604 776 1634 W.
791 1603 834 1633 W
854 1612 935 1640 gorn.
953 1603 1165 1633 Thesaurarium
1187 1613 1240 1632 no-

180 1643 285 1682 strum,
298 1644 325 1683 J.
342 1644 569 1683 Norwycensem
584 1666 594 1682 ,
618 1642 783 1681 Episcopos:
799 1642 836 1680 Jo
857 1651 957 1672 annem
977 1641 1012 1671 de
1029 1641 1166 1671 Britannia
1186 1640 1242 1670 Ri-

179 1682 374 1721 chemundiae,
391 1682 566 1713 Adomarum
579 1682 614 1712 de
627 1681 751 1712 Valentia
769 1680 972 1718 Pembrochiae,
992 1678 1137 1717 Comites,
1159 1678 1240 1709 Con-

179 1719 345 1758 sanguineos
358 1720 466 1751 nostros
487 1719 655 1751 kariffimos:
675 1729 789 1749 necnon
809 1718 983 1753 Bonifacium
1003 1718 1038 1748 de
1056 1718 1168 1748 Saluciis
1188 1718 1242 1748 Ar-

181 1759 382 1790 chidiaconum
396 1758 619 1798 Bukynghamiae
627 1781 637 1797 ,
654 1757 795 1788 Ottonem
809 1756 844 1787 de
858 1755 1036 1787 Grandisono
1045 1781 1055 1797 ,
1065 1757 1242 1802 Amanenurn

185 1797 351 1828 Dominum
372 1796 408 1827 de
429 1797 566 1835 Lebreto‚
584 1797 617 1827 &
637 1795 798 1826 Robertum
815 1795 903 1825 filium
918 1794 1039 1833 Pagani,
1058 1794 1242 1824 senescallum

182 1835 310 1873 Hospitii
329 1834 417 1865 nostri
432 1858 442 1873 ,
465 1835 499 1866 ad
522 1834 620 1865 vestrae
639 1834 794 1865 sanctitatis
807 1834 978 1871 praesentiam
999 1832 1165 1863 destinamus
1189 1842 1241 1869 pro

182 1874 348 1912 quibusdam
368 1873 467 1903 nostris
487 1874 621 1911 negotiis,
640 1873 695 1911 piae
715 1871 872 1903 Pater-nitati
893 1870 990 1902 vestrae
1010 1881 1043 1901 ex
1059 1879 1133 1909 parte
1152 1870 1245 1901 nostra

185 1913 293 1951 plenius
304 1912 492 1950 exponendis,

223 1951 388 1981 Beatitudini
401 1950 500 1981 vestrae
515 1950 622 1981 devotis
640 1949 769 1987 precibus
789 1948 967 1987 supplicantes
982 1971 991 1986 ‚
1009 1948 1132 1986 quatinus
1146 1947 1244 1986 praefa-

187 1998 230 2020 tos
250 1989 382 2020 Nuncios
402 1988 510 2019 nostros
532 1987 644 2026 paterna
668 1984 864 2027 benevolenti&
884 1984 1000 2024 habere,
1022 1985 1109 2016 nostri
1131 1987 1246 2025 intuitu,

187 2027 338 2065 specialiter
359 2026 588 2065 commendatos,
607 2036 639 2057 ac
663 2026 725 2064 iplis
747 2026 866 2063 septem,
884 2025 943 2062 sex,
962 2026 1099 2062 quinque,
1116 2034 1248 2063 quatuor,

188 2069 292 2104 tribus,
310 2065 354 2095 vel
369 2064 476 2096 duobus
495 2075 593 2095 eorum
612 2066 642 2094 in
663 2065 732 2102 hiis,
750 2074 813 2103 quae
827 2063 923 2094 vestrae
939 2061 1106 2092 Clementiae
1122 2072 1156 2092 ex
1174 2072 1249 2100 parte

190 2104 284 2135 nostra
305 2104 432 2135 duxerint
452 2103 611 2140 referenda,
629 2103 784 2142 benignum
806 2101 930 2132 auditum
953 2102 1092 2139 praebere,
1110 2097 1250 2139 fidemque

189 2144 340 2183 plenariam
355 2142 460 2172 eisdem
473 2142 618 2180 adhibere,
636 2143 669 2172 &
692 2141 771 2172 relata
793 2139 950 2179 hujusmodi
965 2149 1013 2179 per
1026 2138 1139 2170 eofiiem
1155 2142 1253 2170 votivo

192 2182 307 2213 effectui
321 2180 478 2217 dignemini
496 2181 663 2220 mancipare.

232 2219 404 2257 Conservet,
422 2219 481 2250 &Q
500 2227 529 2250 ut
543 2218 628 2259 supra.

233 2296 300 2328 Dat.
315 2296 388 2334 apud
405 2294 705 2334 westmonasterium,
723 2302 752 2334 4.
770 2292 815 2325 die
833 2290 939 2325 Martii.

242 2431 299 2466 Ad
315 2435 447 2477 Papam,
471 2428 507 2462 de
523 2427 703 2475 quibusdam
715 2454 724 2470 ,
749 2423 842 2461 eidem
856 2427 1000 2472 ftcretius
1020 2426 1206 2460 intimandis.

179 2545 185 2550 .
203 2519 421 2579 SAnctiffimo
439 2520 468 2549 in
487 2517 601 2552 Christo
621 2516 693 2548 Patri
708 2541 718 2556 ,
742 2515 876 2546 Domino
893 2514 929 2546 C.
948 2514 1056 2558 Divlnfi
1073 2515 1261 2554 providentia,

258 2558 443 2590 sacrosanetae
461 2557 601 2587 Romame
618 2567 651 2587 ac
670 2554 842 2586 Universalis
866 2553 997 2584 Eccleliae
1020 2554 1140 2585 Summo
1166 2553 1264 2584 Ponti-

205 2597 272 2636 fici,
290 2596 460 2635 Edwardus,
479 2596 539 2627 &c.
556 2595 666 2625 salutem
685 2595 717 2625 &
734 2593 836 2623 devota
854 2592 958 2630 pedum
975 2591 1067 2623 oscula
1086 2593 1240 2623 beatorum.

243 2635 386 2675 Qaedam
405 2634 535 2672 negotia,
552 2644 603 2663 nos
618 2631 760 2671 specialius
776 2632 933 2669 tangentia,
950 2630 1058 2660 dilectis
1072 2631 1155 2661 nobis
1173 2629 1268 2660 Vene-

203 2675 281 2706 rabili
294 2675 323 2704 in
341 2672 458 2703 Christo
477 2671 551 2703 Patri
568 2672 621 2702 W.
639 2671 778 2712 Wygorn.
795 2669 938 2707 Episcopo
954 2668 1140 2699 Thesaurario
1158 2668 1265 2706 nostro,

206 2715 239 2744 &
254 2712 377 2752 Johanni
393 2711 429 2742 de
454 2709 593 2742 Britannia
620 2709 730 2740 Comiti
747 2707 964 2738 Richemundiae
982 2706 1198 2744 Consinguineo
1215 2717 1268 2738 no-

205 2752 262 2782 stro
280 2749 424 2781 kariffimo
438 2774 448 2788 ,
473 2748 571 2779 vestrae
590 2747 758 2778 Clementiae
775 2756 825 2784 per
843 2745 914 2784 ipsos
930 2755 964 2776 ex
981 2754 1057 2784 parte
1074 2745 1166 2776 nostra
1180 2745 1268 2776 secre-

201 2791 254 2822 tius
270 2787 437 2827 intimanda,
454 2787 660 2818 commisimus:

241 2827 385 2859 Sanctitati
411 2826 510 2857 vestrae
534 2823 712 2856 devotiffime
735 2821 917 2861 supplicantes
933 2845 942 2861 ,
967 2824 1092 2860 quatinus
1118 2821 1244 2859 praefatos
1258 2844 1268 2860 ‚

204 2866 375 2905 Episcopum
395 2865 428 2895 &
447 2863 614 2902 Comitem,
630 2862 665 2893 ad
683 2862 863 2893 exauditionis
878 2862 993 2898 gratiam
1012 2862 1041 2891 in
1059 2859 1200 2898 praemiffis
1222 2860 1269 2890 ad-

205 2907 315 2936 mittere
330 2927 340 2942 ,
364 2913 397 2933 ac
416 2903 476 2941 ipsis
490 2925 501 2941 ,
518 2902 585 2932 sicut
603 2910 711 2938 organo
728 2901 808 2930 vocis
825 2899 946 2937 nostrae,
963 2899 1041 2936 super
1060 2898 1165 2930 eisdem
1183 2897 1269 2928 fidem

205 2942 347 2974 credulam
366 2941 499 2972 adhibere
514 2963 524 2979 ,
553 2941 587 2971 &
604 2940 686 2971 relata
705 2949 752 2977 per
769 2936 841 2976 ipsos
858 2938 957 2968 votivo
981 2937 1094 2968 effectui
1113 2937 1269 2974 dignemini

209 2990 401 3049 magoiipgrz'et
417 3027 468 3048 vos
482 3014 651 3055 Amisimus,
669 3014 704 3048 ad
721 3015 850 3052 regimen
866 3012 1001 3046 Ecclefiae
1018 3014 1071 3046 suae
1087 3012 1205 3051 sanetae,
1221 3022 1270 3051 per

208 3066 333 3095 tempora
347 3054 473 3094 prospera
486 3054 520 3085 &
534 3054 676 3092 longaeva.

246 3137 313 3169 Dat.
334 3135 405 3175 apud
427 3133 727 3173 Westmonasterium,
742 3144 772 3175 4.
788 3134 834 3166 die
853 3132 961 3165 Martii.

214 3268 273 3302 Ad
295 3268 469 3302 Cardinales
492 3265 751 3301 commendatoria
768 3278 823 3313 pro
845 3267 978 3301 Nunciis
992 3292 1003 3310 ,
1038 3265 1082 3300 ad
1094 3264 1272 3312 *Pontificem

549 3320 717 3350 Romanum
739 3314 899 3359 destinatis.

281 3399 419 3432 Enerabili
436 3402 467 3431 in
483 3399 597 3432 Christo
611 3397 682 3431 Patri
718 3399 849 3431 Domino
866 3399 893 3430 S.
914 3398 970 3430 Dei
991 3399 1096 3437 gratis,
1114 3398 1184 3429 tituli
1205 3397 1273 3428 San-

295 3441 335 3470 eti
352 3439 458 3470 Ciriaci
475 3441 505 3469 in
521 3440 636 3469 Termis
651 3461 660 3476 ,
686 3422 842 3469 i'resbitero
859 3437 1001 3468 Cardinali
1012 3461 1020 3475 ,
1040 3439 1145 3468 Amico
1162 3437 1210 3467 suo
1228 3437 1275 3467 ka-

217 3476 341 3516 rissimo,
358 3477 527 3516 Edwardus,
543 3477 641 3508 eadem
660 3475 765 3515 gratia,
783 3477 843 3507 &c.
859 3476 971 3507 salutern
989 3478 1021 3507 &
1039 3476 1150 3506 sincerae
1167 3475 1276 3505 dilecti-

217 3518 278 3546 onis
296 3517 441 3547 affectum.

257 3554 338 3585 Dum
357 3554 455 3585 vestrae
479 3552 732 3591 circumspectionis
756 3551 939 3591 industriam,
965 3554 1038 3582 circa
1056 3551 1276 3589 prosecutionem

219 3595 400 3630 negotiorum
418 3591 575 3622 nostrorum
591 3592 622 3621 in
638 3590 726 3622 Curia
742 3590 877 3622 Romana
894 3590 991 3629 saepius
1007 3591 1158 3628 exhibitam
1173 3612 1182 3627 ‚
1207 3589 1275 3619 infra

225 3631 343 3669 pecsoris
360 3630 446 3660 nostri
462 3630 594 3661 scrinium
612 3629 912 3668 revolvimuS‚merito
930 3629 1028 3659 vestrae
1044 3628 1198 3658 Paternitati
1213 3637 1276 3664 gra-

228 3679 268 3715 tes
282 3671 315 3701 &
332 3669 481 3713 gratiasab
493 3668 599 3699 intimis
610 3667 794 3706 exsolventes,
811 3666 906 3698 vestris
918 3669 989 3698 votis
1009 3667 1194 3704 conspicimus
1216 3666 1276 3696 for-

224 3716 277 3739 tius
292 3719 344 3738 nos
357 3716 451 3738 teneri.

258 3746 306 3777 De
322 3746 400 3776 solita
417 3746 503 3782 igitur
520 3744 611 3775 vestra
627 3744 795 3783 benignitate
809 3764 819 3782 ,
845 3752 930 3782 quam
955 3743 1107 3774 continuari
1125 3741 1276 3779 quaesumus

220 3785 250 3814 in
265 3784 403 3823 futurum,
421 3784 532 3822 plenam
551 3782 682 3813 fiduciam
698 3783 869 3822 optinentes,
886 3780 1004 3811 vestram
1020 3781 1212 3811 Paternitatem
1232 3790 1275 3810 re-

221 3823 355 3859 quirimus
377 3822 504 3853 attentius
519 3821 553 3852 &
571 3820 590 3840 ²*
609 3830 740 3856 rogamus
751 3841 761 3858 ,
786 3820 910 3857 quatinus
929 3819 1044 3849 dilectos
1061 3820 1093 3849 &
1110 3817 1200 3848 fideles
1223 3828 1277 3848 no-

225 3862 311 3900 strOS,
329 3860 493 3892 venerabiles
516 3860 545 3888 in
564 3857 680 3889 Christo
697 3858 806 3895 Patres,
826 3857 878 3887 W.
903 3856 1047 3896 Wygorn.
1065 3856 1277 3886 Thesaurarium

224 3899 349 3930 nostrum
365 3922 374 3938 ,
417 3923 422 3928 .
440 3897 657 3929 Norwicensem
708 3895 861 3934 Episcopos
899 3894 1057 3933 Johannem
1074 3895 1109 3925 de
1128 3893 1278 3924 Brittannia

224 3936 376 3967 Comitem
425 3934 634 3974 ichemundiae,
660 3917 836 3965 ddomarum
862 3917 898 3962 d’e
922 3933 1048 3964 Valentia
1081 3932 1277 3963 Pembrochiae

224 3974 391 4013 Comitem,
407 3974 500 4006 Consa
539 3975 633 4004 uineos
650 3972 757 4002 nostros
781 3970 957 4010 karissimos,
975 3981 1088 4001 necnon
1107 3970 1275 4007 Magistrum

222 4012 400 4043 Bonifacium
422 4013 457 4043 de
481 4013 500 4044 S
527 4013 596 4042 uciis
625 4011 865 4042 Archidiaconum
891 4008 1037 4049 Bukyngh.
1074 4008 1213 4039 Ottonem
1240 4008 1276 4038 de

220 4050 415 4119 Gzrandisynss,
433 4051 612 4084 Amanenum
629 4049 792 4082 Dominum
808 4047 844 4079 de
863 4048 1001 4087 Lebreto,
1016 4049 1049 4079 δε
1067 4047 1229 4078 Robertum
1243 4046 1276 4076 fi-

270 4099 318 4120 om.
354 4113 360 4119 .
405 4112 413 4119 .
429 4092 476 4119 IV:

1250 300 1292 328 mi
1311 298 1453 342 Pontificis
1472 302 1645 338 praesentiam
1664 302 1831 332 destinamus
1849 314 1899 340 pro
1917 303 2075 341 quibusdam
2095 304 2212 339 negotiis
2228 322 2238 341 ,
2255 315 2305 333 nos
2340 304 2393 340 131‘3
2401 303 2429 338 ‘9÷

1248 337 1398 380 specialiter
1417 339 1591 375 tangentibus
1605 362 1615 377 ,
1641 340 1720 377 ipsius
1744 339 1828 370 Patris
1853 341 2019 371 Clementiae
2032 363 2041 378 ,
2067 350 2100 371 ex
2120 350 2194 378 parte
2212 342 2304 371 nostrii
2325 340 2423 366 &lv-'2⁴

1249 385 1298 417 pei·
1318 374 1387 411 ipsos
1403 375 1509 412 plenius
1527 377 1698 416 exponendis
1710 400 1720 415 ,
1745 379 1843 417 velitis,
1861 379 1948 409 nostri
1965 380 2081 417 intuitu,
2099 378 2198 408 habere
2215 379 2303 416 speci:

1249 413 1326 442 aliter
1343 414 1556 456 commendatos
1570 426 1580 453 ς,
1604 415 1664 453 ipsis
1681 416 1828 454 omnibus,
1844 416 1965 455 septem,
1985 417 2027 447 sex
2041 439 2050 454 ,
2070 418 2191 454 quinque
2207 439 2216 455 ,
2241 427 2307 454 φη·-

1251 459 1328 488 tuor,
1346 451 1447 489 tribus,
1468 452 1511 482 vel
1529 452 1636 483 duobus
1653 463 1751 483 eorum
1766 476 1776 491 ,
1795 455 1824 483 in
1841 454 1893 485 hiis
1906 477 1915 492 ,
1933 465 1995 492 quxe
2014 456 2094 485 vobis
2110 464 2143 484 ex
2182 464 2237 485 arte
2253 464 2306 484 no⁴

1253 488 1305 518 stra
1323 488 1437 519 oraculo
1456 491 1530 521 vivae
1548 491 1628 521 vocis
1644 491 1798 529 retulerint,
1820 491 1906 522 fidem
1926 493 2078 529 plenariam
2096 492 2159 522 adlii
2218 502 2264 523 tes.

1290 563 1356 594 Dat.
1374 565 1445 602 apud
1462 564 1762 604 Westmonasterium,
1780 576 1807 605 4.
1822 566 1867 597 die
1884 567 1988 598 Martii.

1385 639 1495 671 Eodem
1510 641 1599 671 modo
1615 641 1776 672 mandatum
1793 641 1833 672 est
1852 641 2016 681 subscripti83
2034 643 2181 683 videlicet,

1256 715 1408 745 Venerabili
1424 719 1453 745 in
1473 717 1574 757 Christo
1593 716 1673 746 Patri
1690 721 1805 747 Domino
1830 720 1861 747 Ρ.
1880 721 1935 748 Dei
1947 722 2042 755 gratia
2057 741 2068 757 ,
2090 718 2212 758 Epifiopo
2230 717 2310 750 Sabiz

1295 754 1381 792 nenfi,
1400 757 1506 784 Sanblae
1525 759 1651 785 Romane
1668 755 1787 797 Ecclefiae
1806 755 1954 786 cardinali.

1259 794 1375 820 Domino
1392 796 1421 821 F.
1441 795 1547 823 San-Ha)
1567 796 1658 823 Luciae
1677 798 1705 823 in
1722 793 1809 823 Scilice
1826 797 1948 823 Diacono
1965 794 2115 825 cardinali.

1262 833 1376 859 Damno
1396 833 1425 860 P.
1445 832 1520 861 tituli
1538 834 1630 861 Sam‘li
1650 831 1794 870 Apolinar.
1813 832 1962 861 Presbjtero
1976 832 2125 862 cardinali.

1262 867 1439 934 NHqusiien.
1459 869 1497 904 ῥ’
1517 869 1669 899 nollem-en.
1695 868 1832 909 Epifiopo,
1849 872 1957 899 Sanllae
1971 873 2098 900 Roman-fe
2115 869 2236 911 Eccle‘fiae
2246 872 2316 900 Cara

1315 917 1362 934 Ia‘la
1374 919 1390 935 Ι.

1264 948 1422 1011 1303ιὲκῖΊῖ
1436 945 1556 984 Episcopo
1570 949 1701 975 Civitatis
1717 944 1844 984 Papalis,
1857 947 1964 976 Sanc‘lae
1978 948 2104 975 Romame
2112 945 2232 989 Ecdefiae
2247 949 2317 976 Caer³

1321 994 1366 1011 ina
1378 995 1395 1013 i.

1267 1024 1384 1051 Domino
1397 1020 1432 1058 J
1451 1022 1572 1060 Episcopo
1590 1021 1744 1061 Portuenfi,
1762 1023 1868 1051 Sanci'ae
1882 1025 2008 1051 Romanae
2029 1021 2147 1062 Ecclefiae
2165 1019 2320 1052 cardinali.

1268 1063 1384 1089 Domino
1400 1063 1434 1088 R.
1455 1061 1547 1089 San-lh*
1565 1059 1704 1099 Eustachii
1723 1063 1842 1089 Diacono
1861 1059 2009 1089 cardinali.

1270 1101 1385 1127 Domino
1399 1100 1435 1127 L.
1452 1098 1602 1137 Albanenfi
1618 1098 1756 1137 Eptstopo,
1772 1099 1880 1127 Sanc‘i‘ae
1893 1101 2020 1127 Romanae
2034 1096 2155 1138 Ecclesiae
2170 1094 2319 1128 Cardinali.

1271 1139 1385 1166 Domino
1403 1138 1435 1164 R.
1453 1138 1560 1165 SanHae
1580 1139 1682 1165 Mariae
1701 1139 1792 1166 Novae
1811 1140 1929 1166 Dracone
1945 1135 2094 1167 cardinali.

1275 1177 1391 1204 Domino
1408 1177 1444 1203 L.
1464 1176 1556 1204 Sandii
1575 1174 1677 1211 Angeli
1694 1177 1815 1205 Diacono
1834 1173 1984 1204 cardinali.

1275 1216 1390 1242 Domino
1407 1216 1436 1242 T.
1455 1213 1530 1242 tituli
1550 1214 1656 1242 Sanelae
1673 1213 1779 1242 Sabmae
1797 1213 1947 1242 Presbitero
1960 1209 2102 1241 Cardinali

1275 1254 1390 1280 Domino
1409 1253 1452 1280 W.
1471 1251 1546 1280 tituli
1564 1252 1658 1280 Sanlii
1676 1250 1802 1280 Marcelli
1819 1251 1969 1280 Presbitero
1987 1247 2138 1279 cardinali.
2170 1280 2173 1281 .

1277 1292 1391 1318 Domino
1408 1292 1438 1319 F.
1458 1291 1565 1319 Sannae
1583 1292 1684 1318 Mariae
1703 1292 1732 1318 in
1749 1288 1889 1330 cosmedyn
1905 1292 2027 1318 Diacono
2043 1286 2192 1317 cardinali.
2289 1319 2292 1321 ,

1276 1331 1390 1357 Domino
1409 1329 1452 1357 W
1470 1330 1564 1357 Sanc‘li
1577 1326 1705 1357 Nicholai
1721 1331 1750 1357 in
1769 1332 1879 1357 carcere
1896 1326 2015 1356 Tulliano
2027 1328 2148 1355 Diacono
2160 1324 2310 1354 Cardinali.

1278 1369 1393 1395 Domino
1411 1368 1493 1395 Petro
1513 1367 1544 1395 de
1562 1365 1721 1404 Columpna,
1740 1369 1860 1395 Diacono
1877 1363 2027 1395 cardinali.

1279 1406 1393 1470 Domino
1409 1407 1438 1433 T.
1458 1404 1533 1433 tituli
1550 1406 1708 1434 Sandorum
1729 1406 1814 1434 Nerei
1836 1402 1873 1438 ὠ·
1900 1402 2030 1433 Achilleis
2055 1400 2210 1441 Presbytero
2232 1399 2328 1430 cardi-

1313 1454 1350 1470 na
1362 1454 1379 1472 Ζ.

1279 1483 1374 1510 Damio
1393 1483 1434 1509 A.
1452 1482 1558 1510 Sanaae
1576 1483 1678 1510 Mariae
1695 1484 1723 1509 in
1739 1483 1839 1517 porticu
1859 1482 1979 1509 Diacono
1998 1475 2148 1509 cardinali.

1282 1521 1396 1547 Domino
1416 1521 1459 1547 W.
1480 1518 1554 1548 rituli
1571 1520 1677 1548 Sanc'lae
1696 1521 1869 1547 Potentianae
1887 1518 2039 1558 Presbytero
2054 1512 2203 1546 cardinali.

1282 1559 1396 1586 Domino
1411 1560 1448 1586 L.
1466 1558 1571 1586 Saneiae
1589 1560 1692 1586 Mariae
1709 1560 1737 1586 in
1756 1560 1805 1586 Via
1823 1555 1881 1585 lata
1901 1560 2020 1586 Diacozo
2037 1554 2185 1584 Cardinali.

1283 1599 1399 1625 Domino
1417 1597 1445 1632 J.
1467 1597 1559 1625 Sanc‘ii
1577 1599 1681 1632 Georgii
1692 1596 1731 1624 aa'
1742 1595 1832 1624 Velum
1847 1598 1971 1624 Aureum
1983 1597 2102 1624 Diacono
2115 1588 2264 1622 cardinali.

1284 1636 1399 1664 Domino
1417 1636 1456 1663 N.
1477 1633 1552 1663 tituli
1567 1635 1660 1663 Samsti
1676 1633 1793 1663 Euzeln'i
1811 1633 1960 1663 Presbitero
1972 1630 2121 1662 cardinali.

1284 1675 1399 1701 Domino
1415 1671 1561 1711 Arnalda,
1581 1671 1713 1710 Alberti,
1730 1675 1822 1701 Fontis
1839 1673 1958 1710 Frigidi,
1979 1673 2090 1701 Domini
2104 1672 2202 1699 Summi
2220 1660 2337 1709 Pontifl³

1321 1713 1355 1739 cis
1373 1710 1595 1740 chcancellario.

1285 1751 1399 1817 Docmino
1424 1749 1577 1778 Bertrando
1593 1771 1602 1787 ,
1627 1747 1747 1787 Episcopo
1769 1747 1913 1790 Albinenfi
1926 1770 1936 1786 ,
1958 1749 2069 1777 Domini
2086 1749 2184 1776 Summi
2203 1743 2339 1786 Ponizficis

1343 1797 1481 1817 amerarlo.

1326 1861 1364 1893 M
1374 1873 1391 1894 E
1401 1871 1425 1892 Μ
1437 1874 1456 1893 o
1468 1873 1490 1894 R
1500 1873 1518 1893 A
1530 1871 1551 1892 N
1561 1872 1581 1893 D
1591 1871 1614 1892 υ
1625 1870 1668 1900 M,
1687 1863 1762 1900 quod
1780 1873 1880 1893 omnes
1897 1862 1994 1893 litterae
2013 1861 2155 1900 praedictae
2168 1860 2289 1892 liberatae
2300 1861 2344 1889 ἑὼ·

1288 1910 1364 1932 erunt
1378 1901 1561 1932 Thesaurario
1576 1901 1701 1931 Domini
1716 1901 1813 1938 Regis.

1850 1974 1902 2006 Per
1919 1974 2012 2007 Breve
2030 1977 2060 2006 de
2076 1979 2187 2014 privato
2206 1972 2305 2012 sigillo.

1489 2104 1537 2135 De
1562 2100 1740 2149 perfionibns
1770 2100 1895 2144 conceffis
1923 2098 2144 2133 cardinalibus.

1295 2187 1413 2244 REX
1433 2188 1567 2217 omnibus
1579 2187 1615 2224 ad*
1627 2197 1712 2225 quos,
1729 2187 1789 2217 ὅτε.
1807 2186 1929 2217 salutern.
2331 2217 2334 2219 ,

1388 2225 1566 2257 Attcndentes
1584 2225 1736 2256 affectionis
1755 2225 1937 2255 sinceritatem
1950 2246 1960 2261 ,
1985 2222 2017 2253 &
2035 2221 2209 2259 diligentiam
2248 2223 2352 2259 ervigi-
2371 2217 2444 2251 Ann.
2460 2213 2502 2249 D·

1298 2261 1477 2304 lem,rquim
1496 2264 1680 2295 venerabilem
1698 2272 1802 2301 patrem
1822 2262 1986 2292 Dominum
2004 2261 2154 2291 Thomam
2167 2232 2277 2299 Jorsge,
2295 2261 2351 2290 Ti·
2402 2267 2484 2298 1309:

1299 2302 1350 2341 tuli
1372 2303 1484 2333 Sanctae
1501 2303 1586 2333 Sabin
1616 2301 1803 2332 Presbiterum
1823 2300 2001 2331 Cardinalem
2013 2322 2024 2336 .,
2041 2300 2117 2329 circa
2134 2299 2354 2337 prosecutionem
2373 2301 2423 2337 4⁴⁷¹·
2444 2307 2470 2324 2-

1301 2338 1334 2370 &
1349 2341 1554 2381 expeditionem
1573 2341 1747 2378 negotiorum
1764 2338 1925 2369 nostrorum
1944 2339 1970 2368 in
1989 2336 2073 2368 Curia
2089 2337 2217 2368 Romana
2232 2337 2354 2368 habuisse
2375 2340 2402 2362 E·
2417 2345 2443 2362 22

1301 2380 1433 2446 isiovimus
1449 2380 1481 2409 &
1506 2377 1669 2416 impendisse
1683 2400 1694 2416 ‚
1725 2378 1758 2408 &
1777 2387 1862 2415 quam
1881 2386 1929 2415 per
1946 2376 2032 2414 ipsum
2050 2377 2202 2406 continuari
2219 2376 2248 2406 in
2265 2376 2357 2406 futuro
2377 2378 2432 2400 ΡΜ.
2455 2376 2481 2399 i.

1312 2426 1440 2453 peramus
2374 2416 2404 2438 Ε.
2421 2416 2446 2438 2.
2462 2416 2488 2448 p.-

1341 2440 1465 2485 Centum
1485 2454 1597 2484 Marcis
1615 2453 1815 2490 Sterlingorum
1833 2453 1991 2490 annuatim,
2007 2461 2054 2490 per
2071 2451 2187 2490 aequales
2204 2453 2362 2490 portiones,
2382 2458 2405 2477 ¹·
2417 2458 2454 2478 m·
2466 2452 2511 2475 ¹3·

1303 2492 1338 2524 ad
1356 2492 1423 2524 festa
1440 2493 1534 2523 Sancti
1551 2492 1701 2523 Michaelis
1718 2492 1750 2522 &
1764 2490 2030 2529 Paschae,duximus
2049 2490 2242 2520 concedendas
2256 2490 2358 2521 eidem.

1345 2569 1412 2600 Dat.
1430 2569 1502 2607 apud
1518 2567 1819 2606 Westmonasterium,
1835 2577 1864 2607 4.
1884 2566 1928 2597 die
1943 2566 2049 2597 Martii.

1310 2646 1479 2678 Consimiles
1499 2645 1597 2676 litteras
1611 2669 1621 2683 ,
1638 2644 1674 2675 de
1695 2643 1806 2676 diversis
1826 2643 2005 2682 pecuniarum
2028 2642 2167 2682 Summis,
2184 2643 2287 2674 habent
2303 2636 2366 2674 s‘ub⁴

1345 2686 1455 2724 scripti3
1473 2684 1620 2722 videlicet,

1311 2764 1443 2792 Dominus
1455 2759 1600 2790 Arnaldus
1616 2759 1687 2789 dela
1704 2758 1852 2798 Pelagrue,
1870 2758 1974 2789 sanaae
1994 2760 2096 2787 Mariae
2116 2761 2144 2787 in
2163 2760 2273 2788 Porticu
2295 2760 2369 2787 Dia-

1349 2811 1424 2830 conus
1442 2798 1614 2837 Cardinalis,
1633 2799 1663 2828 de
1700 2801 1876 2837 uinquaginta
1893 2799 1997 2827 Marcis
2010 2796 2209 2834 Sterlingorum.

1314 2840 1472 2870 *Dominus
1485 2840 1583 2867 Petrus
1599 2839 1630 2867 de
1639 2842 1672 2866 Co
1684 2845 1779 2874 umpna
1787 2858 1797 2874 ,
1815 2839 1949 2865 Diaconos
1963 2834 2116 2865 Cardinalis
2124 2857 2135 2872 ,
2151 2836 2181 2863 a'e
2195 2835 2373 2875 quinquagin-
2406 2835 2421 2852 ὓ
2437 2831 2493 2864 iii,

1347 2884 1379 2906 ta
1398 2880 1503 2906 Marcis
1520 2875 1725 2913 sterlingorum,
2409 2876 2473 2911 13&5

1314 2918 1446 2946 Dominus
1471 2917 1562 2944 Lucas
1586 2915 1618 2943 de
1643 2913 1720 2953 Flysk
1734 2936 1745 2950 ,
1770 2913 1877 2942 Sant‘lae
1902 2915 2004 2941 Μανία.»
2029 2914 2058 2940 in
2085 2909 2215 2940 vialata
2232 2912 2370 2939 Diaconos

1352 2952 1524 2989 cardinalis,
1542 2953 1573 2982 de
1590 2952 1773 2992 quadraginta
1792 2953 1896 2979 Marcis
1914 2949 2112 2987 Sterlingorum.

1313 2996 1446 3024 Dominus
1462 2996 1496 3019 W
1496 2990 1619 3020 illielmus
1636 2989 1743 3028 Ruffati
1758 3012 1766 3027 ,
1790 2988 1874 3018 Tituli
1890 2990 1998 3018 Sam‘lae
2018 2990 2127 3016 Potenti

1349 3029 1521 3068 cardinalis,
1539 3030 1569 3058 de
1586 3030 1770 3068 quadraginta
1786 3029 1890 3056 ,Marcis
1907 3026 2106 3062 Sterlingorum.

1313 3069 1445 3100 Dominus
1461 3070 1615 3097 Betrandus
1633 3067 1664 3095 de
1682 3066 1799 3103 Bordes,
1819 3064 1956 3104 Epifiopus
1974 3063 2151 3102 Albfflenfis,
2169 3065 2281 3092 Domini
2294 3065 2370 3092 Sum*

1348 3111 1385 3137 mi
1402 3105 1541 3147 Pontificis
1560 3107 1746 3143 Camerarius,
1763 3104 1794 3133 de
1813 3107 1929 3140 triginta
1947 3105 2052 3132 Marcis
2067 3101 2269 3139 sterlingorum.

2128 2998 2188 3016 anae
2200 3009 2210 3025 ,
2236 2974 2372 3016 'Presbiter

1398 3193 1416 3214 r.
1427 3191 1537 3213 ixionii
1550 3189 1631 3211 NDU
1642 3188 1667 3210 M
1684 3201 1695 3218 ,
1712 3179 1791 3218 quod
1809 3178 1868 3209 istae
1887 3179 1983 3209 litterae
2002 3179 2124 3209 liberatae
2141 3178 2251 3208 fuerunt
2268 3171 2374 3206 Domh

1407 3232 1446 3252 no
1469 3221 1594 3251 W'altero
1616 3218 1819 3258 Wygorniensi
1845 3216 1988 3255 Episcopo
2003 3239 2012 3255 ,
2045 3217 2228 3247 Thefiiurario
2252 3214 2374 3244 Domini

1315 3261 1508 3336 ffiggislicgpgr
1533 3258 1622 3296 ipsum
1640 3255 1758 3294 praefatis
1776 3255 1969 3287 Cardinalibus
1985 3255 2143 3286 deferendae
2158 3277 2168 3292 ,
2193 3254 2228 3283 de
2246 3251 2377 3282 mandato

1804 3368 1858 3400 Per
1876 3370 1956 3400 breve
1968 3369 2048 3409 fixum
2065 3368 2096 3398 de
2108 3371 2221 3407 privato
2238 3359 2337 3403 Sigillo.

1624 3498 1672 3530 De
1695 3509 1770 3529 auro
1795 3498 1905 3541 Reginae
1928 3493 2068 3526 levando.

1319 3583 1559 3652 REXstdiletSk}
1569 3583 1604 3651 l&
1624 3581 1697 3612 fideli
1713 3580 1761 3611 suo
1777 3603 1786 3618 ,
1804 3578 1934 3609 Roberto
1953 3578 1988 3608 de
2006 3577 2139 3616 Holand,
2150 3576 2306 3616 Justiciario
2325 3575 2373 3606 suo
2389 3591 2464 3624 Am.
2482 3588 2523 3625 ‘DE

1459 3633 1507 3652 rim
1553 3632 1567 3651 a
1578 3630 1662 3651 utem.
2436 3641 2448 3653 ἢ

1358 3624 1525 3693 Μξξάεηωέ
1547 3660 1629 3689 vobis
1653 3657 1727 3696 quod
1745 3657 1780 3687 de
1797 3656 1929 3698 omnibus
1954 3654 2053 3684 finibus
2067 3676 2084 3697 ,ι
2107 3654 2137 3683 in
2160 3652 2262 3684 Ballivfi
2285 3650 2373 3682 vestia
2388 3641 2501 3697 A¹Joz9⁴

1319 3700 1399 3732 factis
1415 3711 1429 3730 a
1441 3707 1584 3736 tempore,
1602 3706 1658 3734 quo
1677 3695 1817 3737 isabellam
1836 3693 1980 3730 Reginam
1999 3692 2112 3735 Angha}
2131 3690 2302 3735 Consortem
2320 3698 2374 3733 no-
2394 3682 2430 3735 E?
2441 3717 2454 3734 2
2484 3691 2492 3698 ‘

1321 3739 1404 3770 stram
1423 3737 1588 3768 carillimam
1607 3734 1842 3774 desponlavimuS,
1858 3732 1890 3762 ὅ(
1910 3740 1942 3761 ex
1958 3740 2034 3774 nunc
2054 3729 2203 3768 faciendis,
2220 3738 2316 3772 aurum
2331 3733 2374 3765 ip·
2394 3729 2481 3779 clau'f

1319 3779 1368 3808 sius
1386 3777 1509 3811 Reginae
1545 3783 1594 3811 per
1614 3772 1752 3803 ministros
1769 3769 1875 3801 nostros
1889 3771 2004 3807 partium
2023 3767 2149 3806 illarum,
2165 3767 2266 3805 levari,
2283 3768 2315 3796 &
2328 3776 2376 3796 au·
2436 3789 2456 3811 E
2474 3769 2490 3812 ‘2

1320 3826 1385 3846 rum
1403 3813 1467 3844 illud
1486 3796 1567 3849 ulique
1585 3810 1766 3841 Scaccarium
1786 3808 1913 3838 nostrum
1930 3806 2055 3850 Westrn.
2072 3805 2177 3849 dilecto
2192 3804 2307 3848 Cleri'co
2320 3813 2374 3833 no-
2389 3795 2421 3850 ’ζ
2441 3806 2466 3857 72
2494 3800 2502 3812 ⁶

1322 3855 1379 3884 stro
1397 3852 1476 3882 Petro
1492 3851 1528 3879 de
1549 3849 1712 3889 Oolynburn
1727 3870 1737 3886 ,
1762 3846 1869 3877 custodi
1886 3855 1942 3876 auri
1960 3843 2086 3882 praedicti
2102 3867 2112 3882 ,
2126 3844 2232 3873 ibidem
2254 3842 2375 3872 hberan-
2419 3845 2425 3850 ·

1319 3893 1388 3923 dum
1398 3913 1407 3929 ,
1425 3890 1495 3919 mitti
1512 3887 1629 3924 faciatis,
1645 3883 2022 3916 Thesaurarium&ssarones
2036 3881 2145 3912 nostros
2157 3881 2296 3912 Scae-carii
2304 3888 2374 3923 prae*

1320 3930 1389 3961 dicti
1406 3928 1442 3958 dc
1461 3927 1559 3956 finibus
1575 3924 1714 3966 praedictis
1730 3945 1740 3962 ,
1770 3924 1802 3953 ὃς
1821 3921 1856 3951 de
1873 3921 2032 3951 nominibus
2051 3920 2161 3950 illorum
2175 3943 2185 3959 ,
2214 3920 2251 3950 de
2296 3919 2375 3949 uibus

1319 3977 1415 3999 aurum
1434 3965 1598 4003 praedictum
1615 3962 1738 3993 levatum
1756 3960 1837 3991 fuerit
1851 3981 1862 3999 ,
1893 3959 1942 3989 sub
1967 3957 2057 3996 sigillo
2079 3957 2173 3990 vestro
2187 3957 2277 3989 dicun
2307 3967 2324 3987 e
2339 3956 2373 3986 δὲ

1321 4001 1629 4079 39ῗὲᾍὲεέἑέῗῖῗὸαᾶ
1641 4037 1767 4070 westm.
1782 4043 1811 4076 4.
1827 4035 1874 4066 die
1889 4032 1995 4066 Marus.

1807 4073 1828 4105 S
2329 4066 2373 4097 De
