2570 4261
232 123 313 152 100

86 198 160 226 Ann.
175 196 215 227 D.
234 197 268 228 &
288 194 431 226 Isabellam
451 193 594 229 Reginam
613 199 730 220 uxorem
751 189 823 227 ejus,
840 186 882 218 H.
897 187 963 217 Vic.
977 187 1104 218 Thoarc.
1119 184 1289 229 &wiliiel-

107 236 191 264 1226.
234 244 318 264 mum
339 233 365 263 le
384 231 546 263 Arceveske
560 253 569 266 ,
593 229 641 266 qui
660 227 695 257 ad
712 227 855 257 servitium
872 226 953 264 ipsius
974 226 1023 257 Re
1044 227 1063 256 's
1083 225 1193 263 Angliae
1205 248 1215 261 ,
1241 232 1289 260 per

84 278 147 302 Heu.
167 283 192 311 3.
231 272 375 311 praedictas
393 269 596 300 conventiones
612 268 646 298 &
664 264 877 304 conceffiones,
892 265 995 296 reversi
1026 272 1077 295 unt
1089 288 1100 303 ,
1118 263 1234 293 firmiter
1255 262 1289 292 &

235 311 292 341 sine
304 308 399 340 fraude
410 307 599 337 observentur.
1195 339 1200 343 Ι
1271 337 1277 342 .

273 348 307 379 In
320 349 397 386 cujus
409 346 448 375 rei
462 343 658 374 testimonium
669 343 736 374 huic
753 341 857 381 scripto
877 341 961 382 figiua
982 340 1078 372 nostra
1098 348 1203 377 appom
1222 337 1293 368 feci-

235 396 308 417 mus.

274 460 337 491 Aci.
356 457 429 496 apud
445 457 570 489 London
585 458 615 488 in
628 457 720 499 vigilia
733 457 942 488 beatiThomae
955 454 1103 493 Apostoli,
1120 462 1196 483 anno
1210 450 1292 489 regni

236 499 314 537 ipsius
330 497 453 528 Domini
468 496 556 536 Regis
573 506 619 527 11.

921 568 1078 609 Duplicatae
1085 565 1161 606 ficnt.

89 733 135 760 „L
151 738 214 768 ²9¹·
471 705 498 731 ’ᾖ
526 708 646 739 Littera
664 706 750 737 Petro
768 705 877 737 Comiti
898 704 1065 734 Britanniae.

83 806 161 838 Ann.
171 805 211 836 D.

105 853 190 881 1227.

85 888 138 912 An.
157 894 166 910 1
177 893 198 911 t.

236 793 363 852 REX
386 790 492 822 dilecto
511 790 545 822 &
569 788 643 820 fideli
661 788 710 820 suo
729 787 762 819 P.
778 787 892 819 Comiti
907 786 1008 818 Britan.
1025 786 1142 817 salutem
1155 785 1189 817 &
1213 793 1297 815 amo-

310 841 379 862 rem.

273 870 423 901 Noveritis
438 867 515 906 quod
527 866 563 897 de
574 867 691 905 negotiis
707 865 772 904 illis,
790 864 826 895 de
841 865 940 903 quibus
956 864 1038 894 nobis
1058 861 1230 906 significastis
1248 871 1298 905 per

235 910 356 939 nuncios
375 907 483 937 nostros
503 907 537 937 &
557 905 664 935 vestros
677 927 686 943 ,
703 904 823 934 fecimus
843 902 978 942 quicquid
997 903 1080 932 nobis
1104 899 1297 938 consuluistis3

236 948 316 985 super
328 947 378 976 hiis
392 947 425 977 &
438 944 494 975 aliis
508 943 622 974 consilia
636 942 726 973 vestra
742 941 881 973 credituri.
1250 977 1255 982 ι
1270 978 1275 983 ’

275 986 426 1023 Rogamus
446 991 541 1013 autem
560 982 742 1012 dileffionem
763 979 886 1011 vestram
905 987 1039 1019 quatenus
1055 1002 1064 1018 ,
1083 987 1150 1009 cum
1171 976 1298 1020 concilio

237 1024 333 1055 vestro
354 1023 462 1061 penitus
484 1031 535 1051 nos
555 1020 778 1058 exposuerimus,
796 1018 832 1048 fic
853 1028 905 1048 vos
928 1019 1117 1049 intromittatis
1134 1016 1170 1046 de
1183 1014 1296 1055 agendis

237 1062 355 1100 nostris,
374 1070 406 1092 ut
424 1059 459 1090 ad
479 1060 623 1090 honorem
645 1058 704 1089 Dei
723 1058 756 1089 ὃς
775 1056 809 1087 ad
823 1057 966 1088 honorem
980 1055 1111 1087 nostrum
1124 1056 1157 1087 ὃς
1171 1053 1298 1085 vestrum

236 1100 401 1140 procedant.

83 944 220 997 Clausit.

85 1003 119 1026 H.
138 1008 161 1035 3.
175 1008 210 1025 m.

87 1046 132 1064 22.
147 1038 172 1065 d.

238 1187 244 1192 ·
274 1176 366 1208 Teste
379 1175 462 1216 Rege
474 1174 547 1214 apud
559 1173 682 1214 Rading.
705 1183 737 1214 ¹3
753 1172 798 1204 die
806 1172 938 1212 Januarii.

375 1312 423 1344 De
441 1311 561 1355 negotiis
576 1304 752 1352 complendis
769 1316 837 1338 cum
857 1306 971 1338 Comite
992 1300 1156 1336 Marchiae.

240 1393 365 1453 REX
394 1393 513 1434 Hugoni
549 1392 661 1423 Comiti
675 1391 815 1422 Mai-chiae
829 1389 910 1422 &In
930 1388 1021 1420 olism.
1035 1388 1159 1419 salutern.

89 1416 164 1485 ΑΙΠΖἾ,
177 1416 216 1446 D'
333 1432 477 1463 Mittimus
490 1416 531 1462 ad²
537 1442 589 1462 vos
601 1430 772 1475 venerabiles
786 1438 874 1468 patres
913 1468 918 1472 ῃ
935 1452 941 1457 .
957 1427 1088 1458 Eborum
1097 1425 1298 1464 Archiepisco-

86 1464 206 1523 Anf'171'·
241 1481 327 1509 pum,
343 1471 396 1500 W.
412 1470 620 1502 Carleolensem
634 1469 824 1507 Episcopum,
843 1468 876 1499 &
891 1466 1028 1497 dileetum
1043 1466 1077 1497 &
1097 1464 1212 1495 fidelem
1233 1474 1299 1494 nos-

242 1520 318 1540 rrum
338 1508 503 1547 Philippum
522 1508 559 1538 de
580 1507 733 1538 Albiniaco
754 1506 788 1537 ad
807 1504 1013 1544 complendum
1035 1504 1148 1548 negotia
1170 1503 1215 1533 illa
1228 1527 1239 1542 .,
1264 1502 1301 1532 de

239 1548 493 1619 ggsigigssaraCiatus
512 1547 552 1577 est
572 1548 642 1577 inter
663 1557 715 1577 nos
727 1571 737 1585 ‚
754 1547 787 1577 &
809 1555 861 1576 vos
877 1568 887 1583 ,
905 1554 954 1583 per
974 1552 1093 1574 nuncios
1114 1540 1226 1572 nostros
1239 1565 1249 1580 ,
1267 1542 1301 1573 ὃ(

274 1661 364 1694 Teste
378 1663 461 1703 Rege
475 1661 549 1702 apud
563 1661 684 1701 Rading.
706 1671 739 1702 13
757 1661 803 1691 die
814 1659 944 1699 Januarii.
956 1659 965 1673 Ὗ

279 1741 382 1808 Εοᾶεηί
398 1739 470 1769 modo
476 1737 608 1779 firibitur
620 1740 730 1777 Hugoni
753 1738 900 1767 Vicecomiti
921 1734 1035 1766 Thoarc.
1054 1734 1093 1770 &⁶
1112 1732 1256 1765 Wllielmo
1277 1732 1303 1763 Ie

240 1784 364 1810 Arceves
383 1790 404 1809 e.

88 1538 124 1561 H.
145 1542 171 1569 3.

86 1572 222 1608 Clausit.

89 1614 124 1637 H.
143 1619 167 1644 3.
183 1619 218 1637 m.

89 1657 134 1676 ιι..
147 1648 171 1676 d.

410 1918 530 1949 Littera
542 1912 673 1948 Ricardo
689 1916 772 1947 Com.
788 1913 927 1946 Piflaviae
938 1911 1040 1957 fratri
1048 1913 1145 1958 Regis.

89 1999 166 2032 Ann.
176 1999 216 2030 D.

109 2047 192 2076 1227.

89 2081 142 2105 An.
161 2087 202 2105 ir.

243 2005 297 2060 R
306 2003 330 2034 E
340 2002 382 2047 Χ.
397 2001 437 2032 R.
450 1999 562 2032 Comiti
577 1999 712 2044 Pic'taviae
726 1998 849 2029 salutem.
926 2037 932 2042 '
1143 2035 1149 2040 ·

336 2041 469 2072 Misimus
483 2039 655 2071 venerabiles
670 2046 759 2075 patres
765 2037 845 2075 supra
852 2044 1013 2067 nominatos
1019 2034 1053 2065 ad
1061 2034 1210 2079 Comitem
1220 2034 1303 2080 Mar-

244 2080 336 2119 chiae‚
352 2081 385 2111 &
405 2079 618 2110 Vicecomitem
637 2076 790 2114 Thoarcii‚
809 2077 842 2107 &
866 2075 933 2105 alios
949 2073 1301 2118 Magnatesparnumulla-

91 2121 188 2183 Ziza.
243 2118 470 2187 {iniri-{13³3
481 2114 891 2190 2¹3³¹¹12²¹333i3ffi23ffi2335
905 2112 1302 2189 ffiagi‘ss‘ffo’qffl‘ffi

87 2164 97 2182 ι
241 2196 280 2227 eis
288 2218 298 2235 ,
315 2166 395 2233 sdgper
409 2193 521 2235 agendis
539 2164 641 2225 nostris
651 2193 728 2232 juxta
741 2176 895 2223 consilium'
902 2190 1017 2222 illorum
1030 2190 1196 2229 operemini.

277 2271 368 2304 Teste
383 2271 469 2310 Rege
483 2270 555 2310 apud
569 2270 700 2310 Radyng.
723 2278 757 2310 13
774 2268 820 2299 die
830 2268 961 2308 Januarii.

359 2395 448 2429 Bulla
463 2397 593 2429 Honorii
603 2421 613 2437 ‚
638 2392 674 2427 de
692 2396 872 2441 exemptione
889 2403 910 2425 a
927 2389 1187 2435 Commtffionibns.

93 2441 110 2458 N

90 2482 166 2514 Ann.
180 2483 222 2515 D.
242 2479 442 2542 HOnorius
455 2479 625 2519 Episcopus,
643 2479 734 2510 servus
750 2478 895 2509 servorum
911 2477 984 2516 Dei,
1002 2476 1109 2508 dilecto
1129 2477 1188 2509 filio
1208 2477 1301 2510 Priori

112 2532 195 2558 1227.
332 2519 432 2550 saneiae
445 2519 590 2550 Trinitatis
611 2517 816 2549 Londoniensis
837 2516 968 2555 salutem,
987 2516 1020 2547 &
1041 2515 1228 2554 apostolicam
1250 2519 1302 2549 be-

90 2565 142 2589 An.
160 2571 201 2589 ii.
237 2557 440 2589 nediffionem.

90 2604 125 2627 H.
145 2610 168 2636 3.
275 2596 303 2627 A
314 2597 396 2627 nobis
409 2595 554 2627 humiliter
566 2593 709 2633 postulasti
721 2603 770 2633 ut,
788 2604 856 2625 cum
870 2603 930 2624 non
950 2593 1050 2623 habeas
1065 2594 1134 2632 juris
1153 2594 1301 2634 peritiam,

89 2641 130 2666 Ex
149 2640 219 2676 Orig,
239 2634 272 2666 &
293 2643 406 2673 propter
417 2634 590 2674 judiciorum
611 2633 757 2671 strepitum
776 2633 920 2671 contingat
939 2631 1041 2662 sanctae
1052 2632 1300 2670 contemplationis

239 2673 268 2704 in
283 2681 312 2703 te
324 2673 417 2704 otium
430 2671 576 2711 impediri,
596 2673 719 2702 eximere
732 2679 760 2701 te
774 2681 790 2701 a
802 2669 1038 2701 commissionum
1052 2670 1212 2701 nostrarum
1225 2670 1301 2702 solli-

240 2711 365 2751 citudine
381 2711 572 2750 dignaremur.

278 2749 347 2780 Nos
359 2759 443 2789 ergo,
462 2751 514 2780 tuis
525 2748 770 2787 supplicationibus
782 2755 931 2785 anuentes,
939 2746 1106 2778 auctoritate
1118 2748 1170 2779 tibi
1183 2747 1302 2785 praesen-

240 2789 311 2820 tium
326 2788 563 2830 iiidulgemusut,
581 2787 736 2817 terminatis
751 2786 835 2817 causis
847 2786 883 2816 ab
897 2784 1051 2824 apostolica
1065 2786 1117 2817 tibi
1136 2785 1200 2816 sede
1217 2795 1301 2817 com-

243 2827 344 2865 missis,
362 2837 411 2865 per
427 2825 652 2858 Commissiones
667 2825 789 2863 nostras,
808 2835 875 2864 quas
892 2824 928 2854 de
948 2832 1045 2855 cetero
1066 2823 1100 2854 ad
1118 2830 1147 2854 te
1159 2825 1300 2862 impetrari

242 2867 408 2904 contigerit,
425 2875 485 2896 non
506 2865 620 2896 tenearis
643 2863 813 2903 procedere,
828 2863 877 2894 nifi
893 2863 930 2894 de
950 2861 1121 2903 indulgentia
1142 2862 1302 2902 hujusmodi

243 2903 340 2933 fecerit
354 2906 539 2934 mentionem.

277 2940 362 2970 Nulli
382 2952 411 2971 er
430 2953 450 2972 o
468 2942 590 2972 omnino
611 2941 764 2971 hominum
786 2940 867 2971 liceat
882 2940 954 2970 hanc
966 2940 1096 2979 paginam
1111 2939 1215 2970 nostrae
1229 2949 1301 2972 con-

244 2978 372 3009 cessionis
386 2980 413 3009 in
442 2981 551 3019 ingere,
570 2980 615 3010 vel
631 2981 656 3009 ei
671 2979 736 3009 ausu
751 2979 902 3009 temerario
914 2980 1060 3009 conti-aire.

281 3017 372 3055 Siquis
385 3026 479 3048 autem
493 3018 550 3048 hoc
567 3026 731 3055 attemptare
745 3016 952 3056 presumpserit,
970 3016 1027 3047 indi
1048 3018 1192 3048 nationem
1205 3018 1303 3048 omni-

244 3057 364 3093 potentis
378 3054 454 3094 Dei,
471 3057 504 3086 δε
520 3057 669 3086 beatorum
683 3055 773 3094 Petri,
792 3057 825 3089 ὃς
839 3055 934 3095 Pauli,
952 3055 1019 3094 Apo
1045 3055 1161 3086 olorum
1183 3056 1260 3095 ejus,
1276 3056 1304 3088 se

244 3095 358 3125 noverit
369 3093 551 3124 incursurum.

283 3170 350 3202 Dat.
370 3170 498 3202 Lateran.
518 3179 554 3200 10
570 3169 634 3201 Kal.
649 3169 764 3209 Martii,
783 3170 914 3202 Pontific.
927 3170 1016 3202 nostri
1029 3181 1104 3202 anno
1116 3171 1240 3202 decimo.

96 3294 146 3322 Ἰ.
160 3304 224 3330 292-
248 3291 274 3316 *Ξ
300 3295 349 3326 De
378 3293 494 3327 auxilio
508 3303 563 3339 pro
591 3289 740 3337 Johanna
751 3292 852 3335 sorore
868 3294 976 3338 Regis,
1000 3294 1135 3326 Domina
1152 3292 1302 3325 Norunt-

737 3339 789 3371 liae.

97 3424 175 3456 Ann.
184 3426 224 3457 D.
247 3424 373 3492 RFle
400 3425 495 3463 probis
508 3425 671 3456 hominibus
683 3424 720 3455 de
730 3425 859 3456 maneriis
873 3424 909 3455 de
920 3424 1031 3464 Ralegh
1047 3426 1081 3456 &
1093 3424 1130 3455 de
1144 3424 1301 3457 Cunedoui·

122 3473 178 3494 122
201 3488 208 3494 .
329 3473 343 3492 a
354 3472 439 3494 utem.

94 3506 147 3532 An.
168 3472 208 3531 ιζ,
264 3537 268 3542 .
289 3499 469 3542 Quiaomnes
481 3501 617 3533 Civitates
631 3501 751 3540 nostras,
770 3500 826 3533 Bur
844 3511 894 3540 OS,
913 3502 946 3532 &
960 3500 1119 3533 Dominica
1138 3502 1232 3532 nostra
1253 3502 1302 3533 tal-

94 3545 130 3568 Η,
149 3551 173 3578 3,
250 3536 308 3566 liari
327 3537 457 3578 facimusg
475 3539 665 3570 concessimus
683 3540 795 3570 dileetae
828 3540 904 3571 orori
916 3538 1020 3570 nostrae
1030 3539 1150 3578 Joannae
1162 3540 1301 3571 Dominae

94 3582 153 3607 Par.
164 3589 172 3605 i
184 3590 206 3607 1.
252 3574 432 3616 Norwalliae‚
447 3579 492 3608 cui
506 3578 699 3609 commisimus
712 3578 787 3609 dieta
800 3578 929 3609 Maneria
942 3577 1037 3608 nostra
1050 3577 1086 3607 de
1098 3577 1209 3618 Ralegh
1223 3579 1301 3610 &de

95 3621 223 3655 fl,3,n,7,
248 3612 422 3653 Cunedour,
440 3617 572 3653 quamdiu
591 3617 672 3647 nobis
691 3617 839 3660 placuerit,
858 3616 936 3661 quod
956 3616 1025 3646 loco
1044 3616 1144 3656 tallagii
1158 3617 1301 3655 praedicti,

247 3651 328 3689 quod
342 3651 377 3680 de
388 3654 468 3683 vobis
482 3663 644 3692 caperemus
652 3679 662 3693 ,
680 3655 839 3685 rationabile
850 3655 983 3685 aiixilium
995 3656 1020 3685 ei
1033 3654 1143 3685 faciatis.

248 3688 410 3759 velliiztisideo
426 3692 507 3721 vobis
527 3692 689 3724 mandamus
711 3692 789 3732 quod
806 3694 928 3734 benigne
942 3694 977 3726 &
989 3701 1126 3734 gratanter
1138 3693 1196 3725 hoc
1211 3693 1301 3726 facere

283 3802 374 3836 Teste
385 3803 468 3845 Rege
480 3805 551 3843 apud
564 3806 688 3838 Westm.
704 3807 739 3839 18
751 3806 797 3839 die
812 3806 918 3839 Martii.

695 93 1496 144 CONVENTIONES‚
1550 91 1934 145 LITERAE,

2403 199 2482 232 Ann.
2491 201 2533 243 D.

2433 249 2519 278 ¹227·

1595 274 1643 305 De
1652 271 1772 306 Foedere
1788 284 1857 305 cum
1872 274 1960 305 Duce
1973 273 2121 305 Bavariae.
2404 281 2456 308 An.
2476 289 2486 307 i
2496 290 2520 309 i.

1328 356 1522 417 Hssnricus
1537 355 1596 386 Dei
1612 357 1713 396 gratia,
1729 357 1789 389 &a
1810 357 1918 388 Amico
1935 357 1966 387 in
1986 356 2105 388 Christo
2124 355 2231 386 anceio
2244 354 2278 386 sc
2288 352 2386 385 illustri
2402 321 2537 394 ZQJ...

1420 395 1483 425 viro
1496 394 1531 424 L.
1540 394 1759 433 DuciBawariae
1771 395 1886 427 salutem
1920 405 1989 426 cum
2004 394 2275 426 finceradiiefflone.
2404 398 2438 421 Η.
2454 403 2480 432 3.
2496 404 2534 424 m.

1363 431 1570 463 Transmissum
1589 432 1624 463 ad
1643 444 1716 472 nos,
1735 443 1769 464 ex
1789 442 1867 471 parte
1887 418 2092 464 Romanorum
2110 433 2199 472 Regis
2222 430 2333 462 illustris
2352 432 2386 463 &
2408 441 2451 470 ¹3-
2468 432 2495 461 d.

1328 470 1436 508 vestra,
1452 470 1622 510 Magistrum
1636 471 1802 502 Conradum
1816 471 2003 509 Praepositum
2017 471 2176 509 spirensem
2197 481 2267 502 cum
2284 470 2389 510 gaudio

1328 508 1495 546 suscepimus
1503 533 1512 547 ‚
1520 510 1554 540 &
1567 509 1723 541 audivimus
1736 510 1883 550 diligenter
1891 523 1902 548 3
1910 511 1943 542 &
1959 510 2041 541 ecce}
2059 509 2243 540 dilectionem
2255 509 2390 548 vestram,

1331 556 1397 584 quae
1408 546 1444 577 de
1458 546 1646 579 foederatione
1660 549 1732 579 inter
1745 548 1903 587 Imperium
1915 550 1949 581 ὃς
1962 559 2014 579 nos
2031 547 2174 588 jungenda
2191 547 2319 579 laborare
2335 558 2390 580 vo-

1331 584 1382 615 luit
1419 585 1569 624 gratiarum
1579 587 1692 617 afflone
1704 587 1909 626 prosequimur.

1370 607 1525 661 Cupientes
1542 625 1628 662 igitur
1645 625 1738 665 Regi,
1755 626 1789 657 δε
1808 625 1933 664 Imperio
1947 649 1957 664 ,
1973 635 2007 657 ac
2026 624 2182 655 Nobilitati
2199 622 2301 656 vestrae
2314 647 2324 663 ,
2343 625 2391 656 cui

1325 661 1387 699 jam
1398 661 1514 700 junctos
1527 662 1561 693 δε
1573 662 1725 695 foederatos
1739 673 1792 694 nos
1799 665 1999 709 cernimus'per
2006 664 2242 709 consanguineam
2248 661 2392 702 nostram,

1332 709 1420 737 quam
1441 699 1512 730 filius
1532 700 1624 731 vester
1643 703 1673 731 in
1693 711 1811 733 uxorem
1826 702 1921 741 duxit,
1939 713 1969 733 in
1983 703 2106 733 amicitia
2119 702 2154 734 ὃς
2168 700 2278 732 Foedere
2289 708 2393 733 mutuo

1330 738 1347 768 s
1362 738 1472 769 ecialius
1485 738 1614 778 adjungi,
1630 739 1748 771 dilectos
1760 741 1861 779 nobis,
1879 741 1913 772 &
1926 740 1942 771 s
1956 741 2053 772 eciales
2067 739 2238 780 Magistrum
2250 738 2393 771 Henr.'&

1358 776 1506 821 ernardum
1518 776 1648 808 Clericos
1660 778 1772 810 nostros
1781 802 1791 817 ‚
1806 787 1838 810 ut
1850 778 1920 811 dieti
1936 751 2030 819 lRegis
2050 780 2083 811 δε
2105 777 2227 810 vestram
2239 777 2345 816 plenius
2358 778 2393 810 &

1333 815 1485 846 evidentius
1496 815 1575 853 super
1589 816 1641 846 hiis
1653 817 1764 848 audiant
1777 817 1969 858 voluntatem,
1986 817 2021 848 ad
2034 828 2087 848 vos
2106 817 2238 848 duximus
2256 816 2395 847 transmit-

1332 853 1452 892 tendos,
1467 862 1595 892 rogantes
1611 863 1745 892 quatenus
1759 855 1794 886 ad
1808 856 1985 896 condignum
2000 857 2034 888 ὃ(
2048 855 2217 887 laudabilem
2236 855 2393 894 pertrahere

1334 893 1423 924 velitis
1437 886 1575 924 effeeturn
1588 893 1758 924 laudabiliter
1776 895 1923 925 inchoata..

1331 969 1558 1039 niffl'gistkgiRege
1571 969 1645 1010 apud
1659 969 1966 1011 westmonasterium,
1987 981 2021 1012 13
2038 971 2084 1003 die
2097 971 2300 1010 Aprilis,anno
2315 970 2395 1010 Reg-

1615 1134 1664 1167 De
1678 1131 1797 1166 Foedere
1820 1145 1890 1166 cum
1912 1134 2108 1179 Imperatore.

1334 1215 1622 1278 EXcellentiffimo
1642 1218 1707 1248 viro
1755 1217 1789 1249 &
1808 1217 1915 1249 dilecto
1936 1220 1966 1249 in
1991 1217 2108 1249 Christo
2128 1218 2224 1249 amico
2241 1216 2394 1255 Henrico‘‚
2412 1218 2487 1249 Ann.
2502 1219 2545 1253 D.

1414 1256 1472 1300 Dei
1492 1257 1578 1294 gratia
1598 1255 1696 1287 illustri
1719 1242 1923 1287 Romanorum
1944 1257 1974 1287 R
2011 1259 2045 1295 i,
2062 1258 2096 1289 &
2118 1256 2226 1295 semper
2248 1256 2394 1295 Augusto,
2436 1266 2521 1295 1227.

1332 1293 1494 1364 {iacgr-cus,
1512 1294 1612 1325 eadem
1631 1296 1732 1334 gratia,
1754 1295 1821 1326 Rex
1839 1295 1950 1336 Angliae
1965 1266 2051 1334 ,egeo
2070 1295 2186 1327 salutern
2205 1295 2238 1327 &
2258 1294 2394 1326 finceram
2414 1301 2466 1326 An.
2487 1307 2530 1327 ιι.

1373 1343 1389 1363 e
1421 1343 1526 1364 ionem.
2412 1340 2447 1364 H.
2488 1357 2495 1363 .

1371 1370 1577 1402 Transmissum
1597 1371 1632 1402 ad
1651 1382 1722 1412 nos,
1739 1381 1773 1403 ex
1793 1381 1871 1411 parte
1889 1372 1998 1412 vestra,
2017 1374 2111 1404 virum
2126 1372 2279 1411 providum
2294 1372 2327 1404 &
2340 1371 2396 1403 dis-
2412 1344 2549 1412 ClaZfiii.

1332 1418 1444 1440 cretum
1459 1410 1632 1449 Magistrum
1645 1410 1830 1450 Conradum,
1853 1411 2039 1450 Praepositum
2052 1411 2227 1451 spirensem,
2243 1420 2311 1442 cum
2326 1420 2395 1450 gau—
2413 1418 2448 1441 H.
2470 1422 2495 1450 3.
2509 1423 2549 1442 m.

1333 1449 1383 1479 dio
1396 1448 1563 1487 suscepimus
1578 1449 1612 1480 &
1624 1447 1773 1487 diligenter
1785 1449 1951 1481 audivimus.
2419 1461 2429 1479 ι
2436 1461 2463 1490 3.
2479 1451 2506 1480 A.

1371 1487 1409 1518 Et
1424 1487 1507 1518 ecce!
1527 1486 1721 1518 Nobilitatem
1739 1487 1879 1525 vestram,
1896 1498 1977 1528 quae,
1994 1489 2064 1520 ficut
2082 1490 2242 1527 accepimus
2265 1488 2301 1519 ab
2321 1489 2398 1528 ipso,

1337 1525 1442 1556 sincera
1455 1534 1519 1565 erga
1533 1535 1586 1556 nos
1599 1525 1756 1557 affectione
1768 1534 1924 1565 concepta,
1941 1536 1994 1558 nos
2008 1527 2058 1558 fibi
2071 1527 2101 1558 in
2114 1528 2237 1558 amicitia
2248 1527 2282 1558 &
2297 1536 2400 1559 mutuo

1337 1563 1447 1595 foedere
1457 1564 1538 1604 jungi
1551 1564 1658 1603 voluit,
1675 1566 1824 1604 gratiarum
1838 1565 1917 1596 multi
1939 1566 1985 1596 lici
1999 1565 2195 1604 prosequimur
2202 1565 2324 1596 actione.

1375 1602 1530 1642 Cupientes
1552 1604 1654 1643 igitur,
1671 1613 1706 1634 ex
1726 1603 1885 1642 plenissimo
1918 1613 1988 1635 onte
2008 1604 2133 1635 desiderii
2175 1612 2255 1635 tanto
2276 1603 2402 1643 Principi

1338 1640 1487 1680 foederari,
1505 1641 1677 1686 Magistrum
1689 1641 1870 1682 Henricum‚
1887 1643 1921 1675 &
1935 1642 2126 1683 Bernardum,
2143 1629 2274 1675 Clericos
2289 1643 2402 1674 nostros

1337 1680 1483 1719 speciales,
1501 1680 1583 1711 nobis
1595 1681 1629 1712 &
1644 1680 1779 1720 dilectos,
1797 1681 1831 1711 ad
1843 1691 1897 1712 vos
1909 1682 2119 1713 transmittimus
2127 1705 2137 1721 ,
2153 1690 2186 1713 ut
2196 1682 2278 1719 super
2283 1681 2334 1712 hiis
2342 1681 2402 1720 ple-

1337 1721 1398 1750 nius
1412 1720 1446 1751 &
1461 1718 1615 1750 evidentius
1629 1719 1740 1750 audiant
1753 1720 1930 1751 voluntatem
1943 1720 2083 1759 vestram;
2101 1722 2149 1752 cui
2163 1729 2261 1759 parere
2282 1729 2401 1758 promp-

1337 1759 1358 1789 ti
1370 1758 1482 1828 sugdrius,
1499 1767 1585 1796 prout
1599 1758 1704 1789 honori
1718 1759 1797 1798 regio
1811 1758 1858 1790 hic
1871 1758 1952 1799 inde,
1971 1769 2005 1791 ac
2020 1759 2162 1799 utriusque
2173 1767 2264 1798 regno
2276 1757 2402 1790 noscitur

1337 1806 1392 1835 exp
1429 1806 1476 1827 ire.

1359 1873 1464 1918 ‘Teste
1480 1873 1564 1914 Rege
1578 1874 1652 1913 apud
1667 1873 1974 1914 westmonasterium,
1995 1884 2029 1916 13
2046 1874 2092 1908 die
2100 1874 2221 1914 Aprilis,
2236 1883 2315 1906 anno
2321 1874 2404 1913 Reg-

1336 1923 1367 1944 ni
1383 1912 1472 1944 nostri
1492 1922 1539 1943 11.

1337 2034 1366 2063 *θ
1375 2039 1425 2072 De
1440 2034 1560 2071 Foedere
1576 2048 1644 2070 cum
1662 2036 1849 2085 Principibus
1865 2041 2050 2085 Imperii3&
2066 2038 2139 2085 filia
2156 2040 2244 2084 Regis
2262 2035 2403 2072 Bohemiae
2423 2052 2551 2091 *1-293,

1691 2090 1723 2119 in
1739 2089 1873 2121 Uxorem
1892 2086 2040 2121 ducenda.

1338 2170 1612 2234 ARchiepiscopo
1624 2170 1791 2203 Coloniensi
1805 2172 1888 2211 Rex,
1906 2171 1967 2204 &c.
1994 2170 2129 2203 Salutem.

1438 2209 1529 2249 Qod
1546 2210 1846 2250 confoederationem',
1865 2212 1936 2243 intei-
1957 2210 2122 2242 Dominum
2142 2210 2183 2242 R.
2203 2210 2399 2250 A1emanniae,
2418 2198 2494 2229 Am·
2510 2199 2551 2230 D·

1336 2247 1371 2279 &
1387 2247 1532 2287 Principes
1545 2248 1678 2288 Imperii,
1695 2250 1729 2281 &
1743 2260 1814 2288 nos,
1832 2251 1893 2280 iniri
1907 2249 2080 2289 desideratis,
2097 2250 2182 2288 parati
2197 2249 2232 2280 ad
2253 2249 2281 2280 id
2304 2249 2398 2281 consi-
2440 2246 2523 2275 1227.

1335 2286 1407 2317 lium
1420 2286 1520 2318 efficax
1533 2297 1567 2325 ap
1589 2297 1728 2327 onere‚ut
1742 2298 1776 2319 ex
1790 2289 1902 2327 litteris,
1919 2298 1935 2318 a
1948 2288 2103 2319 sinceritate
2115 2288 2297 2319 vestranobis
2305 2297 2394 2319 trans-
2416 2280 2469 2305 An.
2492 2286 2535 2305 ¹¹·

1336 2325 1440 2363 missis,
1459 2326 1563 2356 manife
1619 2327 1995 2365 perpendimus,paternitati
2007 2326 2108 2358 vestrae
2120 2328 2220 2358 uberes
2236 2326 2395 2357 exolvimus
2416 2320 2451 2343 H.
2471 2325 2497 2352 3·
2549 2358 2551 2360 .

1335 2365 1486 2403 gratiarum
1504 2365 1630 2395 actiones
1643 2389 1653 2404 ,
1677 2369 1757 2397 tanto
1776 2366 1858 2398 vobis
1877 2366 2039 2396 obnixior&
2054 2389 2066 2404 ,
2080 2367 2189 2404 quanto
2209 2366 2279 2397 citra
2298 2367 2396 2398 merita
2414 2353 2549 2390 clausu.

1336 2402 1435 2433 nostra
1447 2403 1632 2434 affeciionem
1645 2403 1784 2443 vestram,
1801 2405 1876 2435 circa
1888 2413 1957 2443 nos,
1973 2403 2106 2435 sensimus
2119 2404 2309 2435 sinceriorem.
2413 2396 2448 2420 H.
2471 2402 2497 2429 3·
2515 2402 2552 2443 mg

1374 2441 1556 2472 Gratulamur
1569 2441 1722 2481 siquidem,
1741 2444 1775 2474 &
1787 2442 1944 2473 admodum
1958 2443 2040 2473 nobis
2050 2441 2120 2474 esset
2129 2442 2308 2482 jocundum,
2325 2453 2399 2482 prae-
2420 2439 2464 2468 ¹3⁶
2483 2431 2511 2459 Α·

1334 2478 1425 2511 fatum
1437 2479 1604 2511 Dominum
1619 2481 1920 2521 Regem,Principem
1931 2480 2003 2513 adeo
2016 2489 2181 2520 potentem,
2199 2482 2234 2513 &
2248 2481 2398 2522 illustrem,

1337 2528 1406 2549 cum
1430 2519 1608 2558 Principibus
1628 2519 1760 2566 Imperii,
1777 2520 1811 2552 &
1833 2530 1885 2551 nos
1901 2528 2004 2552 mutuo
2016 2520 2268 2551 confoederationis
2280 2520 2399 2552 vinculo

1338 2556 1467 2598 astringi3
1486 2568 1563 2597 quo,
1580 2557 1684 2590 alterna
1699 2558 1853 2590 consilii&
1865 2559 1957 2590 auxilii
1969 2558 2157 2590 vicissitudine
2178 2559 2400 2600 interveniente,

1337 2594 1498 2628 adinvicem
1511 2597 1630 2635 pleniori
1643 2597 1826 2637 gauderemus
1841 2597 2035 2637 tranquilitate.

1375 2634 1456 2666 Cum
1478 2644 1574 2666 autem
1595 2635 1688 2666 adhuc
1707 2635 1789 2666 soluti
1804 2635 1897 2667 sumus
1931 2645 1986 2666 nec
2001 2645 2071 2667 cum
2083 2635 2174 2675 aliqua
2186 2637 2402 2668 matrimonium

1338 2674 1560 2704 contraxerimus
1567 2696 1577 2712 ‚
1594 2673 1641 2703 vel
1651 2674 1682 2703 in
1693 2674 1784 2712 aliqua
1795 2682 1873 2711 parte
1884 2659 2046 2713 obligemur
2059 2674 2158 2713 alicui,
2177 2676 2401 2712 paternitatives-

1336 2718 1386 2742 ttae
1399 2711 1530 2742 duximus
1542 2711 1755 2750 significandum
1790 2711 1846 2742 uod
1855 2734 1864 2750 ‚
1882 2711 1961 2749 super
1976 2711 2030 2742 filia
2046 2712 2155 2743 illustris
2170 2712 2258 2753 Regis
2273 2713 2402 2745 Boemiae

1335 2748 1465 2780 ducenda
1483 2751 1513 2780 in
1532 2759 1670 2788 uxorem,
1685 2750 1755 2781 sicut
1769 2722 1924 2781 ‘scribentes
1944 2750 2027 2781 nobis
2047 2750 2123 2781 bona
2137 2749 2194 2780 fide
2206 2751 2401 2790 consuluistis,

1336 2788 1383 2819 vel
1401 2788 1453 2819 alia
1472 2788 1556 2819 nobis
1574 2787 1677 2819 idonea
1689 2787 1792 2826 copula
1806 2788 2006 2819 matrimoniali
2019 2787 2235 2829 conjungenda,
2254 2790 2341 2827 parati
2353 2790 2399 2821 su-

1336 2836 1399 2858 mus
1419 2826 1515 2858 vestro
1536 2836 1632 2864 parere
1652 2827 1788 2865 consilio,
1807 2826 1827 2856 fi
1849 2826 2043 2858 commodum
2062 2828 2096 2859 ὃς
2110 2827 2253 2858 honorem
2266 2827 2398 2859 nostrum

1337 2866 1367 2896 in
1389 2865 1447 2897 hoc
1467 2864 1646 2897 consideretis
1659 2890 1670 2904 ‚
1693 2866 1727 2898 &
1748 2865 1831 2896 nobis
1850 2866 1883 2897 &
1904 2865 2011 2905 Regno
2032 2860 2131 2897 nostro
2154 2866 2284 2905 expedire
2303 2865 2401 2898 videa-

1338 2913 1410 2934 mus.

1375 2942 1438 2973 Vos
1459 2943 1541 2982 igitur
1555 2966 1565 2981 ‚
1584 2942 1604 2973 si
1627 2941 1718 2981 placet
1732 2967 1742 2982 ,
1759 2943 1819 2974 tam
1841 2942 1921 2981 super
1942 2943 2001 2974 hoc
2015 2967 2026 2982 ,
2044 2943 2132 2982 quam
2150 2943 2207 2974 aliis
2220 2967 2230 2982 ,
2249 2943 2402 2975 voluntatis

1338 2980 1438 3011 vestrae
1452 2981 1678 3020 beneplacitum,
1697 2991 1747 3020 per
1762 2981 1939 3020 praesentium
1955 2981 2092 3021 latorem,
2111 2992 2198 3022 quem
2210 2980 2246 3013 ad
2265 2992 2318 3014 vos
2339 2982 2402 3014 des-

1338 3020 1475 3058 tinamus,
1493 3020 1543 3051 sub
1557 3019 1734 3052 festinatione
1745 3020 1828 3051 nobis
1842 3020 1993 3060 significare
2007 3021 2104 3052 velitis.

1339 3136 1369 3166 ni
1379 3095 1471 3167 ἓξὲξ
1486 3096 1569 3167 {ege
1582 3097 1656 3137 apud
1668 3096 1956 3129 Westmonasterium
1964 3122 1975 3137 ,
1999 3107 2033 3140 13
2049 3097 2096 3130 die
2103 3097 2219 3137 Aprilis,
2235 3107 2312 3130 anno
2319 3097 2400 3139 Reg-

1339 3262 1428 3294 Bulla
1445 3261 1481 3294 de
1500 3275 1556 3294 non
1575 3262 1750 3308 proferendo
1766 3267 1948 3298 Sententiam
1966 3264 2117 3299 interdic'ii
2137 3274 2193 3298 aut
2208 3267 2399 3299 Excommu-

1409 3314 1564 3343 nicationis
1581 3315 1612 3343 in
1626 3312 1783 3357 personam
1799 3316 1886 3360 Regis
1905 3323 1960 3346 aut
1977 3312 2126 3348 Richardi
2134 3314 2252 3360 fratris
2262 3312 2326 3359 stoi.

1412 3395 1539 3440 Onorius
1553 3395 1708 3442 Episcopus
1744 3397 1838 3429 servus
1851 3398 1998 3431 servorum
2011 3399 2087 3438 Dei,
2105 3398 2245 3430 carifflmo
2258 3397 2396 3430 inChris-
2413 3401 2490 3433 Ann.
2499 3401 2539 3434 D.

1338 3475 1358 3504 b
1396 3443 1480 3503 edtgfi
1477 3434 1536 3465 filio
1551 3434 1683 3466 Henrico
1700 3420 1799 3468 islustri
1814 3437 1891 3479 Regi
1904 3438 2018 3478 Angliae
2029 3438 2143 3471 salutem
2160 3437 2195 3469 &
2209 3436 2394 3476 apostolicam
2438 3450 2524 3479 1227.

1360 3483 1394 3505 en
1432 3483 1439 3502 l
1481 3483 1578 3503 onem.
2454 3503 2460 3508 .
2519 3503 2527 3509 .

1376 3512 1529 3550 volentes,
1546 3512 1575 3542 in
1589 3512 1689 3550 quibus
1704 3512 1858 3545 secundum
1872 3514 1972 3547 Deum
1986 3514 2147 3555 poffumus,
2165 3522 2222 3545 tuae
2234 3513 2393 3546 sublimitati
2410 3483 2524 3555 2222.

1336 3551 1462 3589 deferre,
1479 3550 1673 3582 mandavimus
1687 3551 1792 3584 dilecto
1806 3553 1864 3584 filio
1878 3554 1977 3585 nostro
2001 3554 2157 3593 Romano,
2174 3553 2271 3585 Sandfi
2291 3552 2394 3592 Angeli
2413 3561 2453 3586 Ex
2472 3558 2546 3595 Orig:

1338 3589 1474 3620 Diacono
1484 3588 1653 3633 §ard-mali,
1669 3591 1846 3629 Apostolicae
1868 3592 1936 3623 sedis
1958 3592 2067 3632 Legato
2082 3616 2093 3630 ,
2110 3600 2142 3623 ut
2156 3615 2166 3631 ‚
2183 3599 2282 3623 contra
2298 3597 2394 3631 tuam,

1337 3629 1383 3658 vel
1404 3627 1523 3658 Nobilis
1543 3629 1594 3658 Viri
1616 3627 1732 3660 Ricardi
1746 3630 1871 3661 Comitis
1887 3631 2020 3662 Pictaviae
2054 3630 2142 3662 fratris
2155 3631 2213 3669 tui,
2230 3627 2395 3669 personam,

1336 3666 1370 3711 ad
1384 3666 1649 3711 denunciationem,
1667 3668 1712 3699 seu
1726 3670 1912 3708 prolationem
1926 3654 2076 3708 generalis,
2093 3677 2140 3701 aut
2153 3667 2272 3708 specialis
2285 3667 2395 3699 senten-

1336 3714 1383 3773 tsiae
1396 3708 1716 3773 exfiggimungcationis,
1734 3718 1784 3754 per
1795 3709 1839 3747 se,
1855 3708 1902 3753 yel
1914 3718 1970 3776 pe}
1985 3707 2072 3776 alium
2094 3716 2154 3739 non
2171 3704 2326 3756 procedat,
2343 3707 2394 3738 nifi

1348 3754 1365 3774 ⁰
1387 3753 1425 3812 ⁶1.
1439 3751 1666 3820 ..gfflvssiug's
1679 3748 1959 3823 missuras.
1969 3756 2087 3816 5335.
2099 3791 2151 3814 mo
2165 3781 2394 3826 sumamma

1335 3828 1430 3888 :3335
1443 3829 1563 3895 girl-⁶5³5}
1604 3821 1661 3889 2¹?de
1681 3832 1733 3891 railos
1753 3831 1900 3862 oporteret
1919 3822 1999 3861 super
2022 3823 2080 3853 hoc
2102 3820 2218 3859 speciale
2230 3820 2394 3854 mandatum

1662 3870 1680 3889 n
1707 3872 1724 3891 l.

1371 3925 1440 3958 Dat.
1459 3925 1588 3958 Lateran.
1608 3927 1650 3960 Id.
1670 3928 1751 3961 Maii.
1770 3929 1954 3961 Pontificatus
1968 3927 2057 3960 nostri
2071 3936 2148 3958 anno
2165 3936 2212 3958 10.

2027 3994 2080 4026 Sub
2090 3994 2144 4037 filo
2159 3996 2266 4028 canabi.
2317 4033 2403 4067 'aas‘
