2570 4261
241 113 322 153 224

689 81 1488 138 CONVENTIONES‚
1544 87 1952 135 LITERAE,

88 185 165 217 Αῃῃ,
180 185 221 216 D,
237 186 422 217 devotionem
439 182 591 218 Ecclesiae,
610 190 671 210 non
686 180 823 217 simulate,
840 179 878 208 set
893 179 921 208 iri
935 179 1050 208 veritate
1065 175 1215 207 manifeste
1230 175 1302 204 redi·
1328 168 1413 200 libras
1439 181 1591 209 parvorum
1621 174 1773 205 Turonen.
1793 174 1969 212 ubicumque
1987 170 2122 202 Romana
2142 171 2233 203 Curia,
2252 174 2404 213 contigerit
2423 171 2498 203 Ann.
2513 172 2564 205 ΒΞ]

108 226 190 265 1283.

87 267 144 290 Euo
178 273 202 291 ι.

81 1937 218 1972 ‘ll.255.

237 235 267 254 re
288 225 453 260 contigerit,
471 222 524 251 filia
543 221 642 250 eadem
651 216 921 248 administrationem
936 217 1042 255 ipsam,
1060 224 1144 253 prout
1156 214 1302 245 debebitur

233 265 276 301 ei,
298 262 459 292 rehabebit:

272 300 362 339 Qvod
372 323 380 335 ,
401 299 418 327 si
436 297 525 327 forsan
544 295 632 334 ipsum
648 293 734 324 filium
748 293 815 324 diSri
830 293 956 324 Franciae
972 292 1077 332 Regis,
1092 292 1127 322 ab
1140 301 1176 321 eo
1190 290 1228 321 fic
1244 289 1300 320 ele-

235 340 334 374 (stum,
354 339 386 367 δε
401 337 414 366 {1
430 345 456 366 te
471 336 652 371 deputatum,
666 333 711 362 vel
725 333 845 371 aliquem
859 332 972 361 suorum
987 330 1145 368 huiusmodi
1159 328 1300 360 successo·

235 386 316 413 rum,
333 375 434 404 eodem
457 373 548 410 Philip
602 371 651 401 suo
666 372 795 407 genitore
806 370 966 408 superstite,
983 370 1137 406 contigerit
1151 367 1252 404 absque
1267 367 1301 396 li-

235 415 307 444 beris
322 413 367 442 fati
382 422 484 442 munus
496 413 556 449 imp
567 420 629 449 ere,
647 409 723 440 idem
738 409 800 440 suus
810 411 921 449 genitor
934 418 994 439 non
1008 408 1137 439 succedat
1152 407 1180 436 in
1194 405 1299 444 Regno

235 454 268 483 &
283 450 430 481 Comitatu
445 449 599 490 praedictis:
879 481 887 489 .

272 490 336 527 Set,
356 489 373 519 si
397 489 487 528 plures
509 488 609 518 habeat
619 486 704 524 filios,
722 496 811 517 unum
825 495 859 516 ex
875 486 928 523 eis,
943 495 1003 515 non
1017 492 1110 514 tamen
1124 482 1300 523 primogeni-

233 537 312 565 tum,
331 528 380 565 qui
399 527 482 557 debet
503 527 530 556 iri
554 526 680 556 Franciae
693 525 798 564 Regno
812 523 975 561 succedere,
993 523 1061 553 infra
1073 531 1126 552 tres
1143 520 1267 557 menseS,
1284 529 1300 549 a

234 574 380 605 tempore,
396 575 455 604 quo
476 566 526 596 fibi
545 564 675 595 defuncti
689 573 766 594 mors
779 563 947 599 innotuerit,
965 560 1169 598 numerandos,
1185 558 1219 589 ad
1237 557 1299 588 suc-

235 604 388 635 cessionem
402 603 563 641 hujusmodi
579 604 681 640 poterit
694 603 842 632 nominare
859 611 864 630 :

271 642 300 672 Si
322 645 391 673 vero
412 652 501 672 unum
521 642 611 672 solum
625 640 730 677 filiurn,
750 641 794 670 vel
809 640 932 677 nullum,
951 637 1028 677 quod
1043 636 1128 675 absit,
1145 635 1219 676 idern
1231 633 1298 677 Rex

233 680 256 711 F
259 683 360 712 tanciae
380 681 511 718 haberet,
529 680 610 710 liceat
631 680 656 709 ei
672 679 795 716 aliquem
807 678 844 708 de
858 677 903 708 sufi
915 677 1067 715 progenie,
1085 676 1132 713 qui
1145 674 1225 716 dicio
1238 672 1298 703 filio

231 720 340 758 elefto,
359 721 410 758 &,
431 728 460 750 ut
483 718 677 756 praemittitur,
691 717 844 757 deputatO,
857 715 994 745 defuncio
1016 714 1072 744 fine
1086 714 1194 750 liberis,
1210 715 1297 742 suerat

230 768 331 797 quarto
354 759 447 789 saltem
470 756 714 796 consanguinitatis
734 755 822 793 gradu
841 753 1009 793 coiijuc'tus,
1025 752 1126 792 eligere
1138 752 1183 782 seu
1199 751 1296 780 nomi-

231 807 297 827 nare
311 797 344 827 ad
359 796 561 827 successionem
577 795 696 825 eandem
712 804 718 823 z

270 834 331 875 Ipso
352 844 463 872 auteni,
481 835 551 864 infra
573 833 685 863 distuin
706 841 831 870 tempus,
850 832 994 861 neminem
1009 830 1193 866 nominante,
1210 827 1296 857 habe-

229 873 273 903 bit
292 873 416 904 Ecclesia
431 872 555 907 eligendi
568 872 612 902 seu
628 871 793 901 nominandi
808 872 941 908 aliquem,
959 869 994 899 de
1010 869 1090 907 ipsius
1104 866 1196 903 Regis
1210 866 1233 895 F
1235 876 1296 895 ran-

230 913 284 942 ciie
305 911 382 950 filiis,
398 912 442 942 seu
466 911 624 949 conjunctis
636 911 720 939 etiam
738 910 911 948 supradiciis,
930 908 949 938 si
963 906 1116 944 superstites
1129 906 1248 941 fuerint,
1263 905 1295 947 li-

229 951 326 980 beram
349 950 532 988 potestatem,
551 950 651 988 quibus
663 958 723 978 non
738 946 944 986 superstitibus,
962 947 1044 984 eliget
1058 945 1157 976 eadem
1171 944 1294 974 Ecclesia

227 989 315 1019 libere
330 990 537 1029 undecumque.

268 1028 357 1066 (Qiod
375 1028 410 1066 fi,
429 1036 587 1058 memorato
604 1026 625 1056 F
628 1026 728 1055 ranciae
742 1023 825 1063 Rege
838 1023 990 1061 defuneto,
1007 1024 1152 1060 contingat
1166 1019 1289 1051 eundem

227 1065 317 1096 filium
330 1067 425 1104 suum,
443 1067 565 1096 eleisum
579 1065 612 1094 ὃς
627 1064 805 1102 deputatum,
824 1063 879 1093 sine
892 1063 981 1092 liberis
994 1062 1029 1091 ab
1043 1061 1095 1091 hac
1109 1061 1172 1090 luce
1187 1060 1293 1096 migra-

229 1115 276 1143 re,
305 1106 421 1135 similem
441 1115 489 1142 pei·
510 1104 606 1134 omnia
628 1103 687 1132 suus
706 1102 910 1140 primogenitus
931 1100 1113 1137 nominandi,
1131 1099 1182 1128 hac
1205 1099 1293 1137 prima

229 1155 241 1174 x
251 1144 295 1174 ice
310 1144 528 1181 tantummodo,
543 1143 643 1172 habeat
658 1140 824 1179 potestatem
834 1162 842 1176 ,
861 1139 992 1176 deinceps
1005 1140 1077 1169 vero
1090 1137 1217 1168 succedat
1232 1137 1293 1166 tali-

230 1191 271 1213 ter
292 1182 441 1212 decedenti
457 1183 493 1219 is,
514 1182 548 1212 de
568 1179 684 1219 Regum
698 1179 872 1209 Francorum
885 1187 1001 1217 genere,
1014 1177 1108 1207 saltem
1122 1175 1292 1213 conjundtus

230 1223 255 1251 ei
277 1221 397 1251 similiter
418 1230 515 1260 quarto
537 1218 640 1260 gradu,
660 1227 745 1258 quem
768 1217 842 1248 ordo
855 1217 988 1255 legitimae
1002 1214 1179 1246 successionis
1191 1213 1292 1244 admit-

231 1267 271 1290 tet
289 1269 294 1287 :

266 1297 300 1328 In
325 1298 452 1336 quolibet
470 1306 562 1328 autem
577 1296 778 1336 praedic'iorum
792 1293 920 1331 casuum,
939 1293 1042 1324 elee'tus
1057 1292 1102 1323 seu
1117 1292 1291 1328 nominatus,

228 1346 262 1367 ex
274 1337 328 1373 ipsa
343 1338 498 1374 elestione,
517 1337 573 1366 sive
588 1336 800 1371 nominatione,
816 1335 858 1371 jus
874 1333 971 1362 habeat
986 1333 1014 1362 in
1029 1330 1173 1369 praemissis
1187 1329 1293 1368 Regno

230 1376 262 1406 <sc
276 1375 441 1413 Comitatu,
461 1375 569 1405 servatis
582 1375 610 1404 in
623 1373 756 1403 omnibus
772 1371 971 1409 praediCtis,&
986 1370 1218 1409 subsequentibus,
1226 1369 1292 1407 legi-

229 1414 297 1451 bus,
315 1415 418 1451 paens,
437 1415 469 1445 &
487 1412 724 1443 conventionibus
739 1411 824 1441 libere
835 1408 1012 1440 succedendi.

262 1451 369 1482 Eadem
390 1452 497 1492 insuper
524 1450 660 1489 Regnum
683 1452 716 1481 &
738 1449 896 1480 Comitatus
924 1449 953 1478 in
981 1446 1097 1477 eandem
1126 1447 1291 1484 personam,

228 1500 296 1521 cum
321 1490 466 1529 Franciae,
490 1490 533 1520 vel
555 1488 703 1527 Castellae,
726 1487 770 1518 seu
794 1487 943 1526 Legionis,
967 1495 1013 1516 aut
1033 1486 1143 1522 Angliae
1164 1484 1291 1524 Regnis,

226 1530 319 1567 diquo
334 1539 458 1566 uuquirn
473 1538 602 1568 tempore
616 1538 676 1557 non
691 1536 879 1559 concuri··.int;
898 1535 988 1564 neque
1001 1524 1055 1562 ipsa
1070 1524 1205 1563 Regnum
1220 1523 1290 1554 Ara-

224 1569 335 1608 gonioe,
354 1568 396 1598 seu
413 1568 587 1604 Comitatus,
603 1567 652 1597 ulli
669 1575 791 1603 unquam
805 1565 848 1594 alii
864 1560 970 1601 Regno
984 1563 1141 1593 subdantur.

263 1606 317 1643 Et,
333 1607 351 1636 si
373 1606 447 1636 sbrie
465 1606 640 1643 contingeret
659 1603 772 1641 aliquod
795 1602 831 1632 de
849 1602 1004 1643 praedictis,
1021 1601 1165 1638 Franciae,
1181 1598 1289 1630 Castel-

225 1645 277 1683 lae,
299 1645 446 1684 Legionis,
466 1645 510 1675 vel
534 1643 644 1683 Angliie
666 1642 789 1682 Regnis,
807 1641 840 1671 ad
861 1640 982 1678 aliquem
1000 1639 1128 1678 Regem,
1143 1640 1187 1670 vel
1202 1637 1291 1677 Regi-

227 1693 293 1713 nam
319 1684 466 1723 Aragoniae
487 1684 649 1720 pervenire,
669 1683 724 1719 ipse
737 1681 781 1711 vel
795 1679 848 1720 ipsa
865 1678 928 1708 Rex
942 1679 1093 1715 Aragoniae
1105 1678 1149 1709 seu
1164 1676 1291 1714 Regina,

227 1722 246 1752 si
267 1720 401 1762 Regnum
422 1723 470 1752 sibi
491 1722 645 1752 obveniens
667 1719 814 1750 maluerint
834 1719 960 1756 optinere
974 1740 983 1755 ,
1017 1717 1137 1755 cadant,
1158 1727 1194 1746 eo
1213 1715 1289 1753 ipso,

229 1761 307 1799 quod
326 1761 391 1792 illud
414 1761 637 1799 acceptaverint,
654 1760 691 1788 ab
704 1759 784 1788 omni
798 1756 928 1786 dominio
941 1765 1023 1794 atque
1032 1756 1110 1794 jure,
1129 1765 1194 1794 quie
1208 1756 1236 1784 in
1251 1754 1291 1783 A-

227 1799 353 1838 rssgOlllLE
374 1799 479 1830 Remo
499 1800 532 1830 &
553 1798 703 1829 Comitatu
724 1796 865 1834 praedietis
885 1795 1042 1831 habebant,
1061 1804 1148 1834 eaque
1159 1794 1243 1824 libera
1256 1792 1289 1823 &

227 1837 354 1876 expedita
368 1825 565 1876 ipi'i‘licclcfiae
580 1836 721 1866 Romame
736 1835 875 1864 dimittere
890 1841 1042 1863 teneantur.

269 1876 314 1906 Ad
335 1876 536 1907 successionem
555 1885 654 1906 eorum
676 1883 785 1911 autem,
803 1874 831 1902 in
853 1871 958 1918 Regno
976 1870 1035 1911 ipso
1055 1880 1124 1901 cum
1144 1869 1291 1901 Comitatu

230 1914 384 1955 praedicto,
402 1917 514 1946 veniant
528 1915 648 1954 ipsorum
662 1913 709 1943 silii
725 1913 779 1943 sive
791 1911 955 1949 conjuncti,
973 1919 1019 1941 aut
1035 1910 1053 1928 ³*
1064 1910 1122 1948 alii,
1137 1909 1292 1941 secundum

231 1953 350 1985 modum
367 1955 399 1985 &
412 1954 542 1985 ordinem
558 1952 734 1994 supradicios.

267 1991 318 2031 Et,
333 1994 397 2032 quia
413 1991 517 2023 nostrae
530 1992 691 2022 intentionis
703 1989 811 2027 existit,
827 1988 963 2028 prospero
975 1986 1054 2018 statui
1067 1987 1210 2018 dictorum
1224 1986 1293 2018 Ara-

231 2032 329 2069 goniae
354 2030 450 2068 Regni
467 2031 500 2062 &
522 2029 700 2067 Comitatus,
717 2028 847 2060 Ecclesiis
867 2028 899 2059 &
922 2027 1019 2057 incolis
1035 2026 1202 2057 eorumdem
1217 2026 1293 2056 utili-

229 2079 270 2100 ter
289 2071 322 2101 &
345 2069 497 2100 efficaciter
509 2069 657 2107 providere
688 2068 820 2099 volumus
834 2065 910 2104 quod
926 2075 1026 2096 omnes
1040 2064 1175 2096 Ecclesiae
1189 2064 1290 2103 praedi-

229 2109 342 2139 &orum
362 2108 457 2147 Regni
477 2109 510 2140 ὃς
532 2107 712 2144 Comitatus,
728 2115 786 2136 tam
801 2104 994 2142 Cathedrales,
1013 2105 1097 2141 quam
1111 2104 1189 2142 aliae,
1210 2113 1293 2134 revu-

230 2147 296 2177 lares
308 2148 340 2177 δε
354 2146 494 2185 seculares,
511 2147 662 2186 omnesque
676 2143 879 2175 Ecclesiasticae
893 2143 1036 2183 personae,
1053 2143 1103 2172 illis
1118 2143 1240 2173 libertati
1263 2153 1293 2173 us

228 2186 261 2216 &
283 2186 519 2224 immunitatibus,
539 2186 571 2216 &
592 2184 741 2222 specialiter
756 2184 787 2212 in
803 2182 1003 2218 electionibus,
1021 2181 1240 2218 provisionibus,
1258 2182 1292 2212 &

227 2224 331 2262 juribus
349 2223 420 2262 aliis,
443 2224 545 2253 eisdem
565 2223 807 2262 competentibus,
830 2221 952 2251 omnino
971 2219 1124 2258 gaudeant,
1148 2229 1212 2257 quae
1231 2219 1293 2257 ipfis

227 2271 395 2300 competunt
411 2262 565 2292 secundum
579 2261 739 2292 Canonicas
752 2260 934 2296 Sanetione53
953 2258 986 2288 &
1000 2267 1058 2288 tam
1071 2259 1106 2288 ab
1121 2258 1290 2296 ipsis,quam

228 2300 285 2331 filio
302 2300 422 2339 ejusdem
437 2300 543 2339 Regis,
559 2300 596 2330 sic
610 2301 645 2330 ab
658 2310 694 2330 eo
707 2298 814 2335 eiecto,
832 2299 866 2328 ὃ(
880 2299 895 2327 a
908 2306 935 2327 te
950 2296 1100 2336 deputato,
1112 2296 1214 2335 suisque
1230 2296 1292 2326 suc-

226 2338 392 2377 cessoribus,
410 2339 443 2369 &
463 2340 520 2369 aliis
539 2339 621 2369 etiam
640 2338 760 2378 personis
782 2336 960 2370 secularibus,
980 2336 1101 2373 antiquae
1116 2334 1292 2365 consuetudi-

225 2389 275 2409 nes
295 2379 472 2417 approbatae,
492 2379 622 2417 bonaque
642 2377 729 2415 usagia
751 2375 848 2413 Regni
872 2375 905 2405 &
929 2372 1089 2416 Comitatus
1107 2374 1290 2412 eorumdem,

228 2427 292 2455 quae
308 2418 385 2447 sacris
398 2415 565 2447 Canonibus
579 2426 639 2446 non
653 2423 824 2454 repugnant,
839 2413 939 2443 illibata
953 2415 1104 2442 serventur.

267 2456 345 2494 Qiae
367 2465 455 2494 vero,
472 2463 572 2485 contra
593 2454 757 2484 sanctiones
778 2451 956 2489 Canonicas,
976 2450 1088 2488 statuta,
1107 2450 1151 2480 seu
1171 2450 1233 2481 alias
1247 2450 1292 2479 in-

226 2494 357 2526 troduc‘ta
377 2493 497 2532 fuerint,
513 2493 635 2523 omnino
658 2493 762 2524 viribus
781 2499 916 2529 careant,
944 2490 977 2521 &
1001 2498 1133 2528 quatenus
1153 2488 1189 2520 de
1215 2488 1294 2519 faeto

226 2533 433 2571 processerant,
454 2540 629 2563 revocentur.

263 2571 395 2602 Ecclesiis
415 2572 493 2610 ipsis,
511 2572 545 2601 &
560 2570 681 2608 personis
695 2568 911 2607 Ecclesiasticis‚
928 2568 1026 2599 omnia
1041 2567 1117 2597 bona
1129 2565 1292 2603 inmobilia,

225 2611 281 2641 sive
302 2612 374 2648 iura,
391 2620 455 2647 quae
475 2611 622 2640 summarie
641 2609 706 2645 ipsas
726 2607 888 2646 possedisse,
907 2607 952 2637 vel
967 2606 1042 2644 quasi
1055 2605 1203 2646 possedisse
1217 2614 1292 2635 con-

227 2649 343 2687 stiterit,
361 2648 399 2677 eis
422 2648 526 2685 ablata,
544 2648 684 2686 praecipue
703 2657 751 2684 per
775 2653 964 2676 memoratum
984 2644 1120 2681 Petrum,
1143 2642 1289 2681 quondam

228 2687 340 2726 Regem
363 2687 546 2724 Aragonum,
563 2686 598 2716 de
614 2686 696 2723 plano
710 2683 885 2714 restituantur
900 2683 1018 2720 eisdem3
1036 2682 1072 2711 de
1085 2682 1134 2711 illis
1147 2683 1236 2718 vero,
1253 2680 1290 2710 de

227 2736 351 2765 quorum
373 2724 543 2763 possessione
563 2724 651 2755 taliter
671 2723 801 2754 constare
823 2733 883 2752 non
905 2720 997 2761 potest
1012 2744 1022 2759 ,
1049 2719 1098 2750 fiat
1119 2720 1156 2750 eis
1174 2718 1292 2758 justitiae

228 2764 481 2802 complementum.

264 2803 352 2841 Super
373 2803 512 2841 praedietis
531 2801 678 2833 Comitatu
699 2801 732 2832 δε
753 2800 860 2839 Regno
875 2822 884 2836 ,
916 2808 983 2829 cum
1004 2805 1166 2828 memorato
1189 2795 1293 2834 Petro,

226 2842 370 2880 quondam
394 2841 475 2880 Rege
498 2842 662 2879 Aragonum
686 2849 734 2870 aut
753 2840 808 2875 ejus
829 2838 890 2868 filiis
911 2837 1150 2875 quibuscumque,
1171 2845 1223 2874 pro
1238 2836 1291 2873 eis,

227 2881 331 2911 nullam
350 2880 511 2910 societatem
531 2879 623 2910 dictus
645 2879 730 2918 Regis
746 2877 872 2908 Francice
885 2875 974 2914 filius,
990 2875 1035 2906 vel
1051 2875 1136 2905 iidem
1152 2873 1292 2904 successo-

228 2928 269 2948 res
288 2920 414 2956 inibunt,
433 2929 486 2948 nec
510 2918 733 2948 conventionem
754 2916 876 2953 aliquam
897 2915 1000 2945 facient
1019 2913 1056 2944 de
1067 2912 1212 2944 reddendo
1226 2912 1292 2950 illis,

228 2957 273 2987 vel
295 2967 394 2987 eorum
409 2957 489 2987 alicui
503 2955 578 2986 dista
596 2956 746 2995 Regnum,
763 2955 809 2984 vel
820 2954 1000 2984 Comitatum
1010 2975 1020 2990 ,
1038 2952 1082 2983 seu
1096 2952 1216 2991 aliquam
1229 2960 1291 2990 par-

230 3002 288 3025 tem
302 2995 422 3032 ipsorum
432 3019 440 3031 ,
460 2994 559 3033 absque
573 2994 639 3024 sedis
653 2994 829 3031 Apostolicae
840 2991 1016 3029 beneplacito
1030 2991 1063 3021 &
1077 2989 1206 3028 expresso
1219 2999 1290 3020 con-

230 3032 324 3071 sensu,
343 3043 396 3063 nec
415 3034 533 3074 aliquam
548 3033 627 3062 aliam
641 3032 804 3063 societatem
816 3031 860 3061 seu
873 3030 1115 3068 conventionem,
1133 3027 1292 3067 hujusmodi

230 3083 252 3103 n
288 3073 339 3102 otii
355 3072 540 3110 prosecutioni
555 3072 698 3101 nocivam.

296 3120 328 3141 ro
346 3110 448 3140 eisdem
459 3119 572 3148 quoque
591 3109 697 3143 Regno
710 3110 743 3140 &
757 3107 922 3145 Comitatu,
939 3115 997 3137 tarn
1011 3106 1088 3136 idem
1102 3105 1188 3145 Regis
1205 3105 1293 3136 Fran·

231 3150 284 3179 cite
303 3149 387 3186 filius,
407 3149 490 3186 quiuii
512 3147 550 3177 sui
564 3147 660 3186 singuli
673 3146 837 3177 siicceiiores
850 3147 878 3176 in
894 3145 998 3185 Regno
1011 3146 1043 3176 ὃ(
1059 3143 1206 3175 Comitatu
1220 3154 1292 3184 prae-

231 3188 329 3226 dictis,
348 3187 446 3224 nobis,
463 3185 617 3225 nostrisque
630 3186 828 3216 successoribus
843 3185 967 3224 singulis,
985 3184 1018 3215 &
1031 3182 1164 3214 Ecclefiae
1181 3181 1292 3215 Roma-

234 3237 296 3264 nte,
315 3225 449 3256 fidelitatis
467 3224 636 3263 praestabunt
657 3224 771 3264 publice
787 3225 995 3262 juramentum3
1015 3223 1048 3253 &
1065 3222 1231 3259 homagium
1254 3221 1294 3251 fa-

235 3267 326 3302 cient,
346 3274 395 3305 per
415 3265 441 3293 se
460 3263 545 3300 ipsos,
562 3272 650 3300 quum
671 3262 814 3301 praesentes
834 3270 916 3292 erunt
935 3262 984 3292 ubi
1003 3271 1056 3291 nos
1068 3260 1113 3291 vel
1126 3260 1294 3292 successores

233 3303 346 3333 nostros
364 3302 508 3340 praeseiites
523 3300 578 3331 esse
592 3301 755 3338 continget,
775 3301 793 3330 si
806 3310 875 3330 vero
891 3300 1011 3330 absentes
1023 3299 1127 3330 fuerint
1161 3307 1230 3330 tunc
1244 3307 1293 3338 per

235 3342 365 3371 idoneam
386 3339 575 3379 interpositam
594 3341 738 3379 personam
752 3361 762 3377 ,
786 3338 819 3368 ad
843 3338 898 3368 hoc
916 3338 1066 3378 specialiter
1085 3321 1294 3375 desiinandam,

233 3379 398 3419 homagium
418 3379 511 3409 facere
523 3401 532 3416 ‚
556 3387 589 3407 ac
610 3377 745 3407 fidelitatis
763 3378 951 3414 juramentum
973 3379 1010 3407 eis
1030 3375 1158 3416 praestare
1175 3376 1295 3414 iicebit3

236 3419 286 3447 nisi
304 3419 375 3448 sorte
388 3440 397 3455 ,
427 3419 456 3447 in
477 3415 636 3455 hujusmodi
655 3415 784 3445 absenti-„e
806 3414 926 3453 ipsorum
948 3415 1010 3446 casu
1024 3438 1034 3453 ,
1066 3424 1119 3444 nos
1133 3437 1142 3452 ,
1168 3423 1214 3445 aut
1231 3414 1292 3445 suc—

237 3455 353 3485 cessores
372 3455 458 3486 nosti-i
475 3456 508 3486 ad
528 3455 586 3484 hoc
606 3454 760 3485 Nuncium
782 3454 943 3493 elegerimus
957 3453 1109 3490 destinare,
1133 3462 1202 3483 tunc
1215 3455 1294 3483 enirn

236 3493 371 3524 destinato
389 3495 422 3524 ad
444 3494 523 3531 hoc,
547 3492 665 3530 nostrO,
691 3494 855 3523 eorumdem
873 3492 1059 3522 successorum
1073 3514 1082 3528 ,
1105 3492 1139 3522 ὃς
1159 3490 1294 3522 Ecclesiae

232 3533 353 3561 >nomine
367 3555 376 3569 ,
405 3542 462 3562 tam
484 3531 558 3571 ipse,
590 3532 673 3572 quam
694 3531 821 3568 praedicti
843 3531 1008 3560 successores
1026 3530 1106 3568 ipsius
1127 3529 1155 3558 in
1174 3529 1295 3567 personis

240 3571 354 3636 propriis
373 3570 447 3600 idem
463 3572 654 3609 juramentum
679 3569 807 3609 praestare
828 3591 838 3607 ,
867 3579 900 3600 ac
919 3568 1086 3609 homagium
1105 3567 1197 3599 facere
1217 3577 1296 3599 tene-

262 3615 356 3636 untur:

257 3682 264 3688 ,
280 3643 385 3687 Eadem
407 3654 534 3684 praeterea
556 3648 746 3685 juramentum
768 3647 801 3677 &
828 3645 990 3685 homagium
1012 3668 1021 3682 ,
1055 3653 1114 3675 tam
1135 3643 1190 3684 ipse
1208 3644 1294 3674 dieta:

240 3682 368 3715 hanciae
387 3683 472 3722 Regis
493 3685 562 3714 filius
583 3686 680 3722 nobis,
698 3686 731 3715 &
751 3683 851 3714 nostris
870 3683 1070 3714 successoribus
1081 3683 1206 3722 singulis,
1224 3683 1296 3713 infra

241 3730 364 3763 annum,
381 3721 526 3759 postquam
538 3725 627 3761 quivis
637 3723 803 3753 eorumdem
816 3721 1003 3753 successorum
1018 3723 1047 3752 in
1059 3722 1202 3752 summum
1216 3720 1296 3751 Pon-

242 3758 347 3788 tificem
369 3758 516 3801 assumptus
536 3762 631 3800 fuerit,
649 3762 732 3801 quam
752 3761 791 3791 sui
806 3759 971 3791 successores
987 3761 1056 3790 infra
1070 3760 1157 3790 simile
1169 3768 1295 3799 tempus,

242 3795 391 3836 postquam
410 3806 438 3825 in
457 3799 558 3828 eisdem
571 3798 675 3838 Regno
691 3800 724 3831 &
738 3798 885 3830 Comitatu
898 3799 1093 3837 successerint,
1108 3808 1243 3828 renovare
1254 3806 1296 3828 te-

243 3836 384 3864 nebuntur
397 3834 484 3863 modo
499 3835 605 3874 praescri
627 3848 663 3866 io.

276 3873 315 3916 Et
331 3871 532 3915 nichilominus
547 3847 715 3916 proffkegno
730 3875 763 3905 &
779 3873 928 3904 Comitatu
943 3874 1082 3912 praedietis
1095 3874 1203 3904 solvent
1217 3872 1293 3903 idem

244 3910 314 3941 silius
335 3911 367 3952 ᾃ
383 3909 514 3952 4ρῐεεάιᾶῒι
531 3911 577 3953 tsm.
592 3914 686 3950 singuli
700 3913 883 3953 successores,
901 3914 1000 3957 nobis,
1016 3911 1292 3952 nostrisquelsingulis

240 3948 509 3985 successoribus,i&
531 3954 579 3986 ipsi
599 3948 732 3979 Ecclesiae
752 3950 913 3988 Romanae,
930 3962 1007 3982 annis
1021 3951 1146 3992 singulis,
1162 3949 1191 3994 in
1206 3946 1291 3979 Festo

240 3988 388 4021 licitorum
403 3984 606 4026 Apostolorum
620 3985 740 4019 Petri&
753 3987 846 4027 Pauli,
864 3988 961 4020 census
976 3999 1112 4028 nomine,
1129 3995 1292 4028 quingentas

1341 209 1458 240 residere
1475 221 1482 240 z

1377 246 1521 287 Incipient
1542 257 1636 280 autem
1650 251 1735 281 teneri
1751 250 1785 280 ad
1800 248 1913 280 censum
1929 247 2088 278 hu'usmodi
2102 248 2310 287 exolvendum,
2325 249 2402 286 post-

1343 295 1429 329 quam
1444 296 1496 317 tres
1509 295 1597 327 partes
1613 288 1779 319 eorumdem
1797 287 1892 326 Regni
1906 288 1939 318 &
1983 286 2115 317 omitatsis
2125 287 2317 326 obtinuerint,
2335 288 2403 319 licet

1342 324 1393 354 alia
1415 334 1509 362 quarta
1527 335 1586 365 pars
1606 327 1636 357 in
1656 327 1735 364 ipsius
1753 326 1818 364 filii,
1839 326 1883 357 vel
1895 325 2065 356 eorumdem
2080 325 2275 356 successorum
2289 324 2403 357 suorum

1340 362 1432 396 adhuc
1444 364 1595 394 rebellione
1606 364 1733 405 persistat.

1379 401 1487 440 Qiod,
1503 402 1523 432 fi
1542 402 1614 432 forte
1638 403 1712 433 idern
1733 402 1822 439 Regis
1839 402 1964 433 Franciae
1978 401 2048 432 filius
2063 425 2073 441 ,
2092 402 2139 434 vel
2153 402 2220 433 dieti
2235 402 2405 434 successores

1342 449 1527 478 quocumque
1547 442 1670 471 termino
1682 451 1743 471 non
1756 440 1885 472 solverint
1900 442 1955 470 inte
1976 450 2007 470 re
2020 441 2135 471 censum
2148 443 2251 482 ipsum,
2272 443 2305 473 &
2320 451 2403 480 expe-

2438 211 2523 250 1283.
2544 236 2554 244 ,

2416 251 2483 278 Edv.
2506 260 2530 278 ι.
2547 255 2556 268 ⁴-

1342 477 1408 507 &ati
1423 488 1472 515 per
1483 487 1600 517 quatuor
1614 480 1734 517 menses,
1753 481 1904 510 terminum
1917 480 1945 519 ip
1958 489 2005 509 um
2019 479 2179 510 immediate
2191 480 2349 520 sequentes,
2366 481 2405 512 de
2426 497 2429 500 ’

1342 515 1391 560 illo
1408 516 1440 546 ad
1457 517 1572 561 plenum
1585 528 1644 548 non
1659 518 1854 556 satisfecerint,
1871 528 1907 548 eo
1921 517 1980 557 ipso
1993 526 2090 557 erunt,
2108 519 2197 548 taliter
2208 519 2236 548 iri
2250 519 2320 550 dieti
2333 529 2402 550 cen-

1341 563 1386 582 sus
1400 554 1537 586 solutione
1552 556 1697 594 cessantes,
1715 557 2018 587 excommunicationis
2030 557 2149 587 vinculo
2160 557 2293 588 innodati.

1343 630 1348 635 ⁵
1381 592 1471 632 Qiod
1495 594 1531 632 si,
1551 595 1579 624 in
1593 594 1717 625 secundo
1733 605 1828 633 anno,
1844 595 1874 625 in
1887 595 2025 632 praedicto
2039 595 2180 626 solutionis
2193 597 2335 634 termino,
2355 597 2402 628 vel

1340 630 1411 661 infra
1430 631 1621 671 subsequentes
1637 641 1755 671 quatuor
1768 633 1887 671 menses,
1904 633 2025 664 eundem
2039 634 2154 664 censum
2171 634 2224 664 fine
2237 635 2401 665 diminutio-

1341 679 1378 699 ne
1399 671 1519 714 qualibet
1538 681 1596 701 non
1617 671 1811 711 persolverint,
1828 680 1922 702 totum
1939 671 2027 711 ipsum
2046 671 2199 712 Regnum,
2221 683 2289 704 cum
2300 673 2401 712 praedi-

1341 708 1570 752 ctotComitatu,
1589 709 1786 740 Ecclesiastico
1805 711 1856 740 erit
1870 710 2039 748 suppositum
2050 711 2213 742 interdicto.

1378 746 1407 776 Si
1429 758 1514 786 vero,
1533 758 1589 778 nec
1610 749 1638 778 iri
1653 750 1736 779 tertio
1748 759 1841 786 anno,
1857 748 1960 779 eodem
1973 749 2112 789 termino,
2130 760 2184 782 nec
2197 750 2267 781 infra
2281 758 2399 788 quatuor

1341 785 1447 816 menses
1467 787 1626 824 proximos,
1652 787 1786 855 fibi’cfer
1807 787 2018 817 satisfactionem
2039 787 2137 819 census
2156 790 2254 827 ipsius,
2271 789 2399 820 duxerint

1338 824 1560 891 Fonsulendum,
1578 825 1696 856 habeant
1710 835 1725 855 a
1746 825 1820 864 liuc,
1837 825 1871 856 ad
1891 824 2129 866 satisfaciendum,
2143 828 2209 858 alios
2225 828 2296 859 duos
2316 838 2399 859 men-

1350 872 1389 891 es.

1377 886 1440 944 get,
1458 901 1476 931 fi
1500 911 1553 931 nec
1574 902 1601 931 in
1622 900 1724 931 eodem
1749 903 1824 933 tertii
1845 903 1909 932 anni
1930 905 2069 942 termino,
2085 914 2139 936 nec
2155 905 2226 936 infra
2240 905 2283 936 sex
2297 905 2399 945 praedi-

1339 938 1401 969 &os
1420 939 1612 977 subsequentes
1632 939 1754 977 menses,
1772 941 1804 971 sit
1816 940 1853 970 de
1866 941 1947 972 censu
1962 943 2065 973 eodem
2080 943 2199 980 plenarie
2212 943 2398 982 satisfactam,

1337 987 1372 1021 eit
1392 988 1461 1008 tunc
1483 987 1540 1023 tam
1563 978 1640 1008 idem
1660 978 1779 1016 saepefati
1792 978 1877 1018 Regis
1893 979 2019 1011 Franciae
2033 980 2118 1020 filius,
2134 983 2219 1021 quarn
2233 982 2400 1014 successores

1338 1025 1411 1055 ejus,
1431 1018 1466 1047 ab
1489 1020 1550 1057 ipsis
1566 1016 1671 1056 Regno
1686 1018 1718 1048 &
1734 1016 1898 1056 Comitatu,
1915 1020 2053 1058 omnique
2064 1020 2144 1058 jure,
2161 1020 2239 1058 quod
2251 1021 2279 1052 in
2294 1023 2333 1052 eis
2348 1021 2396 1051 ha-

1337 1055 1458 1099 bebant,
1478 1055 1496 1074 *
1511 1065 1548 1086 eo
1567 1055 1626 1093 ipso
1648 1054 1748 1093 cadant
1766 1064 1801 1086 ex
1822 1064 1903 1093 toto,
1920 1056 1954 1087 &
1973 1057 2110 1097 Regnum
2124 1058 2231 1096 ipsum,
2248 1069 2316 1090 curri
2332 1058 2396 1090 Co-

1338 1102 1435 1124 mitatu
1458 1094 1613 1132 praedicto,
1631 1093 1664 1124 ad
1683 1093 1846 1124 Romanam
1862 1093 2036 1134 Ecclesiam,
2055 1096 2089 1127 &
2103 1097 2160 1134 ejus
2174 1097 2398 1137 dispositionem,

1335 1132 1380 1162 seu
1393 1132 1601 1163 ordinationem
1617 1132 1700 1169 plene
1711 1142 1744 1163 ac
1761 1133 1847 1163 libere
1861 1133 2034 1164 devolvatur.

1371 1170 1403 1215 Si
1426 1181 1536 1209 autem,
1552 1171 1588 1202 de
1609 1170 1672 1213 ipso
1689 1172 1772 1210 primi
1793 1173 1906 1202 termini
1921 1172 2002 1204 censu
2012 1196 2021 1211 ,
2039 1172 2109 1204 infra
2119 1173 2209 1204 dictos
2219 1175 2332 1205 tertium
2344 1183 2400 1205 ter-

1337 1218 1467 1253 minum,
1486 1210 1519 1240 ὃς
1539 1209 1583 1240 sex
1605 1210 1795 1253 subsequentes
1814 1210 1937 1250 menses,
1956 1211 2076 1249 plenarie
2088 1212 2287 1251 satisfacerent,
2306 1214 2397 1244 nichi-

1335 1247 1458 1292 lominus
1477 1248 1606 1288 semper,
1614 1257 1667 1286 pro
1686 1249 1794 1287 singulis
1815 1250 1942 1280 censibus
1961 1250 2131 1289 singulorum
2152 1253 2357 1289 terminorum,
2375 1252 2396 1283 si

1336 1286 1417 1330 simili
1431 1287 1521 1318 modo
1537 1289 1565 1317 in
1579 1296 1679 1317 eorum
1692 1286 1828 1318 solutione
1841 1287 2004 1319 cessaverint
2009 1312 2020 1328 ,
2037 1289 2083 1320 vel
2096 1289 2157 1320 illos
2170 1300 2231 1320 non
2246 1290 2378 1321 solverint
2387 1314 2399 1330 ,

1335 1325 1434 1355 similes
1450 1336 1547 1363 poenas
1562 1326 1710 1356 incurrant.

1354 1362 1517 1408 ¹Caeterum
1535 1374 1602 1395 cum
1624 1363 1699 1394 idem
1720 1363 1808 1404 Regis
1829 1364 1954 1396 Franciae
1972 1364 2059 1405 filius,
2078 1367 2123 1397 vel
2144 1366 2213 1398 disti
2229 1366 2398 1399 successores

1335 1411 1390 1438 eius
1402 1425 1412 1441 ,
1436 1413 1465 1432 in
1486 1402 1600 1442 Regem
1618 1402 1801 1433 decreverunt
1819 1405 1948 1434 coron-ari
1962 1427 1972 1443 ,
1994 1405 2125 1446 quilibet,
2149 1407 2180 1436 in
2200 1406 2302 1436 ordine
2323 1407 2394 1437 vicis

1333 1441 1405 1479 suae,
1424 1450 1562 1472 coronam
1581 1441 1617 1472 ab
1634 1440 1734 1471 eadem
1753 1441 1816 1471 sede
1832 1441 1998 1481 Apostolica
2016 1446 2154 1484 requiret,
2171 1452 2218 1484 ut,
2235 1445 2271 1475 de
2285 1445 2300 1475 s
2315 1446 2395 1476 eciali

1335 1480 1468 1510 mandato
1487 1479 1599 1517 nostro,
1622 1479 1667 1509 vel
1687 1478 1877 1510 successorum
1896 1480 2075 1520 nostrorum,
2101 1482 2201 1522 poffit,
2230 1493 2279 1521 per
2322 1493 2396 1515 etra-

1334 1518 1485 1563 conensem
1497 1517 1746 1558 Archiepiscopum
1755 1541 1765 1557 ‚
1783 1518 1856 1557 apud
1869 1517 1970 1550 Caesar.
1982 1518 2141 1558 Augustam
2153 1521 2330 1562 solempniter
2344 1532 2397 1554 cc-

1333 1567 1432 1587 ronari.

1370 1595 1447 1626 Haec
1467 1596 1544 1638 enim
1567 1596 1639 1627 inter
1651 1618 1661 1634 ,
1685 1595 1772 1626 felicis
1792 1593 2006 1636 recordationis,
2025 1595 2225 1629 Innocentium
2245 1598 2350 1638 Papam
2370 1609 2397 1640 3.

1334 1634 1565 1674 praedecessorern
1584 1634 1712 1665 nostrum
1747 1634 1781 1666 &
1802 1642 1991 1666 memoratum
2012 1636 2111 1667 Avum
2132 1637 2251 1674 eiusdem
2270 1637 2302 1668 P.
2324 1647 2399 1669 tem-

1333 1683 1419 1712 pore,
1441 1683 1499 1712 quo
1520 1673 1596 1704 idem
1617 1673 1695 1704 Avus
1707 1657 1966 1717 dictumssegnum
1978 1674 2101 1715 Aragon.
2114 1676 2164 1716 ipsi
2182 1675 2317 1708 Ecclesiae
2331 1676 2397 1708 Ro-

1334 1722 1425 1742 manae
1442 1713 1483 1750 (ut
1497 1712 1660 1751 praetactum
1674 1711 1725 1749 est)
1738 1721 1758 1741 o
1779 1711 1855 1749 tulit,
1872 1714 1961 1744 extitit
1973 1713 2139 1744 ordinatum.
2181 1747 2182 1750 Ἴ

1372 1749 1565 1782 Concedimus
1586 1758 1678 1780 tamen
1690 1760 1747 1790 quo
1779 1750 1814 1781 sae
1833 1750 1898 1781 efati
1912 1751 1999 1792 Regis
2011 1751 2136 1783 Franciae
2149 1751 2233 1792 filins,
2248 1752 2283 1785 ad
2296 1753 2396 1793 praedi-

1335 1789 1380 1833 &a
1400 1789 1503 1820 electus
1524 1789 1557 1820 &
1579 1788 1741 1832 deputatus,
1760 1799 1798 1828 po
1821 1797 1842 1819 it
1900 1800 1912 1819 r
1935 1798 1962 1821 te
1976 1792 2118 1829 coronari,
2136 1791 2156 1821 fi
2169 1792 2251 1830 velit,
2269 1792 2321 1829 ὃς,
2338 1793 2396 1823 sine

1332 1828 1382 1859 alia
1397 1827 1503 1873 'nostra
1524 1829 1699 1867 requisitione
1723 1827 1757 1859 &
1783 1837 1849 1859 man
1868 1836 1938 1867 ato,
1969 1838 2018 1869 per
2045 1839 2132 1869 quern
2154 1830 2281 1862 maluerit
2298 1830 2398 1863 conse-

1334 1876 1411 1897 erari.

1371 1906 1478 1946 Singuli
1503 1907 1575 1937 vero
1602 1905 1638 1936 sui
1657 1904 1820 1937 successores
1839 1905 1868 1935 in
1893 1904 1921 1937 A
1968 1907 2043 1937 oniae
2060 1905 2167 1948 Regno
2189 1907 2222 1939 &
2244 1907 2394 1940 Comitatu

1335 1945 1490 1990 praediffis,
1508 1945 1581 1983 prius
1612 1945 1683 1989 'etita
1705 1944 1782 1985 super
1800 1944 1857 1975 hoc
1878 1944 1944 1985 Apo
1968 1946 2043 1976 olici
2063 1945 2126 1976 sede
2140 1946 2268 1986 licentia,
2285 1947 2321 1978 de
2333 1947 2395 1985 spe·

1334 1984 1395 2014 ciali
1415 1983 1547 2015 mandato
1565 1983 1582 2014 s
1610 1994 1630 2014 is
1649 1982 1747 2022 ipsius,
1765 1991 1796 2014 ut
1816 1984 1853 2027 inx
1864 1986 2049 2015 coronatione
2067 1984 2242 2024 praedicitur,
2258 1996 2306 2024 per
2325 1995 2395 2018 eun-

1333 2022 1399 2052 dem
1414 2022 1605 2053 Terraconen.
1624 2021 1873 2061 Archiepiscopum
1887 2023 2093 2054 consecrentur.

1370 2060 1448 2092 Haec
1466 2061 1564 2091 omnia
1581 2061 1615 2092 &
1637 2060 1736 2099 fingula
1749 2068 1920 2091 memoratus
1938 2061 2023 2100 filius,
2040 2061 2077 2092 ab
2092 2061 2194 2092 eodem
2209 2064 2334 2102 genitore
2348 2065 2397 2096 suo

1334 2097 1369 2129 ad
1391 2099 1522 2140 praedffita
1544 2099 1663 2138 electus,
1679 2099 1712 2129 &
1731 2099 1746 2129 a
1764 2106 1792 2129 te
1810 2098 1852 2133 (ut
1866 2100 2058 2138 praemisimus)
2073 2099 2232 2140 deputatus,
2250 2101 2276 2132 se
2289 2112 2322 2134 ac
2337 2103 2396 2134 eos-

1334 2136 1400 2168 dem
1421 2135 1586 2169 successores
1606 2137 1666 2168 suos
1688 2136 1883 2168 inviolabiliter
1902 2137 2066 2177 servaturos,
2085 2138 2119 2169 &
2139 2139 2296 2178 hujusmodi
2308 2151 2396 2181 nego-

1335 2178 1405 2206 tium
1427 2176 1544 2207 sollicite
1567 2175 1774 2216 prosecuturos,
1792 2175 1858 2213 tibi,
1876 2175 1991 2215 nostro,
2011 2177 2196 2208 successorum
2216 2179 2376 2210 nostrorum

1335 2215 1369 2246 &
1390 2216 1470 2255 ipsius
1490 2214 1622 2245 Ecclefice
1642 2214 1784 2245 Romanae
1800 2214 1917 2244 nomine
1949 2215 2064 2253 praestito
2078 2213 2160 2254 Rege
2175 2216 2299 2248 Franciae
2313 2204 2394 2258 geni-⁵

1335 2262 1396 2284 tore
1413 2254 1461 2284 suo
1481 2252 1578 2283 eadem
1598 2252 1718 2284 universa
1740 2252 1773 2283 &
1793 2252 1894 2292 fingula
1924 2254 2060 2292 pecialiter
2074 2255 2259 2293 approbante,
2277 2257 2311 2287 &
2325 2267 2396 2288 cori-

1333 2292 1464 2323 sentiente
1485 2294 1513 2336 in
1533 2291 1594 2330 ipsis
1611 2292 1736 2331 expresse
1758 2300 1810 2330 pro
1832 2292 1859 2322 se
1877 2301 1909 2321 ac
1932 2293 1990 2330 ipsis
2003 2293 2202 2323 successoribus
2214 2294 2280 2333 suis,
2299 2305 2347 2326 eos
2360 2296 2396 2327 ad

1333 2330 1431 2361 eadem
1451 2330 1602 2369 obligando
1616 2331 1776 2368 promittet,
1796 2329 1830 2359 ὃ(
1844 2331 1958 2366 proprio
1970 2332 2128 2368 juramento
2139 2331 2280 2370 firmabir;
2302 2334 2330 2363 iri
2345 2334 2396 2364 eis:

1333 2370 1399 2399 dem
1421 2369 1601 2410 promissione
1615 2378 1647 2399 ac
1657 2369 1820 2407 juramento
1832 2368 1967 2406 adiciens,
1984 2368 2061 2409 quod
2074 2368 2138 2398 haec
2151 2371 2261 2408 omnia,
2280 2381 2347 2402 cum
2361 2372 2396 2404 ad

1334 2409 1486 2444 legitimam
1505 2416 1617 2438 aetatem
1636 2407 1806 2447 pervenerit,
1825 2416 1884 2436 non
1898 2406 2022 2446 differat,
2042 2407 2096 2437 fine
2111 2407 2275 2440 difficultate
2290 2410 2396 2450 aliqua,

1333 2448 1387 2484 illi,
1405 2447 1526 2485 ejusdem
1547 2445 1682 2477 Ecclesiae
1704 2445 1849 2476 Romaaae
1870 2447 2005 2484 nomine,
2024 2455 2173 2485 renovare,
2192 2457 2277 2488 quem
2291 2448 2325 2479 ad
2337 2449 2395 2481 hoe

1333 2487 1388 2524 ipsa
1403 2485 1525 2516 Ecclesia
1539 2484 1646 2515 duxerit
1663 2482 1862 2523 deputandum.

1375 2524 1484 2564 Qiod,
1501 2524 1521 2554 si
1543 2523 1612 2553 silius
1630 2522 1697 2553 dieti
1721 2522 1807 2562 Regis
1820 2522 1843 2552 F
1844 2522 1961 2560 ranciae,
1976 2533 2062 2563 quern
2075 2523 2130 2563 ipse
2143 2523 2176 2554 ad
2189 2525 2327 2564 praemissa
2339 2525 2398 2557 ele-

1333 2565 1421 2602 gerit,
1435 2564 1493 2602 ejus
1506 2563 1537 2594 sit
1549 2561 1637 2592 forsan
1653 2562 1754 2600 aetatis,
1771 2560 1849 2601 quod
1863 2559 1896 2590 ad
1911 2562 2054 2597 juramenti
2069 2561 2273 2602 praestationem
2288 2564 2397 2595 inhabi-

1333 2603 1364 2631 lis
1378 2602 1525 2640 habeatur,
1542 2602 1687 2640 promittet
1702 2599 1777 2630 idem
1794 2598 1874 2637 Rex,
1891 2600 1948 2630 suas
1961 2600 2038 2639 super
2050 2601 2108 2631 hoc
2122 2601 2221 2632 litteras
2234 2602 2406 2639 concedent

1333 2639 1390 2679 do,
1407 2640 1449 2678 se,
1465 2650 1500 2671 ac
1519 2640 1600 2670 suum
1621 2641 1649 2670 in
1667 2638 1792 2669 Franciae
1811 2637 1917 2676 Regno
1937 2639 2093 2679 haeredem,
2109 2648 2268 2671 curaturum
2291 2641 2324 2672 &
2338 2640 2397 2673 fac-

1334 2687 1444 2717 turum,
1464 2678 1540 2708 bona
1560 2676 1632 2716 side,
1650 2676 1728 2715 quod
1746 2677 1821 2706 idem
1833 2677 1895 2706 suus
1909 2675 1992 2719 filius,
2009 2687 2078 2708 cum
2091 2677 2124 2706 ad
2143 2686 2272 2717 aetatem,
2289 2679 2322 2709 ad
2337 2679 2397 2711 hoe

1333 2725 1443 2756 aptam,
1461 2717 1632 2753 pervenerit,
1646 2714 1898 2753 praemissaomnia
1917 2715 1951 2745 ὃς
1972 2715 2073 2754 singula
2092 2715 2215 2746 fimiliter
2232 2718 2396 2756 promittet,

1334 2756 1367 2786 δε
1386 2753 1545 2794 praestabit,
1559 2753 1616 2783 sine
1637 2751 1859 2784 contradictione
1878 2752 2012 2790 qualibet,
2031 2752 2187 2790 huiusmodi
2199 2754 2395 2792 juramentum

1334 2793 1400 2830 tibi,
1415 2793 1460 2823 vel
1474 2792 1534 2830 alii,
1549 2792 1596 2831 qui
1610 2790 1643 2820 ad
1657 2790 1685 2821 id
1696 2790 1777 2834 ⁴fuerit
1791 2827 1794 2829 ι
1812 2800 1841 2819 er
1853 2790 1969 2821 eandem
1985 2789 2140 2821 Ecclesiam
2153 2791 2306 2831 deputatus.

1371 2831 1523 2862 Promittet
1543 2837 1676 2868 praeterea
1695 2828 1770 2859 idem
1821 2837 1872 2866 eit,
1890 2829 1939 2858 sub
1959 2829 2091 2859 similium
2113 2829 2277 2862 testimonio
2295 2832 2396 2862 littera-

1334 2880 1416 2908 rum,
1432 2869 1509 2910 quod
1531 2876 1589 2898 tam
1610 2869 1617 2897 i
1639 2867 1682 2905 se,
1698 2868 1799 2907 quam,
1819 2866 1884 2906 post
1905 2868 1961 2905 ejus
1979 2867 2107 2905 obitum,
2132 2869 2193 2899 suus
2213 2870 2243 2899 in
2267 2869 2395 2901 Franciae

1334 2908 1439 2949 Regno
1450 2907 1605 2944 successor,
1642 2905 1778 2944 ujusmodi
1793 2906 1956 2945 negotium,
1974 2906 2048 2936 bona
2062 2905 2117 2936 fide
2148 2916 2276 2946 potenter
2291 2909 2324 2940 &
2339 2909 2394 2939 sol-

1332 2948 1407 2978 licite
1429 2947 1631 2987 prosequentur
1649 2944 1751 2983 absque
1775 2944 1907 2974 dilatione
1924 2944 1968 2974 seu
1987 2945 2099 2975 intermi
2123 2955 2189 2976 ione
2205 2969 2216 2984 ,
2240 2956 2305 2985 quas
2328 2947 2395 2978 facti

1332 2986 1444 3026 qualitas
1461 2985 1506 3016 seu
1526 2993 1589 3014 eme
1625 2984 1738 3027 ‚mium-
1749 2982 1862 3013 casuum
1883 2982 2024 3013 necessitas
2037 2993 2096 3015 non
2111 2983 2241 3023 inducet,
2259 2984 2394 3025 quodque

1335 3034 1394 3056 tam
1411 3023 1482 3062 ipse,
1501 3025 1585 3063 quam
1634 3022 1695 3052 &us
1737 3031 1770 3064 lus
1791 3022 1819 3051 in
1834 3021 1960 3051 Francioe
1976 3020 2085 3059 Regno
2097 3022 2184 3053 haeres
2195 3046 2206 3062 ,
2223 3023 2345 3055 eundem
2360 3024 2394 3054 fi-

1332 3064 1404 3094 lium
1421 3061 1516 3101 suum,
1533 3062 1569 3091 ab
1587 3070 1640 3098 eo,
1664 3069 1695 3091 ut
1714 3060 1852 3103 μήπως,
1869 3059 2005 3102 οξεέὶιιῐη,
2024 3061 2058 3091 &
2076 3061 2091 3091 a
2114 3069 2142 3092 te
2161 3060 2339 3100 deputatum,
2358 3073 2394 3094 ac

1333 3100 1499 3134 successores
1520 3099 1600 3137 ipsius
1613 3097 1762 3129 efficaciter
1776 3099 1804 3127 in
1817 3098 1972 3135 hujusmodi
1986 3098 2178 3136 prosecutione
2190 3101 2341 3139 juvabunt,
2357 3101 2392 3132 &

1334 3141 1469 3172 curabunt
1486 3139 1520 3169 &
1540 3138 1657 3175 facient,
1673 3137 1747 3167 bona
1768 3136 1839 3175 side,
1863 3135 1939 3177 quod
1960 3137 1996 3167 illi
2010 3137 2130 3168 similiter
2142 3139 2288 3178 negotium
2302 3139 2393 3178 ipsum

1333 3179 1446 3210 efficaci
1474 3175 1656 3208 sollicitudine
1678 3185 1712 3206 ac
1741 3175 1853 3206 sollicita
1877 3175 2000 3206 efficacia
2024 3185 2076 3216 pro
2099 3176 2203 3208 viribus
2227 3177 2393 3218 prosequen-

1334 3226 1387 3249 tur.

1371 3254 1479 3294 Qiod,
1497 3253 1517 3284 si
1536 3252 1626 3284 dietus
1645 3252 1764 3290 ejusdem
1782 3251 1869 3292 Regis
1883 3252 2008 3284 Franciae
2021 3252 2107 3292 filius,
2123 3253 2158 3284 ad
2169 3255 2308 3295 praemissa
2318 3255 2392 3287 elec-

1335 3303 1378 3325 tus
1396 3296 1429 3325 &
1450 3293 1609 3332 deputatus,
1629 3292 1662 3321 &
1681 3291 1736 3330 ipse
1758 3290 1822 3321 Rex
1845 3300 1908 3330 aut,
1925 3301 1961 3322 eo
1976 3301 2035 3322 non
2047 3291 2204 3332 superstite,
2222 3293 2283 3324 suus
2300 3294 2328 3324 in
2342 3305 2392 3325 eo-

1333 3333 1401 3363 dem
1416 3331 1522 3371 Regno
1541 3329 1695 3369 successor,
1713 3329 1868 3368 hujusmodi
1889 3331 2035 3369 negotium
2057 3330 2182 3370 prosequi
2199 3332 2393 3372 neglexerint,

1335 3381 1389 3402 nec
1410 3370 1474 3409 post
1495 3369 1682 3399 monitionem
1700 3368 1765 3399 sedis
1778 3368 1898 3406 ejusdem
1911 3368 1980 3398 infra
1991 3376 2099 3407 tempus
2114 3379 2295 3409 competens,
2313 3371 2391 3410 quod

1335 3409 1369 3441 ad
1390 3410 1447 3440 hoc
1459 3407 1532 3439 sedes
1545 3407 1656 3444 eadem,
1672 3407 1752 3445 ipfius
1766 3407 1869 3446 negotii
1881 3406 2090 3437 circumstantiis
2103 3408 2137 3438 ὅ(
2151 3409 2279 3446 qualitate
2296 3408 2391 3448 pensa-

1335 3450 1384 3486 tis,
1401 3447 1506 3478 dtuterit
1525 3444 1742 3485 praefigendum,
1773 3445 1876 3476 debitae
1915 3445 2093 3476 rosecutionis
2111 3445 2268 3476 instantiam
2290 3446 2389 3477 reassu-

1336 3495 1429 3524 mant,
1447 3495 1482 3516 eo
1502 3484 1561 3522 ipso
1580 3483 1679 3513 cadant
1689 3493 1703 3513 a
1717 3483 1822 3522 Regno
1835 3484 1868 3514 ὃς
1931 3485 2029 3513 miratu
2042 3483 2196 3522 praedietis,
2211 3485 2244 3515 &
2257 3485 2340 3515 libera
2353 3485 2388 3515 &

1356 3526 1415 3555 lena
1431 3522 1595 3554 eorumdem
1618 3521 1712 3561 Regni
1734 3523 1767 3553 ὃ(
1787 3520 1946 3553 Comitatus
1964 3520 2104 3560 dispositio
2119 3522 2173 3552 sive
2185 3522 2336 3560 ordinatio,
2352 3521 2388 3553 ad

1367 3572 1500 3594 omanam
1524 3559 1677 3591 Ecclesiam
1698 3583 1708 3599 ,
1736 3560 1836 3601 absque
1859 3558 2082 3592 contradictione
2101 3559 2210 3599 aliqua,
2240 3560 2390 3592 devolvan-

1332 3610 1384 3633 tur.
2040 3619 2042 3621 ,

1372 3639 1443 3670 Nec
1461 3638 1536 3669 idem
1555 3635 1621 3666 Rex
1642 3636 1784 3677 Franciae,
1802 3647 1849 3676 aut
1861 3635 2001 3668 successor
2012 3636 2070 3675 ejus
2082 3637 2112 3666 in
2126 3635 2251 3671 Franciae
2264 3633 2297 3665 R

1334 3687 1368 3708 ex
1383 3675 1526 3716 praemiffis
1536 3676 1612 3715 lege,
1631 3676 1879 3714 conventionibus,
1898 3675 1954 3706 sive
1967 3675 2070 3715 pactis,
2087 3673 2122 3705 ad
2133 3673 2244 3712 aliquod
2260 3673 2311 3703 aliu
2349 3683 2389 3704 te-

1334 3724 1466 3754 neantur,
1483 3714 1643 3744 dummodo
1661 3722 1769 3745 tanturn
1782 3715 1818 3745 de
1829 3715 1879 3745 suo
1891 3712 2070 3753 expenderint
2081 3714 2112 3743 in
2126 3709 2388 3753 hujusmodiprose-

1334 3756 1448 3787 curione
1469 3753 1589 3792 negotii,
1605 3761 1740 3792 quantum
1760 3763 1810 3793 per
1827 3752 1993 3783 Romanam
2012 3751 2184 3788 Ecclesiam,
2200 3758 2254 3788 pro
2264 3750 2386 3786 ejusdem

1334 3792 1532 3834 prosecutionis
1544 3791 1741 3829 subventione,
1761 3792 1915 3828 receperint
1933 3800 1939 3819 2

1370 3831 1398 3860 Si
1421 3839 1491 3859 vero
1510 3840 1570 3860 non
1584 3838 1691 3860 tautum
1704 3830 1739 3860 de
1752 3830 1801 3860 suo
1813 3828 2012 3868 expenderent,
2027 3835 2122 3857 totum
2132 3823 2178 3862 id,
2196 3825 2225 3854 in
2240 3836 2298 3864 quo
2311 3827 2386 3859 sum-

1336 3879 1382 3901 ma
1403 3869 1489 3898 taliter
1508 3876 1706 3908 perceptorum
1730 3868 1857 3907 expensas
1889 3876 1936 3905 per
1948 3865 2061 3896 eosdem
2075 3861 2187 3900 Regem
2200 3863 2233 3893 &
2247 3865 2386 3897 successo.

1332 3918 1394 3937 rem
1412 3906 1447 3937 de
1458 3907 1507 3937 suo
1521 3906 1618 3944 faesiaS,
1634 3906 1764 3946 excedat,
1782 3906 1848 3945 ipsi,
1862 3890 1930 3936 Rex
1943 3903 1999 3934 five
2012 3899 2166 3939 successor,
2181 3901 2273 3934 eidem
2285 3903 2386 3936 Eccle-

1332 3947 1379 3978 [ηε
1390 3944 1531 3976 restituere
1543 3946 1721 3983 tenebuntur,
2020 3979 2023 3982 ‚
2051 3977 2056 3983 ¹

1369 3984 1472 4016 Forma
1489 3985 1560 4015 vero
1574 3983 1724 4024 juramenti
1743 3980 1877 4013 fidelitatis
1892 3979 1925 4011 δε
1935 3977 2072 4017 Ιιοωαςὴ,
2092 3976 2212 4009 faciendi
2227 3978 2385 4050 asaepffiiro

2274 4028 2301 4057 ε]
2349 4027 2397 4050 em

2351 3646 2386 3674 0³

2413 1051 2431 1073 ²*
2442 1053 2551 1089 Παῤ-6.
