2570 4261
229 133 307 169 116

729 110 1526 160 CONVENTIONES·,
1574 110 1964 159 LITERAE,

78 212 156 244 Anii.
172 211 214 242 D.
230 212 369 243 demeritis
382 219 439 240 non
455 205 693 248 prcecedentibus,
711 204 816 235 fueritis
838 212 937 235 contra
957 203 1015 234 hoc
1037 213 1086 241 per
1107 202 1174 233 aiios
1191 208 1297 241 provo·
1344 198 1428 241 licet,
1442 198 1646 242 ‘quinquaginta
1670 196 1783 228 Marcas
1796 196 1831 228 ad
1845 196 2024 228 Scaccarium
2038 194 2169 227 nostrum
2181 192 2312 236 Paschae,
2328 198 2363 230 ὅ(
2376 208 2405 230 a·
2424 193 2501 225 Ann.
2516 190 2559 229 D,

99 261 111 281 1
118 261 184 290 270.

77 296 142 318 Hm.
165 300 190 327 3.

76 2031 96 2050 '¹‘
115 2030 211 2059 1.866.

88 3604 166 3634 Ann⁴
182 3602 213 3633 D

111 3651 187 3679 ¹270

90 3684 141 3708 An.
158 3690 203 3715 55.

91 3723 124 3745 H.
143 3728 168 3753 3.

89 3760 148 3784 Pat.
165 3766 210 3791 55.

91 3799 127 3823 H.
146 3804 170 3830 3.

90 3841 116 3860 η.
135 3841 182 3867 49.

191 3596 332 3671 :RE

232 261 302 281 cari·

269 276 306 319 E}
321 287 397 324 quod
410 284 526 315 dilet‘ms
547 284 580 313 &
597 280 682 311 fidelis
701 280 796 311 noster
816 280 857 311 G.
874 280 909 311 de
931 279 1015 310 Clare
1029 278 1139 309 Comes
1153 276 1297 307 Glouces-

229 329 303 363 triae,
323 325 403 355 simul
418 333 486 352 cum
503 320 666 359 quibusdam
682 319 741 348 aliis
755 321 783 349 in
796 328 896 359 magna
918 318 1113 355 multitudine,
1131 324 1233 346 terram
1247 324 1296 345 ve—

227 366 311 396 stram
327 364 361 393 de
378 361 534 391 Mos-ommi
549 358 680 388 invadere
693 359 886 396 proponebat,

263 403 316 433 Per
330 400 406 438 quod
418 385 510 428 eitsem
527 396 639 427 Comiti
659 396 853 426 mandavimus
895 395 952 426 uod
965 395 1000 424 ab
1014 392 1171 433 hujusmodi
1187 399 1294 433 propo-

227 444 280 473 fito
292 440 400 479 penitus
416 437 553 467 desisteret
566 458 575 472 ,
601 436 635 466 &
649 434 683 465 ad
702 445 754 465 nos
775 435 859 475 usque
919 433 999 464 estm.
1015 433 1049 462 ad
1070 431 1173 462 instans
1190 430 1294 459 Parha-

224 486 355 510 mentum
368 475 496 506 nostrum
511 475 634 511 veniret,
654 473 804 504 nobiscum
817 474 895 512 super
909 472 959 502 hiis
973 472 1006 502 &
1020 471 1077 501 aliis
1087 471 1245 500 locuturus:

263 516 299 546 Et
312 515 387 545 idem
400 513 527 552 Comes,
547 515 621 551 juxta
636 511 798 543 mandatum
814 511 943 542 nostrum
956 510 990 540 ad
1005 519 1057 539 nos
1068 508 1224 543 accedens,
1239 515 1293 535 no-

224 556 266 585 bis
281 554 452 584 intimaverit
468 552 543 590 quod
559 550 676 590 quidam
697 550 870 581 Mereducus
888 549 960 587 Resy
975 571 984 586 ,
1011 547 1089 586 ligius
1104 547 1196 576 homo
1214 545 1291 580 suuS,

225 594 262 624 ab
276 593 410 631 homagio
425 591 475 621 suo
490 589 617 627 recessit,
635 590 669 620 &
684 589 754 618 infra
775 588 941 627 potestatem
956 585 1076 617 vestram
1093 593 1190 616 contra
1205 582 1291 612 fideli-

222 640 311 662 tatem
325 630 400 661 suam
414 631 447 661 ὃς
468 629 591 668 homagii
611 628 649 658 sui
669 626 797 657 debitum
817 635 940 657 moratur
955 648 964 663 ,
987 626 1020 656 ὃς
1036 623 1171 654 Castrum
1191 622 1290 657 suum,

224 670 303 708 quod
317 669 353 699 de
375 679 411 699 eo
425 670 538 705 tenuit,
561 669 594 698 &
616 666 693 703 quod
713 665 754 696 cst
774 666 809 697 de
824 664 910 696 feodo
922 663 971 694 suo
985 686 994 700 ,
1018 663 1051 694 &
1074 673 1134 692 non
1153 660 1189 690 de
1205 657 1292 690 feodo

224 708 319 739 vestio
328 731 337 746 ,
355 707 490 737 obsedisse
504 705 662 746 proposuit,

263 747 299 777 Et
315 747 350 776 de
365 746 446 777 vobis
458 746 491 775 ὃς
505 744 601 775 vestris
615 752 713 774 coram
726 741 807 772 nobis
822 742 855 772 ὃς
878 740 1004 771 concilio
1026 737 1141 775 nostro,
1156 737 1192 768 de
1206 745 1293 768 trans-

224 785 408 826 gressionibus
431 785 464 815 &
484 784 588 820 injuriis
607 782 656 812 sibi
676 791 724 818 per
747 790 797 811 vos
821 782 855 811 &
873 779 978 809 vestros
994 776 1184 808 diversimode
1197 775 1291 812 illatis,

223 834 337 864 gravem
352 823 560 863 querimoniam
579 819 736 861 deposuerit
751 842 759 858 ,
784 818 916 848 instanter
934 816 1059 855 petendo
1078 815 1155 854 quod
1171 838 1181 854 ,
1206 823 1292 844 trans-

258 863 408 893 essionibus
423 861 456 891 Sc
476 861 578 898 injuriis
599 858 736 898 praedietis
757 857 854 887 auditis
868 880 877 894 ,
903 863 1096 894 competentes
1111 853 1240 884 emendae
1259 853 1289 883 in

246 912 277 932 ac
295 910 368 941 parte
382 923 391 939 ,
408 898 562 930 secundum
583 896 816 928 consuetudinem
838 895 979 926 Marchiae
991 917 1002 933 ‚
1026 896 1060 926 &
1075 894 1148 931 juxra
1165 892 1289 923 formam

224 942 299 978 pacis
315 939 456 978 praedicstae
465 962 474 977 ,
489 937 585 968 fierent
600 937 657 967 sine
670 945 762 966 mora:

262 979 347 1016 Nos,
361 978 460 1009 habito
473 987 542 1007 cum
557 975 693 1006 Concilio
716 972 814 1004 nostro
835 972 913 1010 super
931 970 1076 1011 praemiffis
1098 970 1214 1001 traffitatu
1229 967 1291 998 dili-

223 1018 318 1056 genti,
337 1017 462 1048 volentes
476 1014 553 1054 quod
567 1023 620 1053 pax
632 1013 766 1052 praedie'ta
782 1021 835 1049 pro
846 1011 928 1041 nobis
943 1012 976 1042 &
994 1009 1094 1041 nostris
1107 1008 1221 1038 firmiter
1236 1007 1291 1037 ob-

223 1057 359 1094 servetur,
378 1056 412 1086 &
425 1054 502 1094 quod
517 1063 576 1085 tam
590 1054 673 1083 vobis
688 1053 720 1083 ὃς
733 1050 830 1082 vestris
848 1050 884 1080 de
903 1048 1158 1089 transgressionibus
1172 1047 1204 1077 &
1220 1047 1292 1084 inju-

223 1096 268 1125 riis
279 1095 359 1124 vobis
370 1094 466 1131 saitis,
485 1102 515 1124 ut
528 1091 657 1130 asseritis,
677 1100 761 1128 quam
778 1089 893 1128 praefato
907 1088 1037 1126 Comiti,
1055 1088 1088 1118 &
1102 1087 1169 1124 suis,
1187 1094 1219 1115 ac
1235 1094 1291 1114 cae-

226 1135 289 1164 teris
303 1132 520 1164 Marchionibus
536 1130 635 1161 nostris
656 1129 692 1160 de
708 1127 862 1159 excessibus
875 1151 884 1166 ,
907 1125 1161 1166 transgressionibus
1167 1147 1178 1162 ,
1197 1124 1230 1154 δε
1247 1124 1290 1154 in-

221 1173 299 1212 juriis
313 1173 349 1202 eis
360 1182 408 1210 per
420 1181 489 1208 vos,
507 1171 539 1201 &
554 1168 661 1200 vestros
674 1167 768 1205 illatis,
788 1166 833 1197 fiat
845 1165 961 1204 justitiae
974 1165 1220 1202 complementum
1229 1185 1239 1201 ,

261 1210 405 1241 Mittimus
419 1208 586 1240 venerabiles
600 1216 687 1247 patres
701 1206 741 1236 G.
757 1204 989 1244 wigorniensem
1003 1229 1013 1242 ,
1039 1204 1071 1234 ὅ(
1096 1203 1133 1234 R.
1150 1201 1290 1232 Coveiitr.

226 1251 260 1281 &
278 1249 417 1279 Lichfeld.
434 1248 601 1286 Episcopos,
619 1247 652 1277 Sc
666 1245 782 1275 dilectos
796 1245 830 1275 &
844 1243 935 1274 fideles
955 1243 1066 1273 nostros
1083 1241 1136 1272 W.
1151 1240 1186 1270 de
1200 1239 1291 1269 Bello-

226 1297 330 1327 campo
342 1287 491 1318 Comitem
507 1286 694 1322 &Varrewicss
715 1283 754 1314 R.
767 1282 801 1313 de
810 1282 945 1322 Somery,
962 1281 988 1320 J.
1002 1282 1038 1312 de
1054 1281 1163 1317 Linde,
1182 1280 1215 1310 δε
1225 1277 1292 1309 Ma-

227 1327 347 1357 vistrum
361 1326 551 1356 Willielmum
565 1324 599 1354 de
612 1324 733 1354 Corvire
748 1322 830 1361 usque
845 1320 922 1352 Mun
942 1331 1040 1361 omery
1054 1343 1064 1359 ,
1084 1319 1119 1349 ad
1134 1316 1236 1348 instans
1252 1317 1292 1347 fe-

227 1351 302 1396 sium
318 1364 460 1395 Omnium
475 1364 662 1401 Sanctorum,
681 1363 718 1392 ita
731 1360 809 1401 quod
822 1368 903 1390 erunt
915 1361 924 1390 i
945 1359 1021 1390 idem
1035 1361 1066 1390 in
1079 1356 1211 1390 Crastino
1220 1356 1292 1388 Ani-

229 1414 356 1441 marum,

264 1442 381 1473 Plenam
395 1440 559 1482 potestatem
571 1440 703 1470 habentes
717 1438 749 1469 ad
763 1436 886 1468 excessus
901 1461 911 1475 ,
933 1434 1152 1475 transgression&
1164 1435 1198 1465 &
1214 1444 1294 1473 quas-

226 1491 351 1519 cumque
366 1482 489 1519 injurias‚
507 1480 572 1509 liinc
586 1479 650 1509 inde
662 1477 810 1508 audiendas
822 1477 855 1507 ὃς
869 1476 1069 1513 terminandas,
1088 1475 1121 1505 ὃς
1131 1474 1165 1504 ad
1180 1473 1294 1513 plenam

225 1522 259 1550 &
275 1521 394 1550 celerem
407 1518 541 1558 justitiam
555 1517 620 1548 inde
637 1518 875 1556 qualitercumque
897 1514 1133 1555 conquerentibus
1144 1536 1154 1551 ,
1179 1513 1224 1543 seu
1242 1521 1294 1542 co-

225 1569 286 1589 ram
299 1559 336 1589 eis
353 1559 490 1594 conqueri
505 1556 663 1588 volentibus
678 1579 687 1594 ,
714 1554 918 1591 exhibendam,
936 1561 1019 1592 prout
1031 1551 1186 1583 secundum
1199 1551 1291 1590 legem

224 1599 258 1628 ὃ(
272 1598 504 1628 consuetudinem
520 1595 661 1626 Marchiae
675 1617 685 1633 ,
710 1595 743 1626 &
754 1594 765 1632 j
770 1602 832 1625 uxta
844 1593 967 1624 formam
983 1593 1059 1630 pacis
1073 1590 1219 1631 praedictae
1231 1590 1292 1620 fue-

223 1637 260 1667 rit
274 1636 449 1667 faciendum:

262 1674 299 1706 Et
315 1676 484 1713 injunximus
497 1674 590 1704 eidem
606 1672 717 1704 Comiti
731 1694 741 1709 ,
765 1671 798 1702 ὃς
813 1670 902 1710 ipsum
925 1668 1111 1707 ajornavimus
1125 1677 1224 1698 coram
1237 1668 1291 1698 eis-

225 1714 292 1745 dem
315 1714 441 1745 Nunciis
463 1712 578 1750 nostris,
603 1711 680 1751 quod
701 1711 746 1740 die
766 1709 918 1747 praedksto,
936 1707 981 1737 seu
1003 1706 1101 1737 diebus
1118 1706 1153 1737 ad
1174 1705 1250 1745 hoc,
1270 1706 1291 1736 si

226 1753 335 1784 necesse
356 1753 456 1791 fuerit,
471 1762 520 1792 per
539 1750 610 1790 ipsos
631 1748 845 1786 continuandis,
864 1747 895 1777 sit
909 1745 1016 1776 ibidem
1031 1745 1224 1786 personaliter,
1242 1745 1289 1775 vel

225 1792 331 1832 aliquos
343 1792 378 1822 de
393 1792 460 1830 suis,
479 1791 588 1829 plenam
601 1790 635 1820 ad
651 1789 709 1819 hoc
724 1785 891 1825 potestatem
905 1785 1056 1822 habentes,
1072 1793 1171 1815 coram
1185 1783 1289 1814 eisdem

227 1830 353 1861 Nunciis
366 1832 462 1860 venire
475 1830 571 1867 faciat,
589 1828 623 1859 ad
637 1826 799 1858 faciendum
816 1827 849 1857 &
865 1823 1074 1864 recipiendum,
1092 1823 1210 1853 nomine
1221 1822 1290 1862 suo,

226 1869 302 1909 quod
314 1869 419 1908 julium
433 1870 515 1900 fuerit
528 1869 556 1898 in
572 1867 624 1898 hac
639 1874 731 1904 parte,

262 1908 351 1939 Unde
370 1909 451 1938 vobis
471 1906 652 1944 mandamus,
668 1907 696 1935 in
719 1903 773 1933 fide
788 1903 822 1934 ὃς
838 1901 1011 1940 dilectione,
1051 1901 1132 1931 uibus
1151 1901 1234 1931 nobis
1248 1908 1290 1931 te-

225 1948 351 1985 nemini,
365 1947 480 1977 firmiter
503 1946 692 1985 injungentes,
710 1942 789 1982 quod
801 1941 835 1971 ad
849 1941 953 1971 vadum
966 1939 1001 1970 de
1054 1948 1222 1979 untgomery
1235 1939 1290 1969 sitis

225 1986 399 2025 personaliter
420 1985 516 2016 diebus
536 1983 709 2025 supradi&i8‚
726 1981 770 2011 vel
790 1980 896 2019 aliquos
917 1978 953 2009 de
974 1977 1084 2017 vestris,
1102 1978 1214 2016 plenam
1235 1987 1288 2017 pro

228 2026 310 2055 vobis
329 2025 362 2055 ad
384 2025 441 2055 hoc
460 2022 627 2064 potestatem
644 2022 792 2057 habentes,
816 2019 836 2038 ³¹²
853 2018 961 2048 ibidem
983 2018 1112 2056 mittatis,
1129 2016 1164 2046 ad
1183 2017 1288 2047 facien-

229 2063 299 2094 dum
318 2064 351 2094 ὃς
371 2062 564 2102 recipiendum
585 2061 707 2092 similiter
729 2060 758 2089 in
774 2055 935 2096 praemiffis,
951 2056 1068 2086 nomine
1082 2055 1192 2093 vestro,
1210 2054 1287 2095 quod

226 2103 300 2140 juxta
322 2102 443 2132 formam
465 2102 539 2142 pacis
554 2099 714 2138 praedidiae,
731 2096 885 2127 secundum
900 2095 991 2134 legem
1005 2094 1039 2125 δε
1052 2093 1286 2125 consuetudinem

227 2142 346 2181 partium
362 2141 485 2178 illarum,
503 2140 583 2170 fuerit
598 2136 774 2174 faciendum,

264 2179 300 2210 Et
322 2180 379 2209 hoc
401 2178 553 2209 nullatenus
573 2176 723 2213 omittatis,
742 2175 779 2204 ita
794 2173 871 2213 quod
886 2171 969 2203 vobis
984 2170 1031 2202 vel
1044 2169 1139 2201 vestris
1153 2170 1283 2212 imputari

229 2228 290 2248 non
311 2217 395 2257 possit
416 2218 459 2248 vel
475 2217 575 2247 debeat
590 2225 647 2254 quo
661 2215 753 2244 minus
766 2221 818 2252 pax
830 2210 966 2252 praedicta
979 2209 1176 2240 inviolabiliter
1191 2210 1286 2241 obser-

225 2265 321 2294 vetur,
341 2257 374 2286 &
396 2255 473 2297 quod
494 2254 623 2285 emendae
644 2253 679 2284 de
693 2251 916 2293 quibuscumque
928 2247 1183 2287 transgressionibus
1198 2250 1231 2281 &
1244 2250 1288 2279 in-

218 2297 296 2335 juriis
318 2295 397 2325 vobis
417 2295 450 2325 &
473 2293 567 2324 vestris
589 2302 639 2331 per
658 2291 805 2328 praefatum
824 2288 988 2325 Comitem,
1012 2288 1046 2318 δε
1065 2287 1145 2325 suos,
1162 2297 1195 2317 ac
1217 2287 1284 2318 alios

224 2334 407 2365 Marchiones
426 2333 554 2371 nostros,
572 2342 605 2362 ac
627 2330 729 2361 eisdem
745 2339 793 2369 per
806 2338 875 2366 vos,
891 2328 923 2358 ὃς
938 2325 1044 2358 vestros
1058 2325 1152 2364 illatis,
1169 2334 1199 2357 ut
1213 2326 1287 2357 dici-

225 2382 285 2409 tur,
304 2372 414 2403 infet‘tae
430 2382 488 2402 nori
503 2378 664 2401 remaneant
700 2367 896 2406 uoquomodo.

260 2412 298 2442 Et
323 2413 386 2450 quia
399 2434 409 2450 ,
434 2420 483 2450 per
501 2409 649 2450 praefatum
669 2379 820 2439 donarem
839 2407 872 2437 &
888 2405 954 2435 alios
967 2427 977 2443 ,
1001 2403 1186 2435 intelleximus
1208 2403 1287 2443 quod

223 2460 291 2489 VOS,
315 2459 384 2481 cum
406 2450 529 2480 exercitu
551 2448 684 2485 bannito,
707 2446 740 2476 ὃς
759 2443 937 2476 multitudine
955 2452 1145 2481 armatorum,
1171 2441 1286 2482 Castra,

224 2498 324 2527 terras,
343 2490 376 2520 δε
397 2496 556 2520 tenementa
576 2486 681 2527 praefati
703 2484 826 2515 Comitis
841 2484 871 2513 in
888 2482 1008 2522 partibus
1020 2481 1134 2521 vestris,
1151 2482 1284 2513 invadere

224 2529 396 2569 proponitis,
415 2536 512 2558 conti-a
536 2527 658 2556 formam
673 2525 748 2563 pacis
761 2521 923 2561 praedi&ae,
941 2520 976 2551 de
1010 2530 1048 2551 uo
1063 2530 1122 2550 non
1134 2520 1286 2551 mediocri-

225 2576 267 2598 ter
287 2568 420 2597 miramur
441 2566 475 2597 &
496 2574 663 2602 movemur,
683 2563 807 2593 maxime
821 2559 977 2591 cumidem
1021 2568 1101 2589 ornes
1115 2559 1206 2589 homo
1220 2569 1286 2591 nos-

225 2615 266 2636 ter
280 2605 359 2645 ligius
372 2606 419 2643 sit,
434 2605 468 2636 &
483 2604 648 2642 homagium
662 2601 741 2632 suum
754 2601 823 2631 sicut
836 2600 868 2630 &
881 2609 931 2629 vos
945 2599 1027 2628 nobis
1039 2598 1155 2636 fecerit,
1170 2607 1285 2636 propter

225 2644 303 2684 quod
322 2645 411 2682 ipsum
434 2645 462 2674 in
480 2642 531 2674 suis
545 2642 667 2682 juribus,
685 2649 715 2670 ut
733 2649 785 2670 vos
798 2637 942 2682 ianestris
955 2645 1153 2675 manutenere,
1169 2637 1203 2667 ὅσ
1217 2637 1286 2669 utri-

225 2692 280 2723 que
298 2682 424 2714 vestrsim
442 2684 471 2713 in
490 2681 540 2712 suis
580 2679 763 2711 ravaminibus
781 2677 904 2708 similiter
920 2675 1066 2706 subvenire
1085 2675 1216 2705 volumus
1255 2682 1287 2706 ut

226 2729 374 2760 tenemur,
393 2721 425 2751 &
449 2689 594 2751 manifesse
610 2717 805 2759 perpendimus
818 2714 911 2756 quod,
929 2723 962 2744 ex
975 2713 1132 2757 hujufinodi
1146 2697 1288 2744 invasione

225 2759 320 2792 hostili
341 2761 374 2792 &
395 2759 537 2798 proposito
551 2758 708 2789 voluntario
722 2756 836 2824 ,sgravis
849 2753 1012 2784 turbationis
1027 2753 1140 2782 materia
1154 2752 1270 2782 subon'ri
1279 2775 1289 2791 ,

225 2800 260 2830 &
280 2799 374 2838 Regni
393 2798 479 2829 nostri
503 2797 640 2834 turbatio,
654 2796 713 2834 jam
743 2793 836 2832 edata,
857 2791 1020 2822 benedicitus
1038 2790 1134 2827 Deus,
1149 2790 1284 2830 suscitari,

227 2838 303 2877 quod
323 2838 405 2876 absit,
422 2848 455 2868 ac
475 2837 571 2874 nobis,
590 2836 623 2866 &
648 2834 745 2871 vobis,
765 2842 797 2863 ac
817 2832 871 2862 toti
884 2830 989 2870 Regno
1004 2829 1102 2860 nostro
1115 2830 1288 2867 irreparabile

228 2876 403 2914 dispendium
416 2877 449 2907 &
461 2876 619 2913 periculum
635 2871 720 2911 possit
733 2873 867 2901 iminere:

266 2915 349 2953 Nos,
367 2923 446 2945 tanto
468 2914 594 2944 volentes
613 2913 728 2943 obvi-:ire
747 2909 915 2947 discrimini,
934 2909 968 2940 &
989 2908 1076 2939 dieta:
1131 2908 1170 2938 cis
1183 2907 1288 2938 nostrae

227 2954 415 2983 observationi
435 2952 607 2991 prospicere,
628 2951 725 2988 vobis,
751 2948 800 2979 sub
819 2947 917 2978 debito
936 2947 1072 2978 fidelitatis
1147 2946 1288 2986 homagii,

227 2993 327 3030 quibus
349 2991 431 3021 nobis
450 2991 511 3021 estis
532 2990 652 3028 astric‘ti,
679 2988 795 3019 firmiter
814 2986 1002 3026 injungendo,
1017 2985 1181 3016 mandamus
1201 2987 1290 3024 quati-

226 3041 295 3068 nus,
321 3030 389 3060 sicut
410 3030 549 3060 honorem
567 3029 695 3059 nostrum
717 3028 749 3058 &
770 3025 898 3056 vestrum
926 3026 1052 3065 diligitis,
1074 3025 1110 3055 ab
1130 3024 1289 3062 hujusmodi

227 3069 373 3099 voluntate
392 3066 425 3098 &
443 3066 587 3107 proposito
605 3069 714 3105 penitus
733 3064 891 3096 desistentes
897 3087 907 3102 ,
926 3064 1041 3102 praefato
1054 3062 1167 3093 Comiti
1180 3071 1226 3093 aut
1240 3062 1290 3094 suis

229 3118 290 3177 Fon
313 3107 445 3144 inferatis,
464 3107 509 3137 vel
530 3107 545 3136 a
565 3106 660 3136 vestris
681 3105 816 3135 ullatenus
838 3102 933 3133 inferri
952 3103 1118 3141 permittatis
1132 3101 1291 3132 molestiam

241 3157 273 3176 eu
288 3155 446 3176 ‹rravameir

270 3171 361 3224 (ffliod
380 3184 399 3214 si
416 3183 492 3213 secus
513 3183 638 3222 egeritis,
653 3181 819 3211 dissimulare
833 3191 894 3211 non
906 3180 1060 3220 poterimus
1080 3180 1148 3219 quin
1161 3179 1292 3211 adversus

229 3224 376 3254 violatores
395 3223 467 3262 pacis
487 3221 648 3262 praediffie,
666 3229 750 3260 quam
771 3220 882 3250 illaesam
904 3219 1037 3250 volumus
1056 3217 1213 3258 observari,
1232 3228 1292 3250 ma-

231 3272 282 3292 nus
294 3261 407 3292 ultionis
419 3260 605 3291 extendamus.

268 3300 305 3331 Et
324 3300 391 3330 scire
412 3309 468 3330 vos.
482 3299 612 3329 volumus
630 3297 707 3337 quod
728 3296 820 3327 eidem
840 3296 952 3328 Comiti
973 3295 1092 3326 firmiter
1107 3296 1296 3336 injunximus,

232 3341 296 3370 viva
307 3348 396 3377 voce,
411 3348 448 3368 ne
461 3338 557 3374 vobis,
574 3336 620 3367 vel
634 3335 729 3367 vestris
743 3336 771 3364 in
786 3336 878 3375 aliquo
891 3335 1037 3373 praesumat
1051 3335 1187 3374 injuriare.

266 3377 354 3408 Teste
365 3377 447 3417 Rege
461 3375 534 3416 apud
549 3375 712 3406 Westmon.
730 3374 764 3403 16
778 3374 823 3404 die
837 3373 982 3405 Oitobris.

388 3512 445 3542 Pro
463 3507 581 3541 Thomu
599 3506 634 3539 de
657 3504 813 3539 Sahaudta
829 3509 865 3545 φ’
889 3503 1049 3539 fratribus
1058 3506 1137 3552 ficis.

341 3596 371 3627 X
393 3600 542 3637 omnibus,
561 3597 621 3628 &c.
635 3596 757 3626 salutem.

324 3673 328 3678 ·
359 3635 435 3665 Cum
456 3636 552 3667 Petrus
572 3635 607 3666 de
628 3635 761 3666 Sabaudia
781 3635 903 3665 honores
925 3633 1036 3671 Aquilae
1056 3634 1090 3665 &
1111 3632 1244 3672 Hasting.
1263 3633 1292 3662 in

240 3668 387 3712 Comitatu
405 3675 552 3714 Suss'exiae,
569 3676 597 3704 in
617 3673 802 3704 Testamento
815 3674 864 3703 suo
877 3672 987 3712 legasset
1001 3673 1128 3703 Thomae
1139 3673 1176 3703 de
1188 3672 1292 3702 Saban-

241 3707 301 3743 dfflff
320 3710 465 3753 Amadeo,
480 3715 512 3743 &
528 3713 706 3750 Lodowico,
724 3712 861 3742 Fratribus
874 3711 995 3749 ejusdem
1009 3711 1155 3750 Thomae,
1267 3745 1269 3747 ,

257 3785 261 3789 ,
279 3747 317 3777 Et
338 3748 411 3793 idem
430 3750 573 3787 Thomas,
593 3751 751 3788 AmadeuS,
769 3751 803 3781 &
824 3750 1001 3780 Lodowicus
1022 3750 1144 3780 honores
1156 3749 1235 3787 illos,
1250 3757 1292 3778 ra-

242 3793 320 3816 tione
334 3786 473 3824 legationis
487 3790 641 3828 przediehie,
662 3798 787 3828 peterent
797 3798 896 3819 coram
909 3789 1006 3826 nobis,

279 3822 321 3868 Et·
337 3823 487 3870 Edwardus
507 3828 703 3866 primogenitus
723 3826 835 3864 noster,
853 3836 949 3857 tenens
969 3827 1109 3856 honorem
1125 3824 1293 3864 praedifflm

240 3862 371 3908 Hasting.
391 3871 449 3906 agat
470 3871 498 3893 in
511 3866 628 3899 partibus
641 3867 771 3904 remotis,
789 3875 838 3906 per
850 3865 927 3904 quod
941 3865 1045 3904 aliquid
1057 3865 1136 3903 super
1149 3863 1227 3894 facto
1239 3862 1292 3892 hu-

236 3901 358 3940 jusmodi
374 3901 500 3930 ordinare
513 3911 570 3931 non
585 3904 721 3942 valemus,

278 3940 362 3983 Nos,
380 3939 577 3969 nichilominus
597 3942 714 3979 praefatis
734 3942 880 3979 Thomae,
897 3941 1044 3979 Amadeo,
1062 3940 1096 3972 &
1109 3938 1290 3974 Lodowic0‚

260 3987 354 4008 rati-am
378 3978 482 4020 facere¹
495 3977 617 4007 volentes
643 3979 787 4017 specialem
801 4002 812 4018 ,
843 3979 944 4010 eisdem
973 3979 1158 4010 concedimus
1177 3983 1293 4007 centum

266 4016 371 4054 sareas,
388 4015 497 4055 singulis
514 4016 592 4046 annis
609 4018 795 4057 percipiendas
809 4016 844 4049 ad
857 4018 1036 4053 Scaccarium
1051 4015 1198 4053 nostrum,
1214 4012 1291 4053 vide-

1342 236 1388 281 lias
1400 245 1524 275 quinqua
1542 274 1547 280 ·
1574 244 1600 266 ta
1613 235 1726 280 Marcas
1740 236 1776 281 ad
1791 235 1970 280 Scaccarium
1982 235 2115 267 nostrum
2127 234 2226 267 Sancti
2239 234 2407 276 Michaelis,

1344 275 1379 305 us
1393 274 1518 351 gecfipusr’
1536 283 1613 343 ἔξω
1627 274 1676 305 filii
1688 274 1778 305 nostri
1788 274 1929 306 antedicti.

2454 243 2540 273 1270.

2427 277 2492 302 Hen.
2513 283 2540 311 3.

1376 391 1467 423 Teste
1481 392 1564 432 Rege
1578 374 1652 434 apiid
1666 394 1831 426 Windesor.
1843 393 1966 426 secundo
1978 394 2025 425 die
2038 393 2228 427 Novembris.

1337 529 1387 560 De
1414 526 1567 561 Conduffu
1587 539 1643 575 per
1660 532 1770 577 Regem
1791 530 1898 612 Sticih}
1919 529 2038 576 concesse
2066 528 2226 564 Edwardo
2244 533 2398 579 Primbge-

1782 588 1843 611 mto
1896 583 1966 626 egis.

1336 663 1521 726 KArolus,
1539 665 1599 697 Dei
1612 669 1712 707 gratia,
1731 667 1798 698 Rex
1816 667 1938 706 Siciliae,
1951 668 2080 700 Ducatus
2094 667 2223 714 Apuliae,
2242 669 2276 700 &
2289 668 2401 700 Princi-
2420 671 2496 704 Ann.
2510 673 2553 705 Dg

1420 713 1498 744 patus
1511 704 1638 750 Capuae,
1657 707 1751 737 Almae
1766 707 1841 737 urbis
1856 706 1975 737 Senator
2011 707 2199 748 AndegaViae,
2218 707 2399 747 Provinciae,
2441 721 2525 750 1270.

1336 743 1370 773 &
1392 742 1714 790 Eolcaquerii'Comes,
1729 755 1762 776 ac
1774 755 1822 790 per
1833 745 1970 789 §mdkam
1982 730 2150 777 Romanam
2164 746 2320 778 Ecclesiam
2335 747 2398 777 Ro-
2416 753 2466 779 An.
2488 761 2535 788 55.

1335 790 1414 826 mani
1439 782 1554 827 Imperii
1573 793 1605 827 iri
1622 783 1726 814 Tuscia
1746 783 1872 814 Vicarius
1892 783 2037 815 Generalis
2050 809 2061 825 ,
2082 786 2228 825 universis,
2253 785 2399 826 praesentes
2417 793 2451 816 H.
2472 799 2496 825 3.

1336 819 1444 851 Literas
1457 821 1620 865 inspecturis
1626 844 1637 861 ,
1652 822 1764 853 salutem
1777 823 1812 853 &
1826 832 1916 853 omne
1929 823 2047 854 bonum.
2417 831 2446 854 L.
2462 832 2490 855 Β.
2497 827 2526 865 f.

1370 859 1489 904 Notum
1502 860 1619 904 facimus
1632 861 1709 900 quod
1742 870 1811 891 cum
1823 861 1978 892 carissimus
1991 862 2222 902 Consanguineus
2234 862 2328 893 noster
2341 862 2400 894 Ed·
2422 875 2431 892 ι
2438 875 2482 901 57.
2497 867 2523 895 b.

1335 895 1443 942 wardiis
1463 897 1572 928 illustris
1596 898 1683 938 Regis
1703 883 1815 969 Ᾰῃξῌαζ,
1823 901 2048 944 primogenitus,
2064 901 2098 932 ad
2113 902 2318 941 requisitionem
2333 912 2399 932 nos-

1333 943 1405 980 tram
1420 947 1449 967 iri
1462 937 1491 967 R
1529 946 1598 981 num
1610 937 1740 982 nostrum
1773 938 1873 976 iciliae,
1890 949 1919 968 in
1933 939 2074 971 Societate
2085 939 2217 971 karissimi
2230 940 2316 971 nostri
2332 940 2399 970 Ne-

1336 983 1409 1012 potis
1424 975 1443 995 *
1459 976 1493 1006 &
1539 986 1630 1006 omini
1649 975 1789 1015 Philippi,
1810 975 1870 1006 Dei
1888 978 1990 1016 gratia,
2008 978 2135 1009 Franciae
2154 978 2243 1018 Regis
2263 978 2375 1010 illustris
2388 1002 2398 1018 ,

1334 1022 1559 1060 caeterorumque
1578 1014 1721 1046 Baronum
1743 1015 1998 1054 crucesignatorum

1334 1052 1411 1083 facto
1426 1055 1532 1093 negotii
1548 1052 1649 1085 Crucis
1658 1077 1668 1092 ,
1685 1055 1712 1084 se
1725 1053 1916 1093 transfretent,

1372 1090 1483 1136 Damus
1494 1094 1536 1136 ¹&
1557 1093 1742 1124 concedimus
1759 1092 1854 1123 eidem
1872 1090 2033 1131 Edwardo,
2050 1093 2085 1124 &
2107 1093 2199 1124 Genti
2212 1094 2283 1134 suae,
2300 1104 2333 1125 ac
2348 1105 2398 1127 eo-

1334 1139 1398 1160 rum
1412 1130 1526 1162 familioe
1540 1131 1651 1169 plenam
1664 1132 1838 1163 securitatem
1847 1154 1857 1170 ,
1875 1132 1908 1162 &
1924 1130 2030 1162 salvum
2042 1131 2222 1163 condqum
2233 1134 2264 1163 in
2277 1134 2399 1172 personis

1335 1169 1369 1216 «ξε
1389 1169 1470 1214 rebus
1482 1193 1492 1208 ,
1514 1180 1563 1210 per
1586 1179 1681 1201 toturn
1701 1170 1839 1211 Regnum
1861 1168 1991 1200 nostrum
2005 1193 2015 1209 ‚
2039 1170 2073 1202 &
2094 1171 2156 1202 alias
2176 1179 2258 1202 terras
2277 1171 2402 1211 nostraS,

1334 1216 1394 1276 {lam
1409 1218 1440 1238 in
1463 1208 1569 1248 Regno
1587 1209 1670 1248 ipso,
1693 1211 1779 1250 quam
1793 1216 1889 1247 extra,
1913 1208 2027 1249 eundo,
2049 1208 2206 1249 morando,
2231 1210 2265 1241 &
2284 1210 2404 1242 redeun-

1355 1257 1391 1281 Οἱ.

1374 1285 1576 1318 Promittentes
1595 1287 1670 1318 bona
1690 1286 1746 1318 fide
1764 1286 1860 1326 quod,
1879 1293 1954 1317 extra
1968 1286 2108 1326 Regnum
2124 1285 2273 1326 nostrum,
2290 1288 2323 1318 &
2337 1287 2400 1319 alias

1336 1332 1418 1355 terras
1438 1324 1560 1364 nostras,
1575 1326 1621 1356 vel
1636 1326 1707 1356 infra
1721 1336 1770 1364 per
1783 1335 1852 1364 nos,
1867 1325 1911 1356 vel
1923 1335 1972 1363 per
1984 1325 2105 1363 aliquem
2119 1325 2155 1356 de
2169 1324 2291 1365 nostrie,
2306 1326 2401 1358 eidem

1336 1362 1496 1402 Edwardo,
1513 1373 1560 1395 aut
1579 1364 1660 1395 alicui
1682 1364 1718 1396 de
1739 1364 1809 1403 suis,
1826 1364 1935 1394 nullum
1955 1363 2062 1395 malum
2075 1365 2289 1403 procurabitur,
2308 1375 2402 1404 neque

1335 1401 1490 1446 dampnum
1498 1425 1509 1447 ,
1525 1403 1602 1442 quod
1615 1401 1750 1447 possimus
1763 1403 1924 1434 disturbare.

1371 1440 1570 1473 Promittimus
1590 1450 1675 1472 etiam
1713 1442 1788 1480 uod,
1811 1442 1940 1480 quotiens
1961 1441 2037 1472 idem
2059 1441 2213 1474 Edwardus
2227 1464 2238 1480 ,
2257 1443 2312 1473 unii
2332 1452 2403 1474 cum

1337 1478 1435 1524 Gente
1456 1479 1518 1519 sua,
1533 1488 1579 1511 aut
1591 1481 1647 1520 ipse
1661 1480 1698 1510 ab
1711 1490 1765 1518 que
1778 1479 1894 1517 Gente,
1912 1489 1958 1510 aut
1972 1479 2053 1511 Gens
2067 1481 2113 1512 sua
2127 1481 2183 1512 fine
2197 1481 2258 1520 ipso
2292 1490 2339 1512 aut
2353 1482 2402 1512 ali-

1335 1528 1396 1557 quis
1408 1518 1445 1549 de
1459 1518 1557 1550 Gente
1572 1518 1616 1549 sua
1630 1519 1703 1549 exire
1716 1519 1854 1549 voluerint
1869 1518 2005 1558 Regnum
2020 1518 2169 1558 nostrum,
2183 1527 2230 1550 aut
2269 1521 2306 1550 ias
2321 1528 2404 1551 terras

1335 1557 1457 1595 nostras,
1475 1557 1509 1588 ad
1521 1566 1729 1602 'quamcunque
1750 1566 1859 1598 partem
1881 1557 1908 1588 se
1929 1557 2075 1588 transferre
2092 1558 2251 1596 voluerint,
2268 1558 2404 1590 faciemus

1334 1606 1383 1626 eos
1402 1596 1527 1627 conduCi
1548 1596 1688 1628 salubriter
1704 1605 1841 1636 quantum
1856 1597 1981 1634 potentia
1996 1595 2090 1626 nostra
2103 1596 2182 1628 durat
2215 1598 2404 1635 quemadmo-

1335 1635 1406 1680 dum
1428 1635 1551 1666 conduci
1572 1636 1732 1670 faceremus,
1743 1634 1883 1673 Karolum
1899 1634 2010 1665 fratrem
2023 1633 2153 1666 nostrum
2173 1619 2322 1667 Comitem
2336 1635 2404 1671 Pica,

1335 1673 1501 1718 tamensem,
1521 1674 1566 1704 vel
1587 1673 1653 1705 alios
1671 1673 1709 1705 de
1732 1673 1832 1705 nostris
1851 1673 2098 1714 propinquioribus
2113 1675 2271 1712 parentibus
2284 1675 2319 1706 &
2332 1675 2404 1707 arni—

1334 1722 1381 1744 cis.

1350 1791 1355 1796 .
1373 1750 1519 1782 Dabimus
1533 1761 1567 1782 ue
1587 1751 1638 1782 sibi
1655 1751 1689 1783 δε
1706 1751 1757 1782 suis
1776 1752 1863 1782 literas
1874 1750 1980 1782 nostras
1989 1751 2026 1782 de
2038 1752 2136 1783 securo
2149 1751 2295 1783 conductu
2329 1761 2403 1790 quo-

1335 1799 1406 1821 tiens
1423 1790 1507 1834 ·super
1546 1800 1584 1835 oc
1606 1789 1741 1834 fuerimus
1762 1790 1882 1830 requisiti
1895 1812 1907 1829 ,
1928 1790 2107 1830 praesentibus
2127 1791 2213 1830 usque
2230 1790 2265 1822 ad
2285 1773 2402 1824 1²²estum

1334 1829 1430 1861 Sane‘ti
1439 1829 1576 1867 johannis
1590 1828 1721 1870 Baptistae
1733 1828 1878 1860 duraturis.

2418 908 2489 931 Penes

2417 986 2533 1009 Scaccar.

1368 1909 1480 1955 Datutn
1490 1911 1522 1955 in
1534 1908 1641 1953 Castris
1653 1920 1743 1951 prope
1754 1909 1866 1950 Cartag.
1882 1910 1997 1941 decimo
2012 1910 2119 1941 oCbavo
2133 1909 2335 1948 Novembris,
2352 1917 2402 1940 an-

1333 1959 1373 1980 no
1388 1948 1512 1980 Domini
1527 1949 1678 1980 millesimo
1689 1949 1885 1982 ducentesimo
1897 1949 2107 1990 sepmagesimo.

1369 1987 1498 2018 Decimo
1534 1996 1616 2019 uarto
1634 1987 1696 2019 Ind.

1369 2026 1467 2066 Regni
1482 2036 1522 2058 no
1564 2028 1568 2034 “
1589 2036 1666 2058 anno
1683 2026 1768 2059 sexto.

1486 2159 1651 2194 Conduflus
1675 2158 1842 2193 antediii‘us
1856 2158 1917 2205 siah
1939 2158 2084 2193 idiomate
2105 2159 2231 2193 Gallico.

1331 2249 1407 2312 N
1426 2288 1481 2319 che
1496 2287 1532 2318 de
1547 2288 1656 2328 Puille,
1674 2290 1708 2320 &
1722 2289 1761 2320 du
1775 2288 1895 2320 Princee
1909 2289 1946 2319 de
1959 2287 2067 2327 capes,
2083 2289 2119 2320 de
2129 2287 2252 2332 'Anioie,
2271 2287 2308 2318 de
2321 2286 2393 2318 Pro—
2436 2304 2522 2331 1270.

1330 2336 1424 2397 ἓὲἓῖιῖ
1440 2326 1534 2406 {giis
1548 2324 2286 2396 gsssffffimm‘fissmii’Sssmfissfffgssaffsffrcofif’
2303 2326 2396 2396 ¹³³‘v¹·²3
2415 2337 2466 2361 ‘¹²¹'
2483 2343 2531 2370 55·

1331 2405 1404 2434 caire
1425 2413 1572 2444 generatis,
1588 2403 1688 2448 saisons
1709 2415 1725 2435 a
1737 2404 1826 2435 savoir
1840 2413 1855 2434 a
1870 2376 1938 2434 toult)
1946 2414 2012 2435 ceus
2047 2404 2077 2442 qi
2092 2413 2140 2448 ces
2153 2403 2245 2448 lettres
2256 2375 2396 2442 ξέῗιὲηῑις
2413 2377 2507 2438 Zitha

1328 2453 1366 2481 qe
1380 2453 1466 2488 come
1480 2452 1534 2474 nos
1546 2443 1678 2474 trechiers
1692 2443 1783 2474 cofins
1797 2443 1894 2474 mesire
1908 2427 2029 2475 Edward
2037 2465 2048 2481 ‚
2068 2442 2162 2487 Ainez
2171 2442 2232 2472 fuiz
2241 2441 2278 2473 de
2291 2442 2395 2473 tresno-
2406 2449 2454 2486 fol,
2470 2459 2478 2475 ι
2485 2449 2533 2485 58,

1330 2482 1378 2552 Rs
1391 2481 1520 2552 ‹iss‘sic‘if
1537 2481 1720 2552 ἓξὲξῑὲῑῖῗέ
1737 2480 2016 2552 2931ῗὲἑῆῗὲἢέ
2034 2480 2110 2513 V⁰¹st
2124 2489 2216 2512 πεῖθ’
2229 2491 2264 2512 ce
2279 2480 2396 2521 R⁰y²¹¹‘
2413 2492 2444 2515 L·
2463 2492 2493 2516 Β·

1331 2569 1380 2600 par
1401 2559 1426 2590 la
1445 2543 1528 2604 grac}
1547 2559 1582 2590 de
1602 2558 1681 2590 Dieu
1701 2530 1842 2590 trffi‘iigoble
1863 2558 1922 2590 Roi
1945 2531 1981 2590 die
2001 2559 2125 2598 France,

1331 2597 1542 2668 ἃιξηᾳειΐεε,
1560 2609 1613 2639 pur
1635 2598 1754 2638 prendre
1776 2596 1890 2629 Consail
1908 2597 1947 2629 du
1969 2597 2009 2629 fet
2030 2597 2064 2629 δε
2085 2597 2121 2629 de

1367 2674 1455 2706 Nous
1473 2675 1606 2707 donnons
1622 2677 1656 2707 ὃς
1670 2675 1789 2707 ottrions
1803 2684 1837 2705 au
1851 2673 1997 2705 devantdit
2013 2673 2153 2714 Edward,
2171 2675 2205 2706 &
2216 2685 2233 2706 a
2247 2683 2345 2706 toutez
2357 2675 2398 2707 see

1330 2721 1420 2758 genz,
1438 2714 1472 2745 &
1486 2724 1508 2758 *a
1530 2715 1573 2745 lor
1590 2714 1710 2753 maisne,
1747 2713 1818 2743 laine
1838 2712 1941 2751 seurte,
1959 2713 1994 2743 δε
2013 2712 2076 2742 sauf
2083 2714 2181 2752 guiage
2191 2735 2203 2752 ‚
2220 2713 2254 2744 &
2265 2714 2313 2744 liat
2326 2724 2399 2746 con-

1330 2752 1557 2821 ἓωεινεηωεηῑ,
1583 2752 1694 2791 alaunt,
1738 2759 1884 2805 emerant,
1908 2751 1942 2782 &
1962 2758 2127 2781 retournant
2217 2760 2281 2782 tout
2302 2752 2398 2784 nostre

1332 2792 1601 2860 ᾱεῗοᾟεέηῆῗπρὲἑε
1611 2797 1966 2860 ωξέῗίἒὲιῗὲῗεὲω
1983 2787 2087 2820 dedem
2099 2798 2140 2819 ¹¹⁰
2179 2798 2195 2819 ‘²
2208 2787 2348 2830 Reum,
2362 2792 2398 2823 ὃς

1370 2867 1396 2898 Ε
1415 2876 1591 2909 promettons
1609 2852 1646 2898 ian
1664 2869 1727 2898 bon
1747 2867 1789 2897 foi
1810 2876 1882 2906 que,
1899 2865 1999 2897 dehors
2017 2865 2113 2898 nostre
2127 2865 2278 2906 Roialme‚
2296 2867 2331 2898 &
2345 2877 2399 2899 nos

1333 2916 1422 2939 autres
1440 2915 1540 2946 terres,
1558 2916 1595 2937 ne
1616 2906 1718 2938 dedans
1737 2915 1785 2944 pai·
1803 2914 1856 2936 nos
1888 2914 1924 2935 ne
1965 2915 1994 2936 ar
2015 2905 2065 2936 nul
2077 2904 2112 2935 de
2124 2915 2195 2944 noe,
2212 2915 2249 2936 ne
2267 2905 2322 2936 sera
2333 2916 2348 2936 a
2359 2906 2397 2945 11,

1335 2946 1474 3016 ᾓῐῐῖειὲψ
1491 2945 1540 2977 des
1560 2945 1639 2977 suens
1653 2944 1796 2986 porchace
1809 2953 1856 2975 ma
1883 2953 1920 2975 ne
1954 2952 2066 2984 amage,
2083 2953 2139 2983 que
2152 2953 2204 2974 nos
2216 2943 2335 2983 puffiens
2348 2943 2399 2976 de-

1371 3023 1531 3054 Derechief
1546 3033 1598 3054 nos
1618 3030 1794 3062 promettons
1814 3032 1885 3061 que,
1903 3029 1995 3053 toutes
2009 3022 2046 3053 les
2059 3021 2143 3053 hores
2178 3031 2213 3052 ue
2225 3021 2245 3052 li
2257 3021 2397 3053 devandiz

1335 3060 1457 3094 Edward
1476 3062 1583 3108 voudra
1601 3061 1621 3093 li
1640 3062 1674 3094 &
1686 3061 1712 3092 sa
1725 3069 1793 3101 gent
1805 3061 1964 3100 ensemble,
1982 3071 2022 3092 ou
2035 3061 2055 3092 il
2070 3061 2138 3092 sanz
2194 3069 2262 3101 gent
2295 3071 2336 3092 ou
2351 3060 2398 3092 sez

1335 3101 1730 3171 {segusianus
1742 3099 2028 3170 essaeus
2039 3098 2244 3170 siamus*
2257 3083 2399 3170 stes

1336 3179 1453 3224 voillent
1470 3179 1542 3218 aler,
1558 3187 1612 3209 nos
1630 3178 1656 3209 le
1676 3161 1782 3208 ferrdns
1794 3177 1949 3222 solvement
1961 3177 2100 3208 conduire
2127 3147 2289 3221 ²ta(131t·co·pnaie
2302 3148 2398 3209 gestire

1337 3228 1420 3262 pooir
1439 3216 1522 3257 dure,
1547 3217 1615 3248 Ausi
1635 3226 1704 3247 com
1724 3226 1777 3246 nos
1797 3216 1904 3261 feciom
1924 3217 1951 3247 le
1971 3215 2069 3261 Conte
2088 3201 2126 3247 d'e
2147 3214 2283 3246 Poieuers
2302 3215 2399 3247 nostre

1337 3257 1415 3287 chier
1428 3256 1515 3294 frere,
1533 3256 1567 3287 &
1576 3255 1602 3286 sa
1613 3263 1695 3294 gent,
1716 3265 1754 3285 ou
1767 3255 1806 3285 les
1817 3255 1940 3286 meillors
1954 3253 2036 3286 Amis
2048 3265 2104 3294 que
2117 3264 2170 3285 nos
2183 3254 2265 3285 aion:

1374 3293 1412 3325 Et
1425 3294 1550 3325 donrons
1563 3303 1616 3324 nos
1628 3293 1718 3338 lettres
1729 3293 1766 3324 de
1780 3294 1839 3325 seur
1851 3294 1970 3325 conduit
1983 3304 1999 3324 a
2011 3293 2049 3332 li,
2068 3293 2102 3324 &
2117 3303 2152 3324 au
2168 3293 2252 3331 siem,
2269 3301 2284 3322 a
2296 3292 2340 3323 lur
2354 3302 2398 3324 re-

1337 3333 1449 3374 queste,
1465 3341 1556 3376 toutes
1577 3332 1614 3362 les
1635 3332 1694 3362 fmz
1708 3333 1794 3376 que'il
1809 3334 1951 3371 vodront;
1971 3331 2048 3364 ceste
2060 3331 2140 3364 lettre
2151 3331 2248 3363 durera
2259 3331 2367 3370 jusques
2380 3341 2398 3362 a

1337 3373 1363 3404 la
1374 3371 1428 3402 fest
1442 3371 1479 3402 de
1496 3371 1573 3402 Saint
1584 3370 1678 3410 Johan
1693 3371 1821 3411 Baptiste.

2194 2569 2221 2589 es
2242 2567 2332 2590 autres

2134 2569 2159 2628 lea
2171 2597 2309 2638 Bosoigne
2323 2598 2359 2629 de
2373 2598 2399 2631 la
2415 2608 2530 2632 διαιταν.

1374 3453 1440 3485 Ceo
1458 3452 1490 3483 fu
1510 3452 1615 3496 donea
1629 3451 1789 3494 Herberges
1822 3464 1864 3485 res
1876 3453 1912 3485 de
1927 3452 2046 3494 Carmge
2081 3462 2117 3484 en
2129 3451 2185 3483 l'an
2197 3450 2233 3482 de
2243 3450 2391 3482 l’Incarna-
2405 3477 2406 3480 ,

1336 3490 1525 3565 xcliggbrrssostre
1539 3490 1672 3531 seigneur
1687 3493 1749 3523 mill
1762 3492 1798 3524 du
1811 3501 1898 3533 cenz,
1914 3493 2024 3525 sexante
2041 3476 2100 3530 «115,
2117 3491 2144 3522 le
2162 3490 2197 3522 18
2207 3489 2262 3529 Jor
2274 3489 2310 3522 de
2324 3486 2394 3519 No-

1373 3569 1423 3601 De
1442 3569 1466 3599 la
1479 3567 1693 3608 quartoiziesme
1710 3568 1856 3610 Indicion,

1371 3608 1408 3639 El
1424 3607 1443 3636 6
1457 3617 1501 3639 an.
1517 3606 1553 3637 de
1569 3606 1664 3638 nostre
1682 3608 1792 3651 Regne.

2415 3684 2493 3717 Ann.
2505 3685 2549 3717 D.
2568 3687 2570 3690 ⁴

2443 3733 2529 3764 1270.

1335 3761 1385 3792 De
1408 3754 1547 3803 potestate
1566 3767 1621 3802 per
1641 3762 1749 3807 Regem
1778 3760 1884 3793 Sicilia
1909 3755 2032 3804 conceffia
2061 3750 2220 3790 Edwardo
2244 3754 2394 3799 primoge-
2412 3767 2466 3792 An.
2480 3773 2528 3799 55.
2567 3766 2570 3767 ’

2413 3806 2451 3830 Η.
2468 3811 2494 3839 3.
2550 3802 2554 3806 '
2568 3825 2570 3831 .

2437 3844 2469 3868 L.
2484 3843 2515 3868 Β.

1775 3810 1837 3840 nito
1858 3809 1954 3853 Regis.

1336 3893 1518 3955 KArolus,
1536 3893 1592 3924 Dei
1614 3897 1715 3934 gratia,
1731 3895 1797 3926 Rex
1817 3894 1939 3939 Sicilire,
1958 3892 2087 3923 Ducatus
2110 3888 2223 3926 Apuliae
2236 3889 2270 3920 &
2286 3888 2395 3920 Princi-
2406 3877 2429 3916 f
2427 3898 2433 3904 ·
2446 3887 2477 3913 ¹5
2479 3877 2506 3905 3·
2522 3876 2549 3905 b·

1415 3942 1492 3972 patus
1511 3933 1636 3973 Capuae,
1651 3935 1746 3964 Almae
1764 3932 1856 3963 Urbis
1875 3932 1992 3961 Senator

1335 3972 1508 4011 Folcaquerii
1527 3972 1635 4002 Comes
1671 3972 1798 4002 Romani
1816 3969 1930 4006 Imperii
1949 3968 1977 3997 in

1335 4020 1449 4042 matiam
1462 4009 1616 4044 Ecclesiam
1630 3995 1757 4042 <Mevius
1770 4007 1932 4045 Generalis,
1952 4007 1968 4024 *
1977 4003 2107 4036 universis
2120 4003 2296 4044 Capimneis,
2309 4003 2395 4047 Vica-

2335 4051 2397 4079 tus,

1994 3951 2099 3996 ‘'ruscia
2119 3975 2167 4002 per
2179 3965 2314 3996 sanetum
2330 3965 2394 3995 Ro-
2414 3963 2523 4020 ZZZ

2420 4028 2548 4059 *1.868.

2417 946 2553 976 Camerar,¹

2012 1039 2023 1056 ,
2046 1026 2099 1054 pro
2118 1017 2300 1049 deliberando
2317 1018 2398 1057 super
2417 1020 2435 1039 ⁴*
2447 1022 2470 1048 1.
2487 1020 2553 1057 867.

1416 2248 1474 2280 08
1494 2248 1626 2288 Charloe,
1643 2259 1691 2290 par
1711 2250 1737 2280 le
1755 2259 1839 2290 grace
1857 2249 1893 2280 de
1907 2248 2002 2288 Dieu,
2019 2248 2093 2280 Rois
2104 2249 2141 2280 de
2154 2248 2256 2287 Sicile‚
2274 2248 2313 2279 du
2328 2248 2396 2279 Du-
2411 2254 2488 2286 Αῃῃ,
2514 2254 2558 2287 D)

2002 2519 2080 2551 chier
2093 2519 2128 2552 &
2141 2520 2174 2551 st·
2195 2530 2248 2551 uce
2261 2519 2341 2553 Pheli
2362 2531 2397 2559 pe
2413 2532 2481 2563 penes
2493 2530 2552 2561 Cis-j

2369 2570 2397 2590 a-
2414 2574 2507 2592 merar.
2565 2591 2570 2598 ,

2021 3926 2166 3966 Andegav.
2186 3925 2348 3958 Provinciae
2360 3927 2394 3958 &
2414 3919 2546 3944 PW'C‘F
2563 3921 2570 3930 ⁴
