2570 4261
273 147 324 188 70

123 212 200 241 Arm-
213 212 254 243 D·
272 228 337 264 pere
351 220 494 257 venimus,
504 219 552 249 ubi
567 217 728 248 Dominum
742 215 918 247 Edwardum
933 215 1021 247 filium
1033 216 1158 247 vestrum
1174 216 1270 248 sanum
1285 216 1318 247 &

149 257 231 280 1202-
270 259 434 288 incolumen
454 258 626 294 invenimus,
643 257 676 286 ὃς
696 256 806 294 negotia
825 264 879 294 pro
901 256 1001 295 quibus
1021 255 1126 286 ibidem
1139 265 1320 293 veneramus,

121 292 182 316 Hm·
202 299 226 327 3·
265 297 458 327 nunciavimus
472 295 571 324 eidem.
1303 309 1310 315 .

304 334 458 364 Dominica
476 342 545 362 vero
567 331 688 372 sequenti
708 331 845 362 adivimus
864 331 1023 363 Dominam
1038 332 1086 363 Re
1107 334 1180 364 'nam
1193 332 1319 362 Franciae

265 372 338 410 apud
358 371 492 401 Sanctum
511 370 689 400 Germanum
710 370 739 400 in
763 370 855 410 Laya,
873 371 906 401 &
921 372 1032 410 negotia
1044 376 1090 401 vel
1107 381 1150 409 ra,
1167 379 1251 410 prout
1258 379 1318 406 sno-

265 412 308 441 bis
321 409 479 445 injuntstum
490 408 587 446 fuerit,
602 408 652 438 fibi
664 407 855 447 exposuimus,
864 419 927 447 quae
939 410 1020 440 nobis
1032 409 1187 446 consuluit,
1201 409 1234 439 &
1248 417 1320 448 prae-

264 448 319 479 cise
333 448 448 484 injunxit
459 446 535 486 quod
547 446 711 487 conspetimi
726 446 847 478 Domini
862 447 951 485 Regis
964 448 1087 478 Franciae
1101 458 1152 477 nos
1166 448 1319 477 nullatenus

263 486 516 523 repraesentaremus
543 494 606 515 ante
627 485 779 517 adventum
799 486 878 525 ipsius
901 480 1039 517 Dominae
1061 486 1183 525 Reginae
1202 485 1235 515 ad
1255 484 1318 515 Cu-

264 526 348 561 riam,
368 523 469 553 scilicet
485 523 530 553 die
545 523 704 554 Dominica
719 525 747 554 in
761 524 958 562 Carniprivio,
976 534 1007 555 ut
1020 524 1074 562 ipsa
1087 523 1256 563 expeditioni
1269 533 1318 553 ne-

261 563 404 602 gotiorum
419 561 577 592 vestrorum
590 563 737 593 confilium
752 563 913 607 impendere
928 563 1017 601 posset
1031 564 1064 593 &
1074 563 1216 599 juvamen.

299 599 365 629 Nos
386 609 480 630 autem
531 600 695 631 adveniente
733 601 844 631 raedidla
863 601 909 631 die
928 601 1085 631 Dominica
1097 622 1107 638 ,
1138 599 1317 639 praesentibus

262 637 405 677 Magistro
424 638 464 668 H.
484 624 520 669 de
540 638 663 669 Mortuo
684 639 707 669 ix
723 641 779 678 ari,
794 640 827 670 &
848 639 981 669 Domino
1004 638 1101 668 Priore
1120 638 1155 668 de
1179 638 1317 677 Mamso,

263 686 333 717 quos
354 687 403 717 per
423 677 510 707 literas
527 677 630 707 vestras
648 678 760 717 rogastis
780 686 809 708 ut
831 678 913 708 nobis
932 679 960 707 iri
981 675 1124 714 praemiffis
1149 676 1315 716 assisterent,

255 715 358 753 ‚omnia
372 717 483 754 negotia
497 714 587 745 vestra
600 716 628 745 in
645 716 751 754 forma,
769 716 849 746 nobis
864 716 960 746 tradita
975 717 1008 746 &
1022 716 1160 753 injunfila,
1183 715 1316 746 Domino

260 753 335 793 Regi
350 754 541 792 exposuimus,
566 754 666 793 quibus
678 754 775 785 auditis
790 755 823 785 δε
837 754 981 784 inteileetis
996 753 1140 784 Dominus
1154 754 1220 784 Rex
1232 755 1316 784 nobis

259 792 345 823 alium
359 792 435 822 diem
452 792 583 831 praefixit,
597 801 628 823 ut
640 793 753 823 interim
768 802 836 824 cum
847 793 965 823 Comite
979 791 1140 823 Leicestriae
1151 793 1229 833 super
1243 803 1315 833 prae-

259 831 345 862 missis
359 831 471 861 liaberet
485 831 642 861 traetatum.

298 868 357 899 Die
377 879 445 900 vero
464 869 587 908 Martis,
612 869 642 900 in
663 869 749 900 Carni
770 870 842 900 rivio
856 893 866 908 ,
890 869 1028 908 praediCtis
1050 868 1191 909 Magistro
1211 869 1253 900 H.
1279 871 1313 902 &

260 906 358 938 Priore
371 908 564 948 praesentibus,
583 908 728 938 Dominus
774 918 806 938 ex
821 909 965 946 articulos,
983 910 1016 938 &
1031 909 1177 948 petitiones
1191 908 1313 948 nostras,

260 947 294 977 ὃ(
308 948 418 986 negotia
428 970 437 984 ,
461 947 543 977 nobis
557 947 697 985 injuncia,
714 948 743 976 in
757 946 849 977 forma
858 970 867 984 ,
881 957 935 991 qua
950 947 998 976 sibi
1011 956 1042 976 ea
1057 947 1132 987 prius
1150 947 1311 985 expostiera-

257 994 336 1024 nius,
354 995 450 1016 coram
464 986 545 1015 nobis
561 985 630 1016 serio
644 986 767 1015 recitavit
783 986 815 1016 &
829 985 986 1023 succmdle3
1010 985 1153 1015 afferendo
1165 985 1241 1024 quod
1255 986 1310 1026 ipse

255 1033 324 1054 cum
344 1023 477 1054 Domino
491 1023 610 1054 Comite
623 1023 783 1054 Leicestriae
795 1025 943 1054 tradiatum
957 1024 1086 1054 habuerat
1098 1024 1127 1054 su
1147 1034 1176 1054 er
1191 1026 1309 1064 negotiis

255 1064 432 1101 memoratis,
451 1063 484 1093 &
505 1063 582 1102 quod
601 1062 745 1093 Dominus
765 1061 873 1093 Comes
895 1063 966 1094 bene
985 1063 1054 1093 dixit
1065 1073 1102 1103 qu
1154 1073 1207 1093 vos
1221 1063 1308 1094 nichil

252 1101 302 1131 nili
323 1101 433 1131 bonum
452 1101 592 1139 voluistis,
611 1101 649 1132 set
668 1101 752 1139 aliqui
771 1101 807 1131 de
829 1101 964 1132 Concilio
983 1100 1078 1132 vestro
1097 1101 1132 1132 de
1154 1111 1224 1142 pace
1246 1112 1306 1133 non

253 1138 375 1169 multum
391 1139 536 1175 curarunt,
553 1150 606 1170 nec
619 1139 704 1179 ipsam
719 1140 834 1170 libenter
846 1148 1039 1180 procurarent:

289 1177 379 1208 Unde
396 1178 489 1208 eidem
510 1178 639 1217 Comiti‚
662 1187 693 1209 ut
712 1177 840 1217 dicebat,
864 1188 925 1209 non
947 1179 1107 1217 videbatur,
1125 1187 1207 1217 prout
1226 1179 1304 1210 idem

252 1215 397 1247 Dominus
416 1216 480 1247 Rex
501 1217 626 1248 Franciae
647 1217 728 1247 nobis
750 1217 834 1255 dixit,
852 1217 930 1256 quod
944 1226 1058 1256 propter
1072 1218 1218 1257 quaedam,
1238 1229 1304 1256 quae

252 1255 334 1284 vobis
348 1255 376 1284 in
390 1255 510 1286 adventu
525 1255 623 1286 nostro
637 1256 666 1285 in
681 1255 812 1294 Angliam
826 1256 890 1286 viva
903 1265 978 1286 voce
989 1265 1176 1295 exponemus,
1201 1257 1234 1287 ad
1249 1258 1303 1287 ho-

249 1303 351 1324 norem
371 1294 449 1324 suum
470 1304 570 1331 pacem
588 1294 678 1324 facere
697 1294 787 1331 posset
804 1293 856 1324 hiis
875 1293 988 1333 diebus;
1006 1303 1119 1332 propter
1132 1295 1210 1335 quod
1225 1296 1302 1326 idem

248 1330 356 1361 Comes
375 1332 543 1372 praedietum
562 1331 726 1362 Dominum
745 1331 859 1371 Regem
880 1333 1007 1364 Franciae
1019 1334 1127 1373 rogavit
1140 1333 1217 1373 quod
1232 1357 1242 1373 ,
1265 1334 1300 1366 ad

246 1370 379 1408 praesenS,
397 1371 471 1401 circa
491 1371 628 1408 praemissa
646 1371 755 1401 ulterius
773 1380 833 1401 non
855 1370 1008 1409 laboraret,
1026 1373 1126 1411 quibus
1139 1372 1236 1403 auditis
1249 1383 1301 1404 nos

244 1409 432 1439 incontinenti
450 1419 466 1440 a
487 1409 619 1440 Domino
638 1408 721 1449 Rege
738 1409 864 1440 Franciae
885 1410 1026 1441 licentiam
1047 1412 1172 1449 cepimus
1186 1412 1300 1450 repatri-

242 1446 314 1477 andi.

282 1485 330 1516 Set
344 1487 374 1516 in
386 1485 522 1524 crastino,
547 1488 688 1517 venientes
703 1486 736 1517 ad
751 1486 870 1517 Curiam
883 1486 1027 1518 Dominus
1036 1487 1183 1527 johannes
1194 1488 1230 1520 de
1243 1488 1301 1520 Va-

244 1523 341 1562 lentia,
361 1535 408 1562 per
423 1524 586 1555 Dominum
600 1526 713 1564 Regem
727 1526 759 1556 &c
775 1525 934 1556 Dominam
950 1525 1091 1565 Reginam
1108 1527 1235 1558 Franciae
1249 1538 1301 1560 nos

243 1562 358 1593 detineri
381 1563 464 1602 fecit,
482 1573 513 1594 ut
531 1564 580 1603 ipsi
601 1563 679 1603 super
697 1563 839 1602 praemissis
858 1573 927 1595 cum
940 1566 1056 1604 praefato
1070 1565 1186 1596 Comite
1199 1567 1302 1597 tracta-

240 1609 300 1632 tum
313 1601 446 1632 haberent
459 1602 631 1641 pleniorem,
643 1602 687 1632 sed
702 1603 769 1641 quid
781 1602 846 1633 inde
858 1603 941 1640 possit
955 1612 1001 1634 aut
1017 1604 1118 1635 debeat
1130 1606 1241 1636 evenire
1256 1606 1299 1643 ig-

242 1650 391 1679 noramus,
409 1640 463 1678 set,
479 1650 546 1671 cum
567 1641 685 1680 aliquam
709 1641 775 1672 inde
788 1642 964 1672 certudiiiem
979 1642 1156 1674 habuerimus
1170 1667 1181 1682 ,
1206 1644 1298 1675 versus

241 1679 287 1709 An
307 1679 374 1709 liam
388 1678 546 1710 festinanter
559 1681 712 1710 veniemus.

313 1719 422 1748 ominus
441 1728 511 1748 vero
529 1718 594 1748 Rex
613 1718 756 1756 Franciae‚
777 1720 810 1750 &
830 1718 959 1749 Domina
977 1719 1104 1759 Regina,
1120 1730 1188 1751 cum
1209 1720 1299 1752 liberis

241 1755 290 1786 suis
311 1756 366 1786 sani
388 1756 448 1787 sunt
462 1758 496 1788 &
511 1757 668 1787 incolumes
680 1780 690 1795 ,
703 1757 823 1788 vestram
838 1758 1041 1799 prosperitatem
1056 1759 1089 1789 &
1102 1759 1299 1790 convalescen-

242 1796 308 1824 tiam
321 1803 450 1835 tanquam
465 1797 605 1834 propriam
619 1796 798 1835 affectantes3
819 1796 908 1828 valeat
920 1795 1093 1828 Excellentia
1107 1797 1196 1828 vestra
1208 1798 1298 1839 Regia

243 1842 292 1872 per
307 1842 434 1874 tempora
447 1834 581 1874 longiora.

273 1913 349 1946 Data
362 1914 443 1946 Paris.
462 1917 490 1946 in
507 1916 629 1948 crastino
645 1917 780 1948 cinerum.

90 2061 218 2097 ·1·742-
259 2047 280 2069 *
307 2049 427 2081 Littera
447 2048 595 2083 Ludovici
616 2053 702 2098 Regis
720 2052 851 2084 Franciae
860 2049 950 2098 fitper
971 2053 1084 2084 Comite
1101 2049 1271 2101 Leycistriae.

88 2154 165 2184 Ann-
182 2154 223 2185 D·
243 2136 464 2197 LUdovicus,
483 2137 542 2182 Dei
557 2141 658 2178 gratia,
678 2139 803 2170 Franciae
818 2139 898 2179 Rex,
917 2139 1040 2184 Egregio
1053 2138 1180 2178 Principi
1192 2139 1297 2171 karissi-

313 2186 364 2207 mo
385 2181 589 2221 consanguineo
610 2177 659 2208 suo
680 2178 811 2209 Henrico
823 2203 833 2217 ,
858 2179 956 2224 eadem
974 2188 1059 2223 gratia
1074 2201 1084 2217 ,
1104 2178 1200 2208 illustri
1221 2179 1250 2209 R
1289 2181 1295 2186 '

88 2193 207 2267 ³4:⁶²3:
242 2211 369 2253 Angliae,
388 2215 520 2245 Domino
539 2215 703 2261 Hiberniae,
721 2218 754 2247 &
773 2216 852 2248 Duci
865 2218 1075 2259 Aequitanniae‚
1092 2216 1166 2248 fideli
1181 2217 1248 2257 suo,
1265 2229 1294 2249 a-

87 2273 122 2296 H.
138 2279 163 2306 3-
240 2250 329 2282 lutetn
342 2253 375 2284 &
391 2253 505 2297 sincerae
519 2254 674 2285 dileetionis
686 2254 830 2300 affec‘ium.
844 2297 849 2301 ·
1276 2297 1281 2302 .

86 2311 127 2334 Ex
141 2312 211 2337 Run-
275 2289 463 2322 Intelleximus
483 2302 530 2331 ea,
548 2303 612 2333 quae
632 2293 746 2324 Nuncu
768 2294 868 2333 vestri,
885 2295 919 2326 ad
940 2306 992 2327 nos
1007 2295 1169 2327 accedentes
1181 2318 1192 2334 ,
1213 2296 1295 2326 nobis

85 2346 132 2373 del.
145 2353 176 2373 ut
238 2329 419 2366 exposuerunt
438 2330 516 2371 super
535 2341 570 2361 eo
595 2332 671 2372 quod
690 2333 772 2363 vobis
790 2333 866 2373 loqui
880 2334 1034 2365 feceramus
1048 2335 1164 2374 qualiter
1177 2334 1294 2365 dilet‘ius

78 2384 171 2421 supra.
234 2367 337 2438 ἓξὲξ-ἒξ
438 2368 547 2400 Comes
569 2370 704 2401 Leicestr.
723 2371 757 2402 ad
775 2382 874 2415 pacem
890 2373 1009 2404 vestram
1030 2374 1063 2404 &
1077 2373 1192 2413 gratiam
1205 2372 1294 2412 posset

270 2444 308 2475 Et
322 2447 397 2476 circa
412 2457 442 2477 ea
481 2457 546 2485 quae
560 2447 596 2477 ab
609 2448 671 2487 ipsis
683 2447 837 2480 audivimus
854 2450 1038 2489 postmodum
1051 2448 1160 2480 tradiari
1173 2448 1292 2481 fecimus

232 2492 299 2526 cum
313 2483 408 2528 vestris
422 2470 560 2523 tianeus,
579 2496 612 2516 ac
627 2485 744 2529 Comite
757 2487 927 2532 supradicto,
951 2499 1003 2519 nos
1017 2497 1111 2519 tamen
1125 2487 1159 2518 ad
1173 2488 1291 2532 praesens

232 2531 357 2566 invenire
378 2533 436 2554 non
454 2525 600 2563 possumus
620 2524 741 2563 aliquam
762 2534 838 2557 viam
864 2529 956 2566 pacis,
982 2527 1060 2566 quod
1079 2526 1121 2557 est
1137 2526 1290 2566 plurimum

233 2561 317 2591 nobis
330 2570 421 2600 grave.

269 2639 345 2672 Data
356 2641 437 2673 Paris
461 2644 507 2674 die
516 2643 597 2682 Jovis
610 2644 675 2685 post
687 2644 826 2676 Brandon.

230 2783 319 2816 Bulla
346 2783 428 2830 quod
442 2789 506 2819 Rex
525 2787 639 2834 Angliae
651 2813 661 2828 ,
688 2789 820 2832 Regina,
847 2790 882 2825 ὠ·
902 2788 976 2820 Filii
985 2787 1038 2833 βιὶ
1052 2785 1249 2833 absblvamur
1267 2803 1287 2823 a

269 2833 454 2876 juramentis
473 2835 574 2881 quoad
603 2834 837 2880 obftrvarionem
863 2836 1054 2881 quorundam
1070 2835 1256 2879 statutorum
1275 2866 1285 2881 ,

276 2880 517 2925 ordinationum,
543 2887 580 2922 ὠ·
606 2884 827 2930 colligationum
837 2884 993 2929 suessorum
1011 2888 1042 2917 in
1059 2884 1288 2924 diminutionem

274 2929 421 2972 potestatis
444 2934 538 2978 Regis.

234 3016 423 3078 URbanus
443 3020 703 3066 Episcopus'servus
725 3021 867 3070 servorum
890 3023 965 3062 Dei,
984 3024 1187 3068 venerabilibus
1199 3025 1288 3070 fratri-

81 3042 213 3112 Aggan
304 3056 370 3100 *bus
431 3096 436 3101 ι
474 3059 694 3104 Archiepiscopo
714 3061 891 3092 Lantuirien.
910 3064 942 3093 δε
962 3062 1103 3102 Episcopo
1118 3063 1288 3095 Norwicen.

81 3106 137 3148 Διὶ-.-
149 3105 195 3156 43·
237 3096 269 3126 &
281 3095 386 3126 ἀιῐεέὶο
400 3095 458 3126 filio
467 3096 591 3134 johanni
608 3098 724 3154 R¹Iarisell
737 3100 918 3145 Thesaurario
931 3101 1117 3140 Eboracenfi,
1133 3101 1288 3144 Capeliano

82 3163 135 3185 Heu
175 3180 180 3185 ¹
237 3133 352 3172 nostro,
368 3134 481 3177 salutem
494 3136 527 3166 ὅ(
542 3136 736 3181 Apostolicam
748 3139 984 3184 benedidiionem.
1060 3179 1065 3184 Α
1110 3180 1116 3185 ⁹
1284 3180 1290 3186 .

82 3200 122 3222 fx
137 3169 192 3224 ἐκ,
274 3171 353 3202 Cum
368 3172 455 3211 olim,
474 3182 503 3203 ut
519 3174 600 3217 nobis
613 3185 749 3220 innotuit,
775 3177 808 3207 ad
821 3178 921 3222 felicis.
931 3178 1128 3209 recordationis
1141 3179 1291 3224 Alexandri

79 3240 133 3261 tm
237 3209 322 3258 Papae
337 3210 548 3241 Piaedeceffons
565 3211 652 3242 nostri
667 3217 989 3262 notitiam*perisemffetl,
1009 3217 1089 3262 quod
1099 3217 1250 3248 carissimus
1263 3229 1291 3248 in

104 3259 117 3270 ·
137 3257 143 3263 ⁴
238 3248 355 3278 (niristo
368 3249 464 3279 noster
568 3250 648 3289 Rex,
667 3253 699 3282 &
714 3254 849 3284 carissima
864 3265 893 3284 in
909 3255 1026 3286 Christo
1040 3255 1093 3286 filia
1107 3255 1201 3286 nostra

236 3286 348 3326 Regina
370 3287 648 3331 Angliaehillusttes,
666 3300 698 3320 ac
719 3292 826 3322 nobiles
847 3295 900 3323 viri
913 3293 1066 3325 Edwardus
1080 3295 1113 3325 δε
1127 3294 1293 3325 Edmundus

237 3335 336 3370 eorum
350 3325 396 3355 filu
412 3349 422 3365 ,
443 3331 518 3370 quali
531 3337 579 3372 per
593 3328 732 3365 quandam
745 3329 885 3361 Baroiium
898 3332 1009 3363 suorum
1023 3332 1234 3371 impressionem
1248 3335 1293 3363 in-

234 3362 328 3406 dudh,
347 3364 380 3394 &
394 3365 521 3408 non—nulli
534 3366 577 3396 alii
593 3365 757 3406 Magnates,
775 3370 809 3399 &
824 3370 882 3408 alii,
900 3372 957 3401 tarn
969 3371 1185 3410 Clerici,quam
1195 3371 1291 3410 Laici,

234 3402 354 3470 ‹lzfpaspliem
364 3402 457 3443 Regni
466 3426 476 3442 ,
483 3403 518 3434 ad
525 3404 870 3475 Offispsvssndumffluaedam
878 3408 975 3439 statuta
982 3433 991 3448 ,
998 3410 1186 3441 ordinationes
1193 3411 1226 3442 &
1232 3410 1293 3441 col-

236 3451 720 3527 arstssssffiqffifflgnrffffoi'ssrnfss
733 3448 1133 3525 psssifflzgssszfc‘ffiffi
1138 3449 1293 3525 2222‘152335

239 3518 414 3557 jurejurando
436 3519 570 3563 firmasse,
593 3530 711 3560 proprus
728 3521 905 3554 astrinxerant
923 3527 1102 3563 juramentis,
1119 3526 1148 3554 in
1167 3525 1293 3555 diminu-

240 3560 346 3583 tionem
362 3556 499 3595 potestatis
517 3559 598 3596 ipsius
619 3558 722 3598 Regis,
740 3570 773 3591 ac
786 3561 991 3598 depreffionem
1007 3563 1108 3604 Regiae
1121 3564 1263 3594 libertatis:

277 3589 414 3636 Praefatos.
428 3594 538 3638 Regem
551 3620 561 3635 ,
585 3597 618 3628 &
639 3597 799 3641 Reginam,
823 3600 857 3630 &
879 3610 978 3632 eorum
1000 3611 1095 3640 natos,
1117 3611 1220 3632 eXtunc
1245 3611 1293 3640 per

240 3626 296 3670 suas
315 3629 427 3671 absolwt
442 3633 540 3676 litteras
560 3636 595 3664 ab
607 3636 762 3671 huiusmodi
774 3639 947 3677 juramento,
969 3640 1001 3670 ὅ(
1013 3641 1094 3671 vobis
1105 3641 1189 3670 etiam
1203 3649 1252 3678 per
1264 3651 1293 3670 a-

244 3665 291 3694 lias
312 3665 425 3697 diversas
447 3670 544 3702 litteras
564 3673 688 3704 districte
710 3677 900 3714 praecipiendo
921 3678 1088 3718 mandavit,
1112 3687 1142 3708 ut
1163 3678 1293 3715 praefatos

244 3701 406 3742 MagnateS,
424 3707 456 3737 &
470 3719 520 3739 vos
534 3712 606 3750 ipsos
618 3714 742 3744 invicem
774 3714 792 3743 ii
806 3725 876 3754 opus
890 3715 1030 3754 existeret,
1039 3717 1072 3747 &
1087 3716 1153 3747 alios
1165 3726 1217 3746 vos
1225 3726 1291 3746 om-

243 3750 308 3778 nes,
325 3743 368 3771 vel
382 3743 439 3787 duo
450 3746 591 3789 vestrum,
605 3751 694 3794 vestu
703 3774 712 3789 ‚
737 3737 818 3782 stater
832 3754 1066 3793 Archiepiscope,
1088 3755 1159 3785 solus
1171 3754 1291 3792 eiusdem

245 3777 450 3822 praedecefforis
462 3794 540 3823 vice,
557 3797 590 3816 ac
604 3787 639 3817 de
653 3790 733 3827 ipsius
745 3791 915 3829 plenitudine
927 3792 1084 3830 potestatis,
1110 3804 1126 3823 a
1136 3795 1292 3829 juramento

243 3816 381 3856 praedidio
403 3820 507 3855 prorsus
521 3824 660 3856 absolvere
698 3828 894 3867 praedictasque
913 3831 1105 3870 colligationes
1125 3829 1290 3867 dissolvere,

246 3863 330 3892 atque
342 3854 503 3900 Magnates,
521 3860 652 3905 Batones,
667 3849 821 3909 ⁷Proceres,
841 3868 874 3898 &
888 3867 954 3899 alios
965 3869 1034 3899 dieti
1053 3869 1289 3908 Regni,ut,non

245 3892 419 3944 obstantibuf
438 3893 592 3931 huiusmodi
611 3910 768 3944 iuramentis
781 3927 791 3942 ,
824 3905 940 3942 praefato
959 3906 1056 3946 Regi,
1084 3915 1218 3946 tanquam
1239 3906 1290 3937 suo

246 3928 388 3975 Principi,
403 3931 571 3975 adhaererent
591 3936 704 3982 fideliter
721 3942 753 3970 ὃς
772 3942 963 3981 intenderent,
977 3945 1027 3975 fibi
1042 3945 1134 3975 debita
1148 3952 1289 3984 promptae

245 3967 423 4013 fidelitatis&
436 3970 559 4013 pacificae
569 3973 743 4018 subiectionis
756 3980 887 4018 obsequia
897 3982 1057 4013 exhibentes
1070 4005 1080 4020 ,
1104 3992 1158 4012 nec
1171 3990 1290 4020 praetex-

245 4013 275 4036 tu
298 4006 533 4046 constitutionum
553 4010 586 4041 ὃ(
600 4012 806 4048 ordinationum
822 4018 1038 4059 praedictarum,
1055 4022 1222 4062 aliquatenus
1236 4021 1289 4051 im—

717 127 1517 181 CONVENTIONES,
1572 128 1964 184 LITERAE,

1352 214 1492 255 pedientes
1505 216 1642 256 eundem,
1657 219 1807 257 quominus
1822 225 1943 249 uteretur
1957 215 2043 247 libere
2050 238 2063 259 ,ί
2078 216 2106 246 in
2119 216 2270 255 omnibus,
2288 218 2402 256 pristina
2421 217 2497 248 Ann.
2513 217 2558 249 D.

1351 253 1524 293 plenitudine
1539 254 1644 298 *Regiae
1661 256 1815 297 potestatis,
1833 265 1951 287 movere
1968 253 2097 285 attentius
2110 254 2144 285 &
2157 253 2308 287 efficaciter
2322 258 2403 289 indu·
2440 256 2526 287 1262.

1352 302 1417 323 cere
1431 300 1576 331 curaretis:,
2425 301 2493 326 Hen.
2516 305 2541 333 3.

1388 330 1619 362 ContradiCtores
1636 342 1685 372 per
1708 331 2011 364 excommunicationis
2026 332 2055 361 in
2069 330 2212 371 personas,
2229 333 2263 363 &
2278 333 2409 366 interdic-

1352 370 1373 437 Ξῖ
1396 370 1425 399 in
1447 378 1528 437 tgrras
1551 380 1651 401 eorum
1671 371 1830 410 sententiaS,
1848 379 1960 401 remoto
1975 371 2159 410 appellationis
2169 370 2316 402 obstaculo
2328 396 2339 411 ,
2359 383 2410 404 co-

1372 417 1453 437 ercen
1473 418 1506 438 o·
2374 425 2379 428 ·

1390 445 1444 476 Sed
1458 431 1526 484 vos,
1545 455 1575 477 ut
1589 448 1758 486 accipimus,
1782 447 1864 486 ipsius
1878 446 2083 485 praedecessoris
2097 457 2189 480 morte
2201 447 2408 488 intercedente,

1351 483 1381 513 in
1395 484 1608 527 ipsius—mandati
1623 488 1788 517 executione
1802 485 1952 523 procedere
1964 485 2104 516 omisistis:

1388 522 1533 561 Qiocirca
1548 534 1600 554 nos
1613 525 1648 555 ad
1660 525 1781 555 eundern
1799 524 1912 564 Regem
1922 547 1931 561 ,
1948 526 1989 554 ob
2001 525 2055 554 suae
2067 525 2226 555 devotionis
2239 526 2351 565 merita,
2363 527 2408 556 in-

1350 560 1430 589 tirnae
1450 562 1567 592 caritatis
1583 561 1716 593 affectum
1737 564 1884 600 habentes,
1901 563 1936 593 ὃ(
1954 564 2097 603 cupientes
2114 563 2176 593 fore
2188 563 2356 631 1prosperum
2370 566 2406 596 &-

1351 598 1502 636 pacificum
1523 600 1626 631 statum
1646 603 1702 640 ejus
1716 624 1726 640 ,
1750 601 1910 632 discretioni
1931 601 2031 631 vestrae
2051 611 2099 640 per
2120 602 2188 641 Apo
2213 601 2286 632 olica
2306 603 2406 641 scripta

1350 637 1513 669 mandamus
1546 641 1669 678 uatinus,
1691 640 1710 669 si
1724 639 1765 670 est
1781 641 1833 678 ita,
1851 637 1978 677 praefatos
1991 639 2120 679 Regem,
2138 641 2172 672 ὅ(
2186 639 2345 679 Reginam,
2364 644 2407 680 ip-

1352 674 1502 714 sorumque
1522 649 1593 708 filios
1612 679 1810 709 denunciantes
1829 678 1943 720 publice
1962 689 1977 708 a
1990 679 2135 716 juramenti
2150 679 2278 717 praedicti
2289 680 2408 711 vinculo

1349 713 1505 753 absolutos,
1522 716 1602 754 super
1616 716 1759 754 praemiffis
1773 718 1873 747 curetis
1884 716 2034 748 efficaciter
2046 717 2197 756 procedere
2209 717 2245 748 de
2261 718 2344 756 plano
2371 719 2406 750 &

1350 752 1406 782 sme
1421 752 1540 796 'strepitu
1554 755 1666 793 judicii,
1679 757 1756 794 juxta
1774 755 1942 786 direeiarum
1961 756 2043 786 vobis
2064 756 2186 795 ejusdem
2200 741 2408 795 praedecessoris

1349 794 1554 823 continentiam
1569 794 1730 824 litterarum.

1350 867 1355 873 ¹
1387 829 1463 860 Non
1483 831 1611 863 obstante
1631 832 1651 862 si
1671 833 1806 870 aliquibus
1824 843 1839 863 a
1853 831 1914 862 sede
1929 831 2092 870 Apostolica
2105 833 2137 864 sit
2150 833 2307 872 indultum,
2323 834 2405 873 quod

1347 869 1490 907 interdici,
1517 870 1659 909 suspendi,
1679 872 1725 901 vel
1745 871 2001 909 excommunicari,
2016 880 2063 902 aut
2084 881 2182 902 eorum
2194 881 2282 902 ¹terrae
2303 872 2404 904 Eccle-

1346 906 1455 938 siastico
1474 910 1625 940 interdifito
1645 909 1761 948 supponi
1780 920 1838 940 non
1857 908 1962 946 poffint
1973 919 2021 947 per
2035 911 2135 941 litteras
2151 910 2329 948 Apostolicas
2342 922 2402 943 non

1345 944 1477 990 facientes
1491 948 1510 966 *
1526 949 1637 985 plenam
1652 948 1685 978 ὃς
1697 948 1847 987 expressam
1856 970 1866 985 ,
1883 957 1917 978 ac
1929 947 1965 978 de
1978 948 2068 979 verbo
2080 948 2114 979 ad
2128 951 2247 979 verbum
2260 950 2296 980 de
2312 950 2403 981 indul·
2424 957 2439 973 *³
2456 958 2554 996 1743.

1345 991 1375 1027 to
1388 984 1545 1022 huiusmodi
1559 987 1749 1017 mentionem:
1774 995 1821 1017 aut
1835 995 2004 1024 quacunque
2015 987 2066 1017 alia
2077 987 2159 1025 ipsius
2173 988 2241 1018 sedis
2253 988 2402 1029 indulgen-

1344 1021 1399 1092 [ιέιέ
1415 1033 1464 1068 per
1483 1034 1569 1065 quam
1590 1024 1709 1056 effectus
1729 1025 1905 1063 praesentium
1925 1024 2055 1063 impediri
2074 1026 2182 1065 posset,
2201 1026 2247 1058 seu
2261 1028 2344 1058 etiarn
2356 1038 2400 1059 re-

1342 1068 1381 1091 mr
1400 1072 1446 1092 an.

1377 1143 1446 1175 Dat.
1464 1144 1583 1177 Viterbii
1593 1169 1602 1185 ,
1620 1145 1719 1186 quinto
1733 1144 1798 1176 Kal.
1817 1143 1934 1183 Martii,
1951 1143 2136 1176 Pontificattis
2151 1144 2239 1176 nostri
2253 1155 2327 1177 anno
2342 1149 2399 1187 pri-

1338 1193 1396 1214 mo.

1836 1263 1962 1295 Plumbeo
1967 1263 2057 1303 Sigillo
2073 1275 2092 1293 a
2096 1264 2149 1308 filo
2162 1262 2286 1296 canabei».

1397 1397 1518 1429 Littera
1535 1398 1633 1429 Scotiae
1650 1400 1723 1444 Regi
1741 1396 1920 1443 responsbria
1936 1394 1973 1429 de
1991 1394 2171 1443 quibusdam
2189 1402 2322 1446 negotiis.

1334 1484 1452 1540 REX
1476 1485 1577 1525 Anglae
1597 1485 1673 1525 Regi
1695 1485 1800 1517 Scotiae
1818 1485 1932 1517 salutem
1951 1487 1985 1518 &
2005 1487 2118 1518 sincerae
2139 1486 2296 1518 dileetiom's
2309 1484 2395 1518 affec-
2415 1484 2491 1516 Ann.
2505 1486 2544 1518 D,

1407 1532 1477 1554 tum.
2433 1526 2518 1556 1262.

1371 1560 1520 1592 Accedens
1533 1563 1567 1593 ad
1582 1573 1635 1593 nos
1645 1563 1788 1602 Johannes
1801 1563 1837 1594 de
1852 1562 2317 1602 Londors,Clericus&Nuncius
2324 1574 2386 1594 ves·
2412 1566 2463 1591 An.
2476 1567 2524 1600 46.

1333 1607 1391 1638 tet,
1412 1603 1539 1640 negotia,
1558 1610 1622 1641 quae
1643 1603 1693 1633 fibi
1708 1612 1757 1640 per
1769 1612 1820 1633 vos
1837 1602 1946 1633 fuerant
1957 1603 2096 1641 injuneta,
2114 1605 2197 1634 nobis
2219 1603 2391 1634 laudabiliter
2415 1606 2450 1629 H·
2470 1612 2494 1639 3.

1333 1639 1462 1676 exposuit
1479 1641 1512 1670 ὃς
1526 1640 1688 1680 diligenter,
1700 1641 1801 1681 quibus
1815 1640 1913 1671 auditis
1926 1641 1959 1672 &
1976 1641 2081 1679 plenius
2093 1642 2239 1673 intellectis
2244 1664 2255 1681 ,
2270 1651 2302 1672 ea
2314 1641 2388 1680 juffi-
2408 1641 2544 1677 claufi46.

1333 1687 1394 1707 mus
1407 1679 1511 1716 expleri
1523 1688 1605 1717 prout
1619 1680 1675 1718 ipse
1687 1681 1770 1710 vobis
1783 1681 1885 1710 referre
1899 1682 2001 1718 poterit
2014 1682 2079 1711 viva
2093 1689 2175 1711 voce.
2407 1683 2441 1706 H·
2464 1689 2490 1715 3·

1371 1715 1535 1756 Scripsimus
1554 1727 1675 1758 namque
1697 1717 1770 1758 Regi
1792 1718 1974 1757 Norwageiae
1997 1728 2050 1756 pro
2063 1718 2189 1750 Nunciis
2200 1717 2297 1748 vestris
2309 1719 2391 1750 vobis
2410 1727 2447 1746 m·
2459 1718 2533 1746 12-d-

1332 1755 1503 1786 remittendis
1511 1779 1520 1795 ,
1538 1756 1571 1787 &
1586 1766 1637 1794 pro
1649 1757 1726 1787 facto
1738 1756 1814 1797 quod
1826 1757 1942 1787 vertitur
1954 1758 2026 1787 inter
2039 1767 2091 1788 vos
2103 1759 2136 1789 ὃς
2149 1756 2250 1796 ipsum.

1332 1831 1341 1861 l
1370 1792 1604 1862 Sinuliterstetiam
1619 1795 1753 1826 Domino
1766 1795 1850 1834 Papae
1862 1805 1914 1833 pro
1929 1794 2025 1827 vestris
2036 1797 2155 1836 negotiis
2167 1794 2326 1834 scripsimus
2340 1805 2390 1827 ve—

1344 1839 1383 1862 uti
1418 1843 1449 1863 το
1463 1843 1502 1863 no
1530 1843 1570 1863 ris.

1370 1842 1428 1901 Ρξο
1450 1873 1525 1902 Εαξὶο
1543 1881 1636 1903 autem
1648 1871 1782 1904 Ecclefiae
1794 1872 1829 1903 de
1842 1871 1982 1912 Salkhull,
2000 1873 2036 1903 ad
2047 1882 2100 1903 nos
2113 1873 2209 1904 vocari
2220 1871 2339 1902 fecimus
2352 1871 2394 1902 E·-

1333 1909 1478 1948 piscopum
1498 1910 1700 1942 Karliolensem
1719 1911 1802 1951 usque
1819 1911 1853 1942 ad
1875 1921 1964 1942 unum
1982 1911 2106 1942 mensem
2121 1910 2184 1949 post
2199 1910 2302 1941 Pascha
2317 1910 2392 1941 futu-

1332 1957 1415 1992 rum,
1434 1958 1464 1979 ut
1486 1951 1618 1988 negotio,
1636 1949 1712 1990 quod
1731 1952 1801 1981 inter
1820 1960 1872 1981 vos
1893 1951 1998 1990 agitur,
2012 1960 2061 1991 per
2076 1951 2150 1981 viam
2167 1950 2243 1988 pacis
2255 1949 2299 1980 seu
2314 1949 2392 1988 justi-

1332 1994 1379 2017 tiae
1411 1996 1544 2026 quatenus
1558 1990 1724 2027 poterimus,
1742 1989 1888 2020 consilium
1901 1997 2082 2026 apponamus

1426 2034 1517 2056 tetum
1530 2050 1540 2066 ,
1556 2028 1619 2067 quia
1637 2026 1726 2058 vestra
1745 2029 1858 2067 negotia
1877 2027 1970 2058 nostra
1983 2036 2042 2058 non
2056 2028 2148 2058 minus
2161 2036 2338 2065 reputamus,
2356 2027 2390 2058 &

1332 2065 1362 2094 'in
1379 2064 1447 2104 hiis,
1464 2075 1528 2105 quae
1549 2066 1593 2096 vel
1612 2065 1646 2096 ad
1666 2066 1841 2097 securitatem
1865 2065 2004 2106 vestram,
2020 2066 2065 2096 vel
2077 2066 2111 2096 ad
2127 2066 2316 2096 commodum
2350 2075 2393 2095 er-

1332 2103 1436 2141 tinem,
1451 2103 1548 2134 vestris
1559 2103 1695 2134 desideriis
1706 2115 1826 2136 annuere
1838 2104 1974 2135 vellemus
1983 2127 1993 2143 ,
2007 2104 2126 2134 libenter
2139 2104 2286 2142 praefatum
2339 2113 2393 2134 un—

1332 2142 1411 2171 cium
1431 2141 1555 2173 vestrum
1574 2142 1724 2173 nobiscum
1744 2151 1802 2174 tam
1822 2143 1870 2174 diu
1885 2143 2065 2181 retinuimus,
2083 2151 2114 2173 ut
2126 2142 2207 2173 vobis
2222 2141 2392 2173 solutionem

1333 2180 1404 2210 illius
1418 2182 1564 2219 pecuniae,
1580 2191 1665 2221 quam
1679 2181 1737 2212 satis
1751 2181 1839 2213 nostis
1852 2205 1862 2221 ,
1883 2181 1903 2211 si
1918 2180 1954 2212 ad
1967 2181 2024 2212 hoc
2039 2181 2121 2211 nobis
2135 2181 2180 2212 via
2195 2189 2315 2220 pateret,
2333 2182 2392 2212 fieri

1333 2219 1546 2256 provideremus
1553 2232 1563 2258 ;

1370 2256 1478 2288 Verum
1499 2260 1564 2299 quia
1583 2268 1634 2296 pro
1656 2259 1739 2289 variis
1755 2258 1788 2289 ὅ(
1809 2259 1970 2298 urgentibus
1985 2268 2005 2288 n
2061 2259 2104 2288 tiis
2123 2257 2238 2296 nostris,
2256 2268 2320 2298 quae
2342 2268 2394 2289 vos

1331 2295 1472 2327 credimus
1485 2307 1545 2328 non
1559 2297 1658 2335 latere,
1675 2297 1762 2327 multa
1778 2306 1831 2327 nos
1842 2299 1967 2335 oportuit
1979 2307 1996 2327 e
2022 2297 2141 2335 undere,
2157 2298 2191 2327 &
2205 2297 2340 2334 impensas
2347 2298 2392 2327 in-

1331 2334 1485 2366 tolerabiles
1506 2336 1598 2366 facere
1617 2346 1691 2366 anno
1710 2335 1851 2374 praesenti,
1867 2345 1920 2366 nec
1941 2337 2029 2366 exitus
2050 2335 2096 2365 seu
2110 2344 2262 2375 proventus
2275 2357 2285 2373 ,
2307 2335 2390 2365 nobis

1331 2372 1457 2413 debitos,
1474 2375 1629 2412 recepimus
1641 2383 1724 2414 prout
1736 2374 1910 2411 temporibus
1923 2374 1981 2404 aliis
1996 2373 2054 2404 fieri
2067 2373 2230 2411 consuevit,

1368 2411 1405 2442 Et
1416 2413 1523 2450 insuper
1537 2422 1605 2443 cum
1617 2414 1672 2451 jam
1687 2413 1792 2443 dilecto
1805 2413 1888 2442 nobis
1901 2412 2078 2451 Alexandro,
2100 2412 2257 2443 Senescallo
2267 2411 2390 2451 Scotiae‚

1329 2450 1366 2480 de
1387 2453 1544 2492 quingentis
1565 2450 1689 2489 Marcis,
1705 2451 1823 2481 nomine
1837 2450 1948 2489 vestro,
1965 2450 2176 2482 satisfecerimus
2189 2458 2273 2488 prout
2329 2450 2392 2481 astis

1330 2489 1391 2529 (per
1406 2491 1483 2527 quod
1497 2490 1578 2521 nobis
1590 2491 1709 2529 pecunia
1723 2499 1784 2520 non
1797 2498 1870 2520 extat
1882 2490 1916 2520 ad
1930 2489 2038 2527 manus)
2056 2489 2250 2520 Sinceritatem
2267 2499 2304 2520 ve
2330 2499 2389 2519 ram

1329 2529 1493 2568 requirimus
1512 2530 1546 2560 &
1569 2537 1699 2568 rogamus
1716 2537 1850 2567 quatenus
1866 2527 2019 2559 molestum
2033 2536 2092 2558 non
2108 2527 2244 2566 habeatis,
2258 2527 2278 2558 ii
2291 2528 2389 2567 vobis,

1328 2566 1363 2597 ad
1397 2568 1510 2606 raesens,
1528 2577 1588 2598 non
1600 2567 1779 2598 satisfecimus
1792 2566 1828 2596 de
1843 2568 1962 2604 pecunia
1975 2566 2146 2611 supradicta,

1392 2614 1402 2636 t
1415 2608 1478 2645 quia
1493 2606 1630 2637 nollemus
1643 2607 1726 2637 vobis
1738 2606 1892 2636 terminum
1905 2605 1950 2636 vel
1964 2614 2100 2636 terminos
2113 2605 2226 2636 ulterius
2239 2603 2391 2645 affignare,

2065 2653 2098 2674 us
2110 2653 2142 2674 ut
2155 2653 2241 2674 unam
2256 2643 2392 2674 medieta-

1329 2643 1381 2674 nisi
1399 2653 1447 2674 eos
1467 2646 1606 2676 observari
1628 2645 1781 2675 faceremus
1795 2645 1824 2673 in
1838 2651 1933 2674 totum
1967 2654 1981 2673 r

2013 2681 2119 2712 'chaelis
2130 2683 2261 2719 proximo
2275 2682 2371 2712 futuro
2379 2705 2392 2720 ‚

1940 2666 1950 2681 2

1329 2689 1390 2711 tem
1406 2685 1534 2721 pecuniae
1559 2683 1702 2721 praedietae
1715 2685 1743 2713 in
1760 2681 1844 2712 Festo
1860 2682 1956 2712 Sanffi

1329 2720 1363 2750 &
1385 2721 1464 2751 aliam
1481 2722 1660 2752 medietatem
1678 2721 1712 2751 ad
1734 2719 1835 2749 Pascha
1850 2741 1860 2756 ,
1884 2719 1985 2758 absque
2005 2720 2106 2749 mentis
2123 2719 2222 2750 vestrae
2239 2719 2325 2749 taedio
2345 2721 2392 2750 vel

1327 2761 1510 2799 gravamine,
1529 2760 1652 2798 recipere
1673 2759 1762 2789 velitis
1782 2757 1939 2794 hujusmodi
1958 2758 2042 2787 nobis
2062 2765 2191 2795 rogatum
2207 2757 2395 2787 concedendo

1329 2798 1467 2837 benigne,
1486 2800 1551 2836 quia
1569 2799 1701 2828 terminos
1720 2795 1872 2836 praedietos
1893 2795 1974 2826 vobis
1991 2795 2125 2826 faciemus
2152 2794 2244 2825 modis
2257 2795 2390 2825 omnibus

1330 2835 1436 2876 plenius
1449 2836 1596 2868 observari.

1368 2916 1456 2948 Teste
1470 2916 1552 2957 Rege
1567 2915 1639 2957 apud
1654 2915 1881 2954 Windlesoram,
1899 2925 1934 2956 23
1950 2915 1996 2947 die
2012 2914 2118 2946 Martii.

1378 3049 1496 3081 Littera
1514 3046 1552 3082 ab
1571 3048 1728 3083 Edwardo
1746 3050 1884 3094 Pri'ncipe
1899 3046 1935 3081 de
1950 3046 2086 3080 adventu
2093 3046 2151 3092 fico
2167 3045 2213 3079 ad
2228 3048 2345 3094 Regem.

1332 3136 1619 3199 EXcellcntiffimo
1631 3137 1772 3175 Principi,
1790 3135 1922 3168 Domino
1935 3137 1967 3168 &
1979 3136 2053 3168 Patri
2067 3135 2116 3167 suo
2131 3133 2304 3174 reverendo,
2323 3135 2391 3167 Do-
2410 3138 2486 3170 Ann.
2501 3141 2542 3172 D.

1405 3177 1485 3207 mino
1504 3175 1651 3214 Heni-ico,
1673 3176 1731 3206 Dei
1752 3176 1851 3215 gratia,
1877 3175 1972 3207 illustri
1992 3175 2068 3215 Regi
2090 3174 2203 3214 Angliae
2218 3196 2228 3212 ,
2254 3173 2389 3205 Domino
2433 3180 2516 3210 1262.

1331 3213 1493 3258 Hiberniae²
1519 3215 1553 3245 &
1574 3215 1651 3245 Duci
1669 3214 1865 3251 Aequitanniae
1881 3238 1891 3254 ,
1914 3213 2070 3245 Edwardus
2083 3213 2154 3245 filius
2174 3212 2236 3243 suus
2255 3212 2370 3244 salutem
2381 3237 2391 3252 ,
2409 3221 2462 3244 Aa.
2475 3221 2522 3253 46.

1331 3262 1399 3283 cum
1412 3263 1492 3283 omni
1509 3254 1680 3290 reverentia,
1697 3252 1882 3292 subjeffione,
1903 3253 1936 3284 &
1951 3253 2069 3283 honore.
2409 3259 2445 3282 H.
2465 3266 2488 3291 3.

1367 3291 1456 3329 Super
1475 3301 1512 3322 eo
1531 3292 1650 3321 minime
1670 3291 1766 3321 volens
1788 3292 1910 3331 redargui
1925 3299 1956 3322 ut
1968 3301 2017 3330 ea,
2034 3301 2098 3330 quae
2111 3289 2293 3331 processerint
2304 3290 2340 3321 de
2353 3290 2390 3320 la·
2409 3297 2448 3320 Le
2466 3299 2535 3323 Run-

1331 3330 1383 3359 biis
1401 3330 1485 3368 meis,
1509 3330 1582 3360 irrita
1601 3340 1631 3360 re
1650 3339 1808 3367 utarentur,
1834 3330 1994 3361 reverendae
2016 3329 2180 3360 Cellitudini
2202 3329 2302 3359 vestrae
2322 3329 2388 3359 duxi
2412 3331 2526 3360 delatr-

1330 3367 1543 3407 significandum
1565 3377 1624 3406 quo
1654 3391 1663 3406 ,
1685 3369 1838 3399 secundum
1859 3368 2025 3407 promissum
2045 3377 2161 3405 meum,
2182 3368 2314 3398 omnibus
2333 3367 2389 3397 aliis
2409 3376 2529 3407 terJemq

1333 3405 1519 3445 praetermissis
1527 3429 1536 3443 ,
1550 3406 1579 3435 in
1595 3406 1707 3437 instanti
1718 3407 1865 3438 festivitate
1878 3407 1993 3438 Paschae
2008 3407 2043 3438 ad
2056 3416 2109 3438 vos
2121 3407 2217 3437 venire
2229 3415 2290 3436 nori
2301 3406 2386 3436 omit-
2404 3413 2459 3443 pon

1330 3454 1405 3482 tam,
1423 3453 1528 3489 paratus
1539 3445 1579 3512 ¹in
1601 3446 1750 3485 omnibus,
1767 3455 1820 3485 pro
1836 3446 1915 3486 posse
1928 3455 2012 3484 meo,
2030 3445 2119 3477 vestra
2130 3444 2302 3476 mandata&
2315 3452 2386 3483 prae—
2409 3449 2442 3472 H.
2461 3455 2487 3483 3.

1334 3493 1368 3514 ce
1388 3493 1414 3513 ta
1429 3493 1518 3520 perim
1547 3492 1601 3512 ere.

1397 3530 1507 3552 raeterea
1520 3492 1639 3550 pauditis
1657 3520 1692 3551 &
1715 3521 1759 3551 dili
1780 3530 1856 3552 enter
1876 3522 2021 3554 inrelleffis
2033 3521 2167 3561 articulis,
2185 3522 2215 3552 in
2227 3520 2388 3562 transcripto

1332 3559 1488 3596 literarum,
1504 3544 1629 3590 Domini
1643 3558 1731 3598 Regis
1768 3561 1887 3600 ranciae,
1902 3562 1985 3593 vobis
1998 3560 2168 3603 diredhirum
2182 3560 2261 3597 super
2272 3567 2389 3597 negotio

1332 3596 1446 3637 Bragor.
1465 3598 1499 3628 &
1520 3597 1618 3628 Gouc.
1641 3600 1804 3638 contentis,
1825 3600 1913 3630 taliter
1934 3601 1964 3630 in
1985 3598 2088 3629 eiidem
2103 3621 2113 3637 ‚
2138 3597 2208 3628 Deo
2226 3597 2332 3639 dante,
2354 3597 2388 3626 &

1333 3636 1451 3666 consilio
1463 3634 1557 3665 vestro
1573 3633 1728 3675 mediante,
1748 3639 1960 3675 procurabimus
1973 3637 2146 3677 pertractari,
2172 3634 2248 3675 quod
2262 3633 2342 3665 vobis
2355 3636 2389 3665 ὃ(

1333 3675 1404 3704 mihi
1418 3673 1499 3704 cedet
1513 3674 1542 3704 in
1559 3675 1749 3706 commodum
1765 3686 1833 3707 cum
1847 3677 1882 3707 ad
1897 3686 1948 3708 vos
1962 3685 2076 3706 venero.
2267 3711 2271 3715 ¹

1369 3711 1408 3741 Et
1420 3712 1553 3751 quoniam
1568 3711 1630 3742 Ens
1646 3713 1681 3743 de
1694 3713 1817 3745 Domon
1830 3725 1918 3752 nuper
1932 3714 1994 3744 misi
2008 3713 2142 3744 London.
2161 3720 2213 3749 pro
2225 3710 2389 3748 qmbusdam

1332 3752 1452 3788 negotiis
1466 3750 1485 3769 *
1509 3751 1577 3781 meis
1597 3751 1703 3782 ibidem
1723 3753 1917 3793 expediendis,
1932 3754 1981 3793 qui
1993 3751 2087 3784 secum
2101 3751 2118 3780 s
2139 3750 2216 3779 illum
2229 3758 2326 3792 meum
2338 3750 2388 3780 de-

1332 3789 1420 3857 {uli-t1
1431 3788 1478 3856 lizlils
1496 3787 1584 3819 literas
1604 3789 1691 3830 sigillo
1709 3790 1832 3822 Domini
1855 3791 1969 3822 Warini
1979 3791 2016 3822 de
2028 3789 2097 3822 Bais
2138 3795 2197 3817 um·
2216 3786 2317 3818 Militis
2330 3790 2387 3820 mei

1343 3836 1387 3856 eci
1415 3835 1452 3866 igi
1470 3836 1522 3858 are.

2409 3769 2457 3797 *1-
2472 3770 2541 3806 744:

1360 3904 1436 3949 Dat.
1456 3907 1528 3946 apud
1543 3906 1661 3938 Bristoll.
1682 3910 1822 3942 tricesimo
1836 3910 1931 3950 primo
1943 3908 1988 3940 die
2002 3907 2118 3944 Martii,
2135 3914 2212 3937 anno
2226 3906 2321 3949 Regni
2329 3917 2390 3945 ves<

1332 3950 1367 3975 tn
1380 3945 1586 3985 quadragesimo
1598 3947 1683 3979 sexto.

2325 4063 2391 4101 Lit-
