2570 4261
0 302 52 335 inii.
66 299 107 332 D.

0 350 88 410 5303:

7 1020 113 1060 11898.

0 2333 62 2370 Xnn.
76 2336 116 2368 D.

7 2387 91 2418 1302.

0 2419 53 2445 zdv.
77 2427 99 2444 i.

0 2459 38 2482 (n.
55 2465 98 2492 30.

0 2514 40 2560 in.
55 2531 95 2559 CI.

0 2581 23 2635 ito.
35 2617 63 2643 17
71 2629 76 2634 .
92 2609 117 2636 d.

0 2647 92 2675 :edula-

0 3337 10 3360 ¹¹
20 3337 126 3374 11.899.

0 3499 69 3532 Ann.
83 3497 126 3529 D.

0 3547 108 3605 323012'

0 3597 103 3653 tin-'302

0 3659 28 3682 E.
44 3662 68 3681 1.

0 3697 53 3721 Rot.
66 3692 128 3720 Ale-

0 3741 69 3759 man.
87 3740 133 3767 30.

0 3772 57 3797 Er.
67 3770 132 3797 m.6.

581 201 711 255 'ET
799 210 1122 255 ACTA
1213 206 1793 258 PUBLICA.

127 293 272 326 Willielmo
287 293 311 325 Ie
323 295 496 338 ErcedekneJ
606 327 608 333 ,

127 335 231 364 David
242 336 273 365 de
287 338 379 374 Barry
394 337 425 365 dc
439 336 636 377 Rathe'tomok,

125 372 242 402 stlatheo
256 374 287 403 de
302 373 449 415 Milburn,

122 411 237 441 Roberto
244 411 307 453 filio
320 414 435 452 David,

123 451 241 479 Henrico
255 451 286 479 de
298 451 513 491 Bermyngham,

124 490 171 518 W
169 486 276 518 illielmo
290 487 314 517 le
328 491 413 528 Poer,

125 525 244 556 Waltero
260 526 284 555 le
299 528 385 565 Poer,

127 563 230 594 Miloni
244 567 350 594 Barom'
364 566 396 594 de
407 566 503 596 Overk
511 590 521 605 ,

125 601 243 631 Roberto
256 603 289 632 a'e
307 603 460 644 Sorthales,

124 640 271 670 Edmundo
285 641 317 670 de
332 645 423 682 Gras,

125 677 253 717 Johanni
258 678 322 720 filio
336 681 496 719 Hugonisa'e
509 681 642 722 Rupqfhr-

676 296 807 334 Johanm·
844 298 879 328 lio
896 298 1034 334 ‘Johanm's
1050 299 1082 330 de
1096 301 1185 340 Poer,

675 335 783 365 Thomae
822 336 856 366 lio
872 336 990 376 Phihppi
998 361 1010 377 ,

676 374 798 403 Gilberto
814 374 839 403 le
855 374 961 414 Waleyr
971 398 981 413 ,

675 415 718 442 W
717 412 823 442 illielmo
838 414 870 442 de
886 414 1029 453 Cantelon‚

675 453 717 480 W
717 449 822 480 illielmo
837 452 869 480 de
890 455 1058 491 Caunceton,

676 492 772 518 filatur.
791 488 816 518 le
832 490 1003 530 Ercedekne,

677 527 830 566 Reymundo
845 528 971 568 Kenesi’g.

678 564 840 595 Baldewino
849 565 911 607 filio
927 565 1060 607 Philippi,

678 605 800 633 Gerardo
808 603 870 645 filio
880 608 1011 634 Mauricii
1017 628 1028 644 ,

677 641 804 680 Johanm'
821 644 906 682 Crok,

679 679 787 717 Nigellb
802 680 825 710 le
840 684 919 711 Brun
928 704 937 720 ,

163 720 206 756 ti,
421 759 426 764 .
677 718 806 757 Johanni
828 718 852 748 le
881 723 923 750 W
922 720 979 749 hite
1007 720 1039 750 de
1069 719 1190 750 Rathre-

127 755 426 833 ξῖᾗζρρῖᾍῗῖἶᾎῗῖωῃ
432 778 443 795 ’
679 767 811 825 Βὲἱῖἷῖἐ
820 795 903 825 Roth.
913 796 1060 826 Macarthi
1068 819 1078 835 ‚

127 835 226 862 Maur.
241 831 347 861 Purcel.

127 871 204 900 Adae
221 869 333 908 Purcel,

128 909 255 947 Johanni
269 907 367 938 Talum
375 932 385 948 ‚

129 946 229 978 Meiler
245 946 370 986 Candal,

130 990 167 1014 W
169 983 278 1014 illielmo
294 987 422 1017 Traharn
431 1010 440 1025 ,

132 1023 152 1044 '¹²
170 1022 299 1061 Johanni
316 1024 348 1053 de
363 1028 476 1065 Lyvet,

128 1062 253 1092 Gilberto
268 1062 298 1091 de
314 1066 412 1093 Sutton
421 1086 431 1102 ,

128 1101 208 1131 Adae
224 1100 255 1129 de
270 1103 363 1140 Rupe,

129 1138 260 1179 Johanni
266 1137 330 1180 filio
352 1142 484 1179 Henrici,

130 1177 266 1208 Richardo
282 1180 325 1208 W
319 1185 411 1219 ytteye
418 1201 429 1217 ,

129 1219 251 1246 Hamoni
265 1216 296 1246 de
313 1219 386 1246 Gras
394 1239 404 1256 ,

129 1258 229 1285 Simoni
237 1253 301 1296 filio
317 1254 446 1293 Richeri,

127 1291 261 1361 'Gaffido‘
272 1296 306 1322 H
304 1292 385 1340 ajolo(
388 1316 407 1339 ,-

129 1330 453 1409 ἷθαιῗῖἵῖῗῗέἷῗέἕῗζ

679 833 835 863 Thetherico
849 834 963 874 Ebryan
971 857 982 874 ,

680 872 805 911 Johanni
821 873 916 902 Haket
925 895 936 912 ,

682 910 805 940 Waltero
820 910 997 950 Appelgard,

680 949 789 979 Thomae
805 950 837 979 de
852 948 1006 988 Saresfeld,

682 987 814 1026 Stephano
827 989 859 1017 de
874 986 1028 1026 Saresfeld,
1132 1003 1136 1007 ·

682 1027 787 1055 David
789 1024 851 1067 filio
864 1026 1006 1064 Johanm's
1030 1025 1062 1055 de
1086 1028 1175 1063 Cogan
1182 1046 1193 1064 ‚

683 1065 826 1094 Bernardo
839 1065 872 1093 de
887 1064 999 1104 Mithae‚

683 1105 726 1133 W
726 1102 832 1132 illielmo
844 1103 875 1132 de
883 1106 1037 1141 staunton,

683 1140 784 1171 Miloni
788 1140 850 1182 filio
860 1140 968 1172 Thomae
976 1163 987 1180 ,

685 1179 800 1209 Roberto
812 1182 902 1209 Baret
910 1202 920 1219 ,

685 1217 800 1247 Roberto
815 1219 846 1247 de
863 1222 1038 1256 Caunceton,

685 1255 807 1294 Philippo
821 1256 845 1286 Ie
860 1259 946 1295 Bret,

684 1294 813 1332 Johanm'
827 1295 858 1324 de
871 1294 900 1324 la
915 1293 999 1332 Pille,

685 1332 819 1362 Richardo
833 1334 865 1363 de
879 1332 908 1362 la
923 1331 1012 1370 Pille,

686 1373 730 1399 W
731 1370 837 1400 illielmo
847 1370 909 1412 filio
925 1369 1041 1438 Philippi
1054 1372 1161 1410 Barry,

687 1409 730 1439 W
729 1408 837 1438 illielmo
872 1409 906 1438 lio
916 1411 958 1439 W
959 1408 1014 1438 illie
1025 1412 1062 1438 mi
1074 1411 1182 1449 Barry,

686 1446 801 1477 Roberto
850 1446 947 1477 rundel
957 1470 967 1486 ,

686 1484 803 1515 Roberto
806 1484 870 1527 filio
886 1488 982 1525 Petri,

687 1524 831 1554 Edmundo
843 1525 874 1554 de
890 1528 991 1563 Curcy,

687 1562 818 1630 Jolzanni
839 1562 903 1605 filio
924 1563 1037 1593 Roberti
1066 1562 1098 1592 de
1125 1562 1202 1592 Oba-

723 1608 737 1630 t
758 1613 802 1631 un.

688 1641 794 1670 David
808 1640 840 1670 de
859 1644 1020 1671 Caunceton.

686 1678 814 1717 Jordano
828 1679 860 1709 de
873 1683 1034 1708 Caunceton.

687 1719 731 1748 W
730 1716 838 1785 iZielrtlo
853 1717 912 1759 filio
925 1716 1040 1757 Phihppi
1054 1714 1129 1747 dela
1148 1719 1203 1747 Ro-

727 1767 740 1785 c
762 1768 775 1785 e

687 1779 810 1833 Philisto
824 1794 856 1824 de
870 1793 982 1833 Midae,

688 1832 818 1871 Johanni
833 1833 865 1863 de
878 1833 990 1873 Mithe‚

688 1873 806 1901 Henrico
820 1872 852 1901 de
866 1875 972 1910 cogan,

134 1908 272 1938 Richardo
287 1911 411 1948 Mauvey
424 1919 471 1946 tn,
688 1909 795 1948 Jacobo
809 1910 841 1940 de
856 1909 884 1939 la
900 1908 1029 1949 Chapele,

134 1946 281 1985 Richardo·
308 1947 341 1976 lio
357 1947 399 1986 Jo
420 1949 519 1986 annis,
688 1949 824 1979 Richardo
839 1948 958 1979 clement
968 1971 978 1988 ,

134 1985 242 2015 Thomae
251 1984 278 2028 fi
290 1989 315 2015 io
331 1985 446 2025 Alfredi
455 2008 464 2025 ,
689 1989 768 2017 Gioto
780 1986 915 2026 Kokerel,

135 2023 257 2063 Philippo
273 2025 405 2060 deBarry
422 2025 453 2054 de
469 2027 651 2062 Rencorram,
689 2027 779 2056 Odoni
798 2030 823 2056 0
840 2024 994 2065 conabor,

135 2063 242 2093 David
253 2063 286 2093 de
301 2062 330 2092 la
345 2062 432 2093 Roche
439 2086 451 2103 ,
692 2064 852 2095 Donenala'o
870 2068 895 2095 O
916 2063 982 2094 Nel.

132 1407 239 1447 Jacobo
255 1408 287 1438 de
301 1410 358 1437 Ket
375 1418 428 1446 ng,

131 1447 262 1486 Johanm'
278 1448 312 1475 A
308 1417 374 1486 ffil
375 1468 386 1484 ,

133 1483 268 1515 Nicholao
290 1484 359 1514 Crok
367 1506 378 1522 ,

133 1525 178 1554 W
176 1521 284 1552 illielmo
289 1521 352 1564 filio
369 1524 412 1552 W
412 1520 533 1562 alfelmi,

132 1561 288 1601 Leymundo
304 1561 336 1590 de
351 1565 453 1591 Carreu
461 1584 472 1601 ,

131 1600 238 1630 David
248 1600 364 1629 Burdun
371 1623 382 1639 ,

132 1637 261 1669 Auberto
278 1638 309 1668 de
324 1638 442 1679 Kenleye
451 1662 462 1678 ,

132 1676 285 1706 Theobaldo
302 1677 333 1706 de
349 1679 476 1716 Verdun,

134 1717 244 1753 Hugoni
259 1716 290 1745 de
306 1718 402 1756 Lacy,

134 1754 279 1784 Edmundo
292 1754 325 1784 de
341 1757 418 1795 Lacy
426 1777 437 1793 ,

134 1792 270 1822 Richardo
278 1792 360 1833 Tyrel
366 1815 377 1831 ,

134 1830 243 1860 Thomae
260 1831 291 1860 de
308 1829 450 1861 Ledwich.

131 1869 265 1909 Johanni
280 1872 351 1910 Tuyt
360 1893 370 1909 ,

160 2191 222 2226 Ad
243 2190 441 2225 trasiandum
458 2203 529 2226 cum
545 2190 738 2240 magnatibus
754 2190 909 2242 fflberniae
919 2220 929 2236 ‚
946 2193 1038 2240 sitper
1052 2189 1187 2238 Expedi-

496 2245 575 2274 tione
592 2243 710 2274 Guerrae
733 2244 843 2276 Scotiae.

138 2332 202 2397 R
212 2325 238 2358 E
246 2325 278 2356 X
305 2324 457 2370 diledm'&
469 2325 544 2356 fideli
556 2325 605 2357 suo
617 2325 749 2358 Galfrido
759 2326 795 2358 de
810 2326 945 2368 Geynvill
956 2326 1081 2371 salut-em.⁴

174 2404 179 2409 ‘
241 2364 392 2404 Volentes,
411 2375 440 2395 in
455 2375 576 2395 omnem
593 2373 746 2405 eventum,
763 2364 823 2401 &a
843 2373 875 2396 ut
885 2365 980 2405 ficpra.
997 2365 1141 2402 Fmaliter‚
1154 2371 1209 2395 ter-

139 2414 320 2481 mlPZiequod
335 2451 401 2480 nos,
418 2440 455 2471 de
472 2440 615 2479 fidelitate,
633 2442 902 2481 circumspectione,
915 2442 949 2473 &
966 2440 1099 2472 industri&
1116 2439 1208 2471 vestra

137 2480 250 2518 plenam
272 2479 406 2511 fiduciam
420 2479 592 2518 optinentes,
609 2480 690 2510 vobis
723 2481 757 2511 &
774 2480 880 2511 dilecto
897 2481 931 2512 &
948 2478 1023 2510 fideli
1045 2478 1140 2509 nostro
1155 2479 1207 2517 Jo-

137 2520 223 2550 hanni
241 2518 378 2557 Wogen,
392 2517 549 2557 Justiciario
560 2517 656 2548 nostro
674 2503 837 2558 I-iiberniae,

112 2589 118 2596 ⁸
173 2555 327 2588 Trac'tandi
339 2557 372 2588 δί
391 2556 579 2587 conveniendi
597 2567 666 2588 cum
682 2556 787 2587 dilecto
804 2558 837 2588 ὃς
855 2555 929 2587 fideli
945 2554 1040 2587 nostro
1046 2554 1209 2595 ,Richardo

138 2595 257 2627 Comite
274 2595 422 2632 Ultoniae,
437 2595 612 2632 magnatibus
627 2619 636 2634 ,
661 2595 694 2626 &
719 2595 775 2626 aliis
793 2595 829 2626 de
848 2595 919 2626 terra
943 2594 1037 2625 nostr&⁴
1058 2593 1209 2632 praedieta,

142 2634 219 2673 quod
232 2635 343 2665 veniant
357 2633 391 2664 ad
405 2643 470 2672 nOS‚
488 2643 558 2664 cum
575 2635 651 2673 equis
667 2635 700 2665 &
718 2634 813 2665 Armis
822 2657 833 2673 ,
860 2635 889 2664 in
906 2633 1112 2672 expeditionem
1127 2641 1210 2670 guer-

138 2684 177 2705 rae
194 2672 296 2703 nostrae
313 2671 432 2709 Scotiae,
1182 2709 1188 2714 .

177 2710 232 2741 Per
245 2711 343 2741 litteras
366 2709 469 2740 nostras
491 2709 615 2741 Patentes
636 2710 832 2741 commisimus
849 2709 1016 2749 potestatem
1029 2733 1040 2749 ,
1070 2716 1152 2747 prout
1180 2718 1209 2738 in

139 2749 245 2781 eisdem
265 2749 359 2780 litteris
376 2747 474 2779 nostris
492 2749 585 2779 videre
603 2750 725 2787 poteritis
742 2750 903 2788 contineri,
926 2750 960 2780 δι’,
983 2748 1062 2780 idem
1082 2747 1210 2788 Justicia-

138 2789 217 2858 Eius,s
227 2789 275 2832 cui
291 2787 369 2826 super
386 2788 436 2818 hiis
453 2789 609 2826 aperuimus
626 2787 732 2826 plenius
749 2796 874 2820 mentem
891 2787 1036 2826 nostram,
1046 2786 1140 2817 dicere
1156 2795 1210 2817 vo-

161 2837 183 2858 is
212 2834 281 2857 cret-

178 2864 240 2896 Vos
256 2849 408 2896 a’ffee‘tuose
424 2865 588 2903 requirimus
605 2865 639 2896 ὃς
655 2875 803 2904 rogamus,
825 2866 949 2904 quatinus
966 2864 1000 2895 ad
1018 2863 1157 2903 praemiffa
1170 2861 1211 2906 fa-

139 2903 258 2941 cienda,
271 2905 325 2934 uria
343 2913 413 2934 cum
430 2902 544 2941 praefato
559 2903 734 2947 Justiciario,
752 2903 844 2934 modis
861 2904 992 2935 omnibus
1008 2902 1210 2940 intendatis3ii-

140 2943 171 2972 bi
188 2943 217 2972 in
235 2941 379 2979 praemiffis
395 2942 543 2980 omnibus,
554 2943 587 2974 ὃς
601 2943 740 2981 praemissa
754 2943 930 2981 tangentibus
948 2940 1134 2981 quovismodo
1147 2963 1157 2980 ,
1178 2939 1211 2970 fi-

140 2980 210 3011 dem
222 2981 372 3018 plenariam
386 2980 555 3011 adhibentes.

180 3018 233 3057 Et,
249 3027 280 3049 ut
297 3028 328 3048 ea
343 3017 464 3049 celerem
481 3018 617 3050 effectum
635 3020 669 3051 &
686 3019 814 3051 debiturn
837 3018 980 3050 sortiantur
999 3042 1009 3058 ‚
1036 3018 1213 3056 interponatis

140 3055 296 3087 ‘efficaciter
309 3065 395 3095 partes
414 3056 531 3097 vestraS,
548 3058 617 3089 sicut
633 3058 669 3089 de
686 3059 767 3090 vobis
789 3058 940 3097 specialiter
964 3057 1132 3088 confidimus
1145 3079 1156 3095 ,
1179 3057 1213 3087 δε

142 3094 272 3126 nostrum
287 3105 321 3126 ac
339 3094 463 3126 vestrum
481 3097 673 3128 commodum
696 3098 730 3129 &
755 3098 893 3128 honorem
906 3120 917 3136 ,
945 3096 1098 3135 Regnique
1127 3094 1213 3125 nostri

142 3133 365 3172 tranquillitatem
379 3133 493 3172 diligitis
510 3134 543 3166 &
561 3136 692 3173 quietem.

179 3209 270 3242 Teste
287 3209 372 3248 Rege
385 3209 458 3249 apud
471 3209 610 3249 Morpath
623 3221 670 3253 23.
688 3212 736 3244 die
757 3213 904 3245 Februarii.

145 3333 175 3361 ἒξ
202 3337 309 3369 Litera
326 3334 370 3369 ad
397 3339 511 3382 Papam
525 3345 580 3381 pro
596 3335 792 3382 Expeditione
809 3350 911 3371 eorum
930 3351 990 3384 quae
1016 3335 1123 3381 restant
1144 3348 1216 3384 pro·

363 3383 535 3417 nuncianda
543 3384 634 3431 sitper
648 3386 774 3432 Negatio
793 3385 994 3433 compromissi.

147 3449 362 3514 SAnfflffimo
373 3451 403 3480 in
416 3449 532 3481 Christo
551 3450 640 3489 Patri,
653 3451 786 3496 Domino
803 3453 834 3485 B.
851 3454 949 3485 divina
965 3454 1155 3507 providentia,
1177 3455 1217 3500 sa-

206 3489 357 3520 crosan&ae
375 3488 534 3528 Romanae,
547 3500 581 3520 ac
612 3490 765 3522 universalis
783 3491 916 3524 Ecclesiae
937 3493 1049 3525 summo
1068 3492 1218 3533 Pontifici,

146 3527 297 3560 Edwardus
305 3550 316 3566 ,
331 3527 456 3566 ejusdem
476 3527 578 3566 gratis,
592 3527 656 3559 Rex
673 3528 803 3569 Angliae,
817 3531 876 3561 &e
890 3531 992 3571 devota
1006 3532 1113 3571 pedum
1127 3532 1218 3564 oscula

147 3568 350 3637 beiggariiiiidini
366 3603 465 3635 vestrae
481 3613 583 3636 notum
594 3604 715 3636 facimus
729 3616 777 3644 per
790 3607 932 3646 praesentes
944 3608 1020 3648 quod
1033 3609 1157 3648 dudum,
1169 3620 1219 3640 an-

149 3652 178 3675 te
191 3645 346 3675 terminum
365 3642 519 3674 festivitatis
538 3643 633 3674 Sand‘d
654 3643 775 3676 Andreae
798 3645 928 3684 Apostoli
945 3648 1077 3686 proximo
1095 3650 1217 3687 praeteri-

150 3691 227 3723 tum,
240 3682 357 3714 dilectos
370 3682 404 3714 &
416 3680 509 3713 fideles
523 3681 649 3721 nostros,

188 3759 346 3791 Walterum
362 3759 568 3799 coventrensem
589 3759 628 3796 ῤ’
653 3759 864 3800 Lichfeldenfi’m
877 3761 1048 3803 Epiftopum:

186 3801 229 3828 Et
247 3798 359 3829 Nobiles
377 3802 469 3837 viros,
484 3798 643 3829 Amadeum
660 3803 788 3829 Comitem
808 3800 967 3832 Sabaudiae:

188 3840 317 3868 ottonem
330 3839 362 3868 de
377 3836 553 3877 Grandtffimo
566 3836 705 3867 Militem:

187 3876 407 3944 EtdtMagislrum
422 3877 575 3907 Gerara'um
589 3876 622 3906 de
637 3878 680 3907 W
679 3884 804 3918 yppeyns,
815 3877 1046 3910 Archidiaconum
1053 3879 1215 3910 Richemun-

250 3925 274 3944 ae
278 3925 289 3952 5

187 3987 238 4020 Ad
252 3990 348 4022 vestrae
365 3991 520 4024 Sanfflmns
541 3990 710 4030 praesentiam
729 3992 904 4030 providimus
920 3993 1107 4026 destinandos:

189 4027 274 4067 Qios
291 4030 388 4070 simul,
405 4032 451 4063 vel
466 4031 559 4062 saltem
577 4040 629 4061 tres
645 4041 679 4061 ex
697 4030 735 4061 eis
749 4055 758 4069 ,
781 4031 815 4062 ad
833 4032 1000 4064 audiendum
1017 4034 1213 4072 complemen-

151 4071 233 4106 tum,
250 4066 452 4104 perfeetionem
465 4093 475 4109 ,
499 4080 532 4101 ac
555 4070 670 4100 totalem
689 4069 959 4102 consummationem
977 4073 1212 4110 pronunciationis

150 4105 184 4136 &
200 4103 401 4139 reformationis
419 4110 512 4147 pacis,
528 4110 559 4140 in
575 4109 691 4149 negotio
708 4108 901 4147 compromissi
915 4132 926 4148 ‚
950 4119 999 4149 per
1023 4109 1210 4150 magnificum

2231 235 2248 263 1
2260 236 2284 275 5

1220 299 1385 339 Principem
1404 301 1517 339 Regem
1535 303 1657 334 Franciae
1675 304 1707 334 &
1725 314 1775 334 nos
1792 303 1820 333 in
1836 313 1886 335 vos
1902 303 1969 335 faeti
1983 327 1993 343 ‚
2015 305 2090 344 juxta
2107 306 2231 338 formam
2249 309 2281 339 ὃς
2303 321 2368 352 An„
2390 319 2433 352 Dv

1221 341 1424 407 ῗοηῑρἑίεηῐίαῐη
1442 341 1564 379 ejusdem
1576 364 1587 380 ,
1613 341 1806 373 Procuratores
1829 343 1936 374 nostros
1960 344 1993 375 ὃς
2018 345 2150 376 Nuncios
2167 347 2286 378 fecimus
2326 346 2410 400 130'2·
2423 344 2431 351 ’

1231 387 1299 415 peci-
1320 389 1356 408 es.

1258 415 1294 445 Et
1311 416 1375 446 licet
1392 416 1573 455 supradie‘tos,
1592 417 1741 459 Comitem
1766 419 1798 449 &
1818 418 1959 459 Militem,
1978 423 2025 459 qui
2043 422 2086 460 jus
2106 421 2230 453 nostrum
2253 424 2286 454 &

1223 453 1322 484 statum
1338 458 1443 492 negotii
1461 467 1511 494 pro
1530 465 1604 494 parte
1626 455 1716 486 nostra
1739 459 1877 495 praecipue
1890 468 2041 497 noverunt,
2062 461 2095 490 &
2116 460 2180 491 alias
2202 462 2287 491 Nun-

1223 493 1261 522 cii
1279 493 1312 523 ὃς
1331 492 1521 524 Procuratores
1538 494 1623 524 nostri
1638 496 1666 524 in
1679 494 1782 525 eodem
1797 498 1913 534 negotio
1925 498 2223 538 compromiffi,prout
2237 510 2287 531 ve-

1224 529 1275 560 stra
1290 532 1370 561 novit
1383 531 1506 562 sanifflas
1514 556 1523 570 ,
1535 535 1680 563 eXtiterunt
1687 555 1697 570 ,

1261 568 1428 606 Specialibus
1443 571 1534 601 litteris
1548 571 1580 601 &
1602 572 1712 601 nunciis
1723 593 1733 608 ,
1757 581 1824 601 cum
1846 582 1948 610 magna
1968 583 2082 612 precum
2098 574 2241 614 instantia,
2254 576 2290 607 ad

1224 604 1421 675 affmffilidum
1434 608 1557 639 laborem
1578 609 1612 639 ad
1624 608 1742 639 vestram
1757 609 1927 646 praesentanti
1948 613 2100 644 accedendi
2121 615 2292 652 requiliveri-

1226 655 1288 675 mus
1373 654 1448 676 enter

1263 683 1317 721 Ipsi
1334 656 1490 722 tagirieii,‹’2b
1508 684 1681 723 quamplures
1698 684 1785 714 causas
1803 686 1989 724 notabiles,&
2006 689 2145 720 evidentes
2158 691 2292 730 rationes,

1226 720 1253 751 se
1270 723 1299 751 in
1316 722 1369 752 hac
1388 732 1461 760 parte
1478 723 1666 761 multipliciter
1683 722 1856 762 excusarunt,
1874 734 1954 761 prout
1966 727 2026 763 jam
2040 727 2076 757 de
2094 738 2170 759 novo
2185 729 2219 759 ad
2237 739 2289 759 ηο-

1227 759 1316 790 strum
1333 763 1456 797 pervenit
1473 761 1613 805 auditum,
1628 761 1663 791 de
1678 771 1734 799 quo
1749 762 1833 792 taedio
1855 762 1996 793 afficimur
2012 765 2041 793 in
2058 766 2236 797 immensum.

1266 797 1324 841 Ne¹
1334 800 1417 835 igitur
1434 799 1521 830 vestra
1538 799 1622 830 finalis
1646 801 1856 838 pronunciatio,
1873 802 1903 831 in
1921 809 2076 831 memorato
2096 803 2291 842 compromiffi

1229 843 1360 878 negotio,
1379 845 1512 874 quantum
1530 838 1563 868 ad
1581 847 1631 868 nos
1648 839 1757 876 attinet,
1775 847 1885 877 propter
1901 839 2023 877 ipsorum
2039 839 2162 871 Comitis
2182 843 2214 873 ὃ(
2231 843 2292 873 Mi-

1227 873 1281 942 lfitis
1294 874 1442 905 absentiam
1450 900 1459 914 ,
1472 876 1633 914 impediatur
1648 876 1734 914 (quod
1747 877 1829 915 absit)
1846 878 2073 917 quomodolibet,
2081 878 2125 910 vel
2137 881 2221 910 etiam
2238 880 2293 912 dif-

1244 920 1347 950 eratur‚

1232 967 1235 972 ·
1267 950 1423 981 Praelibatos
1451 951 1623 990 Episcopum
1640 952 1674 983 ὃς
1692 951 1864 987 Magistrum
1883 954 2041 985 Gerardum
2055 976 2065 993 ,
2093 955 2127 986 &
2148 963 2295 994 utrumque

1230 998 1346 1027 eorum,
1371 990 1400 1019 in
1428 990 1535 1021 olidum
1553 992 1608 1028 (ita
1628 989 1703 1028 quod
1723 1000 1781 1020 non
1801 991 1831 1020 sit
1853 992 1951 1022 melior
1973 993 2101 1023 conditio
2118 996 2293 1032 occupantis)

1231 1027 1266 1057 ad
1280 1027 1466 1066 audiendum,
1483 1038 1534 1065 pro
1551 1029 1646 1066 nobis,
1666 1029 1699 1059 &
1716 1027 1811 1058 nostro
1828 1031 1960 1067 nomine,
1972 1033 2231 1068 pronunciationem
2245 1043 2295 1063 ve-

1233 1065 1334 1104 stram,
1347 1065 1519 1096 voluntatem
1531 1066 1564 1096 &
1580 1067 1784 1104 beneplacitum
1804 1066 1881 1104 super
1899 1067 1967 1106 hiis,
1985 1080 2048 1107 quae
2065 1071 2134 1100 inter
2150 1071 2296 1108 praefatum

1233 1103 1349 1141 Regem
1367 1104 1490 1134 Franciae
1505 1104 1538 1135 ὃ(
1554 1114 1619 1143 nos,
1631 1115 1679 1142 per
1696 1115 1762 1142 vos,
1780 1106 1879 1135 virtute
1897 1107 2090 1143 compromissi
2104 1109 2295 1148 praediffl,re-

1234 1141 1303 1172 stant
1316 1141 1522 1180 pronuncianda
1530 1165 1540 1180 ,
1556 1142 1600 1173 vel
1613 1144 1698 1172 etiam
1710 1143 1850 1181 facienda,

1271 1180 1392 1211 Nostros
1409 1190 1505 1219 verOS,
1526 1180 1668 1219 speciales,
1684 1181 1717 1211 &
1741 1182 1881 1219 legitimos
1909 1183 2025 1212 nuncios
2044 1182 2162 1215 facimus
2177 1208 2187 1224 ,
2212 1194 2294 1224 atque

1235 1219 1427 1251 constituimus
1441 1218 1647 1258 Procuratores,
1662 1219 1833 1257 praesentium
1846 1230 1894 1258 per
1908 1228 2049 1250 tenorem:

1274 1257 1379 1289 Ratum
1397 1258 1430 1288 &
1448 1256 1561 1289 firmum
1575 1259 1692 1289 habituri
1707 1259 1839 1297 quicquid
1858 1258 1964 1296 iidem,
1977 1258 2128 1297 Episcopus
2148 1261 2181 1291 &
2200 1260 2297 1298 Magi-

1235 1296 1303 1335 ster,
1319 1297 1363 1327 vel
1378 1306 1475 1326 eorum
1488 1297 1570 1336 alter,
1587 1297 1684 1327 nostro
1700 1299 1816 1328 nomine
1833 1297 1992 1329 faciendum
2009 1298 2202 1336 duxerint,vel
2214 1299 2299 1330 duxe-

1236 1336 1271 1366 rit
1284 1336 1313 1364 in
1329 1334 1479 1373 praemissls.

1273 1372 1306 1403 In
1320 1374 1396 1411 cujus
1409 1374 1447 1403 rei
1461 1373 1655 1405 testimonium
1669 1374 1809 1412 praesentes
1825 1374 1941 1413 litteras,
1953 1373 2040 1404 nostri
2054 1374 2133 1413 sigilli
2144 1376 2300 1406 munimine

1235 1412 1388 1450 roboratas,
1396 1412 1556 1443 beatitudini
1569 1412 1667 1444 vestrae
1678 1413 1808 1444 duximus
1819 1413 1984 1450 dirigendas.

2306 401 2417 435 Eiron,

1274 1487 1340 1519 Dat.
1355 1488 1427 1527 apud
1439 1488 1628 1528 Derlington,
1646 1498 1674 1528 5.
1687 1489 1733 1521 die
1745 1489 1860 1528 Martii,
1872 1499 1946 1520 anno
1962 1489 2141 1529 Regni,&c.
2161 1500 2208 1531 30.

1447 1615 1498 1646 De
1522 1612 1623 1647 eodem
1646 1615 1774 1661 IVegotio
1797 1612 1997 1661 compromff.

1238 1696 1447 1753 SAnfflffimo
1465 1698 1495 1728 in
1516 1697 1631 1729 Christo
1652 1698 1724 1729 Patri
1739 1722 1748 1738 ,
1767 1699 1898 1730 Domino
1915 1699 1946 1730 B.
1964 1700 2024 1731 &e
2044 1700 2197 1732 Edwardus
2210 1723 2220 1741 ,
2237 1700 2306 1739 ejus·
2327 1712 2394 1744 Am,
2417 1711 2450 1742 D

1292 1736 1359 1766 dem
1373 1736 1476 1776 gratia,
1494 1736 1556 1767 Rex
1571 1736 1702 1776 Angliae,
1719 1739 1778 1768 ἃς.
1796 1738 1897 1768 devota
1914 1738 2018 1776 pedum
2035 1739 2127 1770 oscula
2149 1740 2305 1770 beatorum.
2350 1736 2435 1791 130'2.
2449 1735 2458 1743 ’

1276 1775 1322 1806 Ad
1336 1775 1522 1814 audiendum,
1539 1785 1590 1813 pro
1604 1775 1684 1805 nobis
1704 1776 1737 1806 &
1755 1775 1851 1806 nostro
1871 1778 1987 1806 nornine
2000 1800 2009 1816 ,
2028 1779 2306 1816 pronunciationem,
2327 1795 2380 1817 An.
2391 1800 2437 1826 30,

1239 1814 1409 1845 voluntatem
1423 1814 1456 1844 ὃ(
1469 1813 1673 1851 beneplacitum
1685 1814 1823 1853 vestrum,
1840 1815 1917 1852 super
1931 1816 2087 1854 hiis,quae,
2103 1817 2173 1846 inter
2188 1816 2306 1853 Magni·
2326 1833 2356 1855 E.
2369 1838 2392 1855 ¹,

1240 1852 1326 1883 ficum
1340 1851 1564 1890 Principem....
1583 1851 1696 1889 Regem
1712 1853 1835 1884 Franciae
1848 1854 1881 1884 ὃς
1894 1863 1960 1892 nos,
1978 1864 2099 1893 pervos,
2117 1856 2215 1885 virtute
2222 1864 2303 1884 com·
2326 1871 2379 1894 Rot.
2397 1864 2459 1893 Ale-

1240 1890 1382 1930 promiffi,
1400 1900 1447 1928 per
1460 1890 1604 1928 praefatuin
1618 1890 1731 1929 Regem
1746 1892 1779 1923 &
1793 1902 1844 1922 nos
1857 1894 1887 1922 in
1901 1895 1952 1923 v'os
1965 1891 2050 1931 fausti,
2068 1892 2168 1923 restant
2182 1903 2305 1930 pronun·
2326 1915 2396 1932 mari.
2415 1914 2458 1940 30,

1240 1929 1338 1961 ciaiida
1353 1929 1396 1960 vel
1411 1930 1494 1959 etiam
1508 1928 1648 1968 facienda,
2325 1942 2461 1971 [Lm-6,

1279 1967 1406 1998 Dileetos
1420 1968 1452 1997 &
1465 1967 1555 1998 fideles
1570 1967 1693 2007 nostros,
1715 1969 1874 1999 Walterum
1896 1967 2116 2000 Coventrensem
2130 1970 2164 2000 &
2182 1969 2306 1999 Lichfel-

1242 2004 1354 2036 densem
1374 2005 1544 2043 Episcopum
1560 2029 1569 2044 ,
1593 2007 1626 2036 &
1645 2006 1816 2044 Magistrum
1834 2006 1992 2038 Gerardum
2012 2007 2047 2038 de
2067 2008 2233 2048 VVyppeyns
2251 2009 2305 2038 Ar-

1243 2043 1443 2075 chidiaconum
1467 2044 1700 2083 Richemundiae,
1717 2046 1750 2076 &
1777 2056 2003 2084 unumquemque
2023 2055 2120 2076 eorum
2140 2048 2169 2076 in
2189 2046 2308 2077 solidum

1245 2083 1293 2120 (ita
1311 2083 1386 2121 quod
1404 2093 1462 2113 non
1480 2083 1510 2114 sit
1529 2084 1626 2114 melior
1644 2084 1772 2114 conditio
1786 2085 1956 2122 occupantis)
1971 2083 2077 2114 nostros
2091 2095 2186 2122 veros,
2203 2085 2305 2122 specia-

1243 2121 1298 2160 les,
1315 2121 1500 2190 &aelsegitimos
1510 2122 1658 2161 Nuncios,
1675 2123 1708 2153 &
1724 2122 1913 2153 Procuratores
1930 2123 2104 2162 facimus,&
2117 2123 2310 2154 constituimus

1266 2170 1293 2190 er
1326 2171 1343 2190 r¹
1374 2168 1463 2190 entes:

1245 2169 1265 2198 p
1285 2170 1392 2229 Rarum
1408 2199 1441 2229 &
1461 2198 1574 2229 firmum
1593 2199 1712 2229 habituri
1727 2199 1861 2238 quicquid
1875 2199 1978 2238 iidem,
1994 2199 2147 2238 Episcopus
2160 2200 2193 2230 &
2208 2199 2309 2230 Archi-

1246 2236 1379 2268 diaconus
1391 2260 1401 2275 ,
1434 2237 1478 2267 vel
1501 2247 1599 2268 eorum
1618 2238 1701 2276 alter,
1718 2238 1814 2268 nostro
1831 2240 1948 2268 nomine
1962 2261 1971 2277 ,
1993 2239 2154 2269 faciendum
2170 2239 2313 2277 duxerint,

1246 2275 1291 2306 vel
1302 2275 1409 2306 dioterit
1426 2276 1455 2305 in
1468 2275 1619 2314 praemissis.

1285 2319 1299 2332 ⁴
1320 2313 1354 2344 Iri
1371 2315 1446 2354 cujus
1459 2315 1498 2345 rei
1511 2313 1702 2345 testimonium
1717 2313 1858 2352 praesentes
1871 2314 1985 2353 litteras,
2002 2313 2087 2345 nostri
2109 2314 2200 2354 Sigilli
2216 2316 2309 2346 muni·
2338 2320 2465 2357 *11.900.'

1239 2353 1323 2383 ‘mine
1340 2353 1494 2392 roboratas,
1511 2353 1673 2384 beatitudini
1688 2352 1786 2384 vestrae
1798 2353 1926 2384 duximus
1940 2354 2107 2391 dirigendas.

1284 2428 1352 2461 Dat.
1369 2428 1441 2468 apud
1459 2428 1639 2469 Derlyngton
1658 2436 1684 2469 5.
1701 2429 1748 2460 die
1765 2428 1863 2460 Martii
1881 2440 1954 2460 anno
1971 2429 2087 2468 Regni,
2103 2430 2164 2461 &c.
2185 2439 2231 2470 30.

1246 2521 1325 2552 Petit
1348 2517 1520 2562 Bonifacius
1537 2520 1621 2563 Papa
1641 2530 1676 2550 ne
1699 2520 1764 2550 Rex
1786 2521 1930 2564 concipiat
1957 2530 2113 2551 rancorem
2129 2529 2232 2551 contra
2249 2518 2310 2565 J0.

1290 2565 1328 2599 de
1347 2568 1495 2609 Lovetot‚
1521 2569 1553 2598 in
1572 2564 1747 2612 inquirendo
1758 2592 1768 2608 ,
1793 2569 1830 2604 ὠ·
1843 2565 2042 2612 profiquendo
2065 2567 2243 2613 Episcopum
2258 2569 2314 2600 Co-

1289 2615 1487 2659 ventriensem
1499 2641 1508 2657 ‚
1534 2616 1571 2652 ά·
1592 2613 1841 2660 Lichfeldenfim.

1245 2675 1447 2738 BOnifacius
1460 2674 1629 2713 Episcopus,
1642 2675 1731 2705 seivus
1745 2675 1887 2706 servorum
1903 2675 1978 2716 Dei,
1997 2676 2137 2708 cariffimo
2155 2679 2185 2708 in
2200 2676 2315 2709 Christo
2337 2690 2403 2724 Am,
2424 2691 2456 2724 D

1315 2714 1374 2745 filio
1384 2714 1421 2745 E.
1429 2713 1506 2752 Regi
1518 2713 1632 2752 Angliae
1645 2713 1874 2753 illustri‚salutem
1886 2713 1920 2746 ὃς
1934 2714 2127 2753 Apostolicam
2142 2715 2318 2748 benedifflo-
2358 2717 2442 2772 1352·
2456 2717 2466 2728 ⁴

1247 2763 1323 2784 nem.

1282 2791 1354 2822 Earn
1369 2792 1491 2829 gerimus
1514 2790 1550 2821 de
1569 2800 1616 2821 ma
1638 2789 1780 2822 nificentia
1800 2790 1846 2822 tua
1862 2790 2010 2831 fiduciam,
2029 2792 2105 2831 quod
2120 2800 2167 2832 tu,
2185 2801 2315 2832 tanquam
2335 2772 2402 2836 ,ἶν’
2416 2780 2450 2836 σι’

1246 2829 1381 2868 Princeps
1393 2828 1556 2860 Catholicus
1569 2829 1603 2860 &
1636 2837 1749 2867 evotuS,
1765 2829 1892 2860 debitum
1914 2830 2016 2861 habens
2028 2831 2061 2862 ad
2078 2842 2143 2870 nos,
2160 2832 2194 2862 &
2212 2832 2314 2863 Sedeiri
2334 2851 2355 2874 13
2377 2819 2411 2875 1'3
2436 2831 2443 2838 ‘

1247 2868 1458 2907 Apostolicam,
1475 2876 1592 2899 matrem
1605 2875 1695 2906 tuam,
1713 2867 1869 2899 devotionis
1882 2866 2033 2908 affectum,
2050 2879 2144 2908 preces
2156 2869 2259 2902 nostras
2272 2880 2314 2901 re·
2334 2870 2374 2912 E}
2382 2868 2440 2913 Au-

1248 2912 1374 2939 verenter
1389 2907 1531 2944 admittas,
1549 2907 1583 2937 &
1597 2904 1692 2936 favore
1706 2906 1838 2937 benivolo
1851 2906 2025 2945 prosequaris.
2334 2931 2359 2951 to
2438 2919 2442 2922 ’

1284 2945 1350 2976 Nos
1363 2947 1440 2976 enim
1452 2944 1507 2975 illas
1517 2954 1552 2974 eo
1565 2943 1749 2974 confidentius
1768 2945 1820 2975 tibi
1838 2946 2001 2984 dirigimus,
2019 2956 2076 2984 quo
2088 2945 2210 2984 regalem
2223 2946 2316 2978 excel-
2356 2934 2398 2961 μ’

1247 2984 1361 3015 lentiam
1383 2981 1570 3014 benivolentia
1611 2982 1779 3021 rosequimur
1791 2983 1927 3021 ampliori.

1284 3022 1403 3053 Dudum
1425 3020 1560 3058 siquidem
1584 2992 1749 3052 gualterum
1770 3020 1988 3052 Coventreniem
2000 3044 2010 3061 ,
2034 3022 2068 3053 &
2091 3022 2314 3054 Lichfeldensem

1250 3061 1437 3099 Episcopum,
1453 3059 1600 3090 occasione
1622 3059 1805 3097 quorumdam
1827 3060 2002 3100 excessuum,
2020 3062 2067 3099 qui
2082 3061 2224 3093 commiffi
2237 3062 2316 3094 dice-

1250 3101 1348 3131 bantur
1369 3099 1404 3129 ab
1417 3108 1469 3137 eo,
1485 3097 1519 3128 ad
1534 3096 1655 3128 nostram
1667 3097 1785 3129 fecimus
1799 3098 1968 3136 praesentiam
1984 3101 2109 3131 evocari:

1286 3138 1322 3169 Et
1340 3137 1538 3176 postmodum,
1556 3146 1604 3173 per
1623 3135 1726 3167 nostras
1740 3139 1807 3167 certi
1821 3139 1921 3168 tenoris
1934 3138 2037 3177 literas,
2055 3137 2213 3170 Venerabili
2232 3139 2315 3169 Fratri

1249 3176 1346 3209 nostro
1477 3173 1697 3213 Archiepiscopo
1717 3173 1920 3215 Cantuariensi,
1936 3176 2043 3215 ejusque
2057 3175 2182 3215 Collegis
2196 3178 2315 3216 injunxi-

1251 3225 1329 3254 mus,
1347 3223 1376 3246 ut
1396 3214 1472 3253 super
1484 3215 1563 3244 certis
1580 3214 1713 3251 articulis,
1732 3223 1799 3252 quos
1813 3214 1916 3245 eisdem
1930 3215 1979 3246 sub
2000 3215 2076 3247 Bulla
2087 3215 2179 3246 nostra
2193 3215 2314 3246 mifimus

1250 3254 1426 3294 interclusos,
1443 3252 1648 3291 inquisitionem
1661 3249 1762 3283 faciant
1779 3262 1874 3283 contra
1888 3263 1968 3284 eum:

1292 3293 1404 3332 Qiibus
1427 3292 1517 3323 adhuc
1538 3300 1586 3328 per
1605 3289 1668 3320 alias
1687 3290 1790 3321 nostras
1803 3292 1994 3323 mandavimus
2007 3292 2119 3330 litteras,
2136 3299 2165 3323 ut
2176 3291 2311 3322 dileetum

1252 3330 1341 3362 filium
1359 3331 1518 3370 Johannem
1540 3329 1576 3359 de
1598 3328 1734 3368 Lovetot,
1753 3328 1894 3370 Militem,
1913 3331 2044 3362 London.
2070 3331 2157 3362 Dioc.
2175 3329 2209 3360 ad
2223 3329 2315 3368 hujus-

1253 3370 1332 3401 modi
1347 3369 1525 3409 inquisitionis
1540 3367 1760 3406 prosecutionem
1775 3368 1927 3401 admittant.

1291 3408 1369 3440 Cum
1384 3417 1489 3445 autem,
1506 3407 1574 3437 licut
1587 3408 1762 3446 accepimus,
1779 3407 1869 3439 dietus
1882 3408 2049 3446 Episcopus,
2067 3406 2212 3437 occasione
2225 3405 2316 3444 hujus*
2357 3407 2361 3415 ¹

1253 3447 1333 3478 modi
1357 3445 1502 3477 Citationis
1525 3446 1557 3476 δε
1576 3444 1776 3484 InquisitioniS,
1794 3457 1858 3484 quas
1879 3447 1954 3477 idem
1970 3445 2054 3475 Miles
2069 3445 2126 3475 fieri
2141 3446 2314 3482 procuravit,

1253 3496 1398 3517 rancorem
1418 3485 1576 3521 concepen't
1597 3493 1693 3515 contra
1714 3484 1803 3523 ipsum
1817 3509 1827 3524 ‚
1849 3494 1930 3523 teque
1949 3484 2145 3514 nichilominus
2165 3484 2313 3521 provocari

1255 3534 1351 3556 contra
1366 3524 1484 3556 eundem
1499 3521 1624 3553 Militem
1637 3523 1801 3561 procurarit:

1288 3564 1368 3602 Nos,
1386 3562 1506 3593 eundem
1528 3560 1654 3592 Militem
1678 3561 1787 3599 paterna
1806 3561 1996 3592 benevolentia
2016 3559 2225 3599 prosequentes:
2243 3559 2313 3590 Nec

1252 3603 1375 3634 volentes
1389 3601 1461 3640 quod
1477 3609 1523 3638 tu,
1539 3600 1686 3632 occasione
1699 3600 1871 3639 hujusmodi,
1889 3599 2103 3630 malivolentiam
2117 3598 2161 3629 vel
2167 3607 2312 3641 rancorem

1253 3642 1351 3672 habeas
1365 3650 1429 3677 erga
1443 3649 1531 3677 eum,
1549 3648 1638 3677 neque
1651 3638 1726 3676 quod
1739 3638 1810 3677 ipse,
1827 3646 1936 3676 propter
1951 3639 1990 3668 tui
2009 3639 2139 3668 timorem
2172 3633 2209 3668 ab
2222 3636 2313 3675 hujus-

1253 3680 1332 3710 modi
1348 3679 1453 3716 negotii
1468 3677 1659 3715 prosecutione
1672 3676 1795 3715 desistat,
1813 3679 1849 3707 ne
1865 3677 1960 3707 veritas
1973 3675 2058 3721 valeat
2071 3685 2126 3706 occ
2156 3677 2219 3720 tari:

1291 3718 1480 3749 Sinceritatem
1499 3724 1575 3746 tuam
1592 3725 1741 3753 rogamus,
1758 3716 1791 3747 ὃς
1809 3716 1947 3746 hortamur
1965 3722 2084 3752 attente,
2101 3722 2226 3752 quatmus
2245 3723 2310 3744 om-

1254 3754 1565 3793 nem‘indigriationem
1580 3775 1587 3786 ‚
1607 3754 1711 3792 siquam
1730 3753 1840 3784 forsitan
1857 3761 1952 3784 contra
1969 3752 2078 3783 dietum
2096 3751 2222 3783 Militem
2242 3761 2313 3782 con-

1253 3794 1365 3834 cepisti,
1382 3794 1538 3832 deponens,
1554 3793 1563 3822 i
1585 3792 1643 3822 sum
1655 3792 1689 3823 ad
1704 3794 1821 3830 gratiam
1838 3800 1930 3829 tuam,
1942 3792 1981 3822 ob
1993 3791 2131 3830 nostram,
2138 3791 2172 3822 &
2185 3789 2313 3834 Apostol.

1252 3833 1330 3864 Sedis
1348 3833 1524 3863 reverentiam
1542 3841 1560 3861 c
1571 3839 1693 3862 ementer
1712 3831 1837 3861 admittas
1857 3841 1863 3860 t
1901 3830 2071 3861 securitatem
2091 3830 2142 3860 sibi
2161 3829 2309 3867 plenariam

1249 3871 1432 3903 concedendo
1449 3869 1643 3900 commorandi
1659 3870 1689 3900 in
1706 3869 1813 3907 Regno
1830 3877 1893 3907 tuo,
1910 3878 1943 3899 ac
1957 3868 2066 3899 dicium
2078 3870 2227 3906 negotium
2242 3867 2311 3897 libe-

1249 3912 1279 3941 re
1292 3908 1488 3949 prosequendi,
1505 3917 1598 3946 preces
1617 3907 1720 3938 nostras
1737 3909 1766 3938 in
1779 3908 1832 3938 hac
1845 3915 1919 3945 parte
1927 3906 2014 3938 taliter
2026 3906 2185 3946 impleturus
2200 3929 2211 3945 ,
2255 3903 2311 3935 uod

1249 3949 1386 3987 Regalem
1404 3946 1602 3978 Celsitudinem
1621 3946 1774 3985 valeamus,
1790 3945 1825 3977 de
1837 3946 1992 3978 devotionis
2005 3945 2189 3984 plenitudine,
2205 3946 2236 3975 in

1250 3990 1331 4019 mino
1343 3987 1446 4018 merito
1460 3985 1697 4017 commmendare.

1280 4043 1346 4077 Dat.
1365 4043 1453 4077 Later.
1473 4041 1551 4075 8.1d.
1568 4041 1655 4081 April.
1673 4039 1854 4074 Pontificatcis
1866 4040 1954 4074 nostri
1966 4051 2042 4075 anno
2054 4040 2168 4073 octavo.

2013 4097 2067 4129 orb
2075 4096 2129 4138 filo
2140 4095 2312 4169 *mabeOZD‘
