2570 4261
254 81 309 129 96

111 161 187 195 Ann.
199 163 240 193 D.
260 164 302 196 (iii
320 161 397 199 cujus
418 169 469 190 ore
487 158 617 197 praefatus
636 156 783 188 Dominus
797 155 861 185 Rex
879 153 1010 198 Angliae,
1030 163 1080 183 me
1091 153 1220 197 Notario
1235 155 1319 199 infra-

140 212 221 239 1292.
258 201 362 237 scripto
378 199 510 236 praesente
531 198 563 227 &
585 197 730 232 audiente,
749 196 782 225 «Sc
798 192 1011 223 venerabilibus
1025 191 1153 222 Pati-ibus
1166 192 1318 228 Dominis,

110 245 176 269 ,EA-v.
202 251 222 268 ¹.

80 2050 95 2067 ⁸
107 2051 209 2086 11550.

255 239 387 277 Jolianiie
403 236 621 272 Archiepiscopo
636 232 808 263 Eboracensi
824 231 934 269 Angiiae
950 230 1089 267 Primate,
1108 231 1240 262 Antonio
1252 231 1318 262 Du-

257 276 391 307 nelmenii
402 298 411 313 ,
429 273 589 303 willielmo
602 272 728 311 Elyensi,
747 269 911 309 Episcopis‚
929 269 1118 312 &nonnullis
1131 269 1187 299 aliis
1200 270 1318 309 praesen—

257 316 332 345 tibus
350 315 382 344 δε
403 312 575 342 audientibus
588 335 598 348 ,
624 309 715 348 posuit
730 309 816 339 verba
834 308 894 345 sua,
914 307 1075 347 Episcopis,
1094 307 1235 345 PraelatiS,
1253 308 1317 338 Co—

257 353 390 389 mitibus,
407 350 573 387 Batonibus,
592 350 624 380 ὃ(
640 349 696 378 aliis
714 347 872 377 Nobilibus
888 345 1060 385 Regnorum
1076 345 1187 385 Angliae
1202 346 1317 377 &Sco-

255 392 302 420 tiae
319 413 329 428 ,
352 389 400 426 qui
420 387 454 417 ad
475 388 565 425 ipsum
587 388 740 426 Regnum,
758 395 792 415 ex
804 383 977 415 succelsione
991 384 1176 423 haereditaria,
1194 385 1316 414 afferunt

253 430 298 466 jus
313 428 361 457 libi
375 434 538 463 competere
551 437 561 464 ·,
586 425 715 456 Necnon
737 425 770 455 ὅ(
789 423 839 454 illis
852 423 889 452 de
902 421 1120 453 Communitate
1133 423 1201 453 dicti
1218 423 1313 461 Regni

256 466 361 496 Scotiae
374 489 382 502 ,
410 466 459 502 qui
478 463 593 495 aderant
606 488 616 503 ,
638 474 671 494 ex
713 462 815 499 nenda)
837 460 977 499 praedictis
996 460 1156 498 Episcopis,
1174 461 1316 499 Praelaris,

253 503 436 539 Comitibus,
455 502 628 542 Baronibus,
647 474 828 544 lvffgnatibus
841 524 850 538 ,
867 499 1104 543 Proceribusx&
1122 499 1178 528 aliis
1193 499 1313 543 Nobili-

254 543 305 572 bus
322 541 524 579 praedictorum
539 542 726 581 Regnorum,
744 549 777 570 ac
791 539 841 569 illis
856 537 891 567 de
906 537 1123 568 Communitate
1139 537 1314 577 RegniSco-

252 582 299 610 tire
323 581 370 618 qui
389 579 532 610 affuerunt
553 590 651 611 coram
670 579 809 618 praedidio
824 577 959 607 Domino
973 576 1056 616 Rege
1070 576 1183 620 Angliae
1197 575 1313 619 illustri,

252 618 415 657 Episcopis,
432 618 572 658 Praelatis,
591 618 774 655 comitibus,
792 616 948 646 Batonibus
963 613 1163 658 Magnaribus,
1181 614 1313 645 Proceri-

249 658 304 687 bus
318 682 327 695 ,
354 656 512 688 Nobilibus
525 681 535 696 ,
559 659 592 689 &
606 657 657 688 alis
671 656 760 686 utrius
777 665 812 685 ue
825 654 922 692 Regni
935 652 1114 683 multitudine
1127 653 1262 692 copiost'i,
1280 663 1312 684 ea

250 706 316 734 quse
330 695 482 734 sequuntur
495 705 530 726 ex
546 704 623 734 parte
634 694 756 734 ejusdem
800 693 891 723 omini
910 692 1016 735 Regis,
1034 691 1150 735 Gallico
1161 692 1309 730 sermone,

249 736 342 765 verbo
355 743 435 765 tenus
451 733 589 773 exposuit,
608 733 804 765 sententialiter
815 732 892 762 hunc
907 739 1082 761 continentia
1094 730 1284 769 intelle&um;

286 810 480 841 Sereniffimus
502 810 638 848 Princeps
658 809 806 841 Dominus
827 809 924 840 noster
947 806 1120 846 Edwardus,
1136 807 1194 839 Dei
1208 808 1308 848 gratia,

246 848 312 879 Rex
327 850 438 889 Angliae
451 849 560 880 illustris
581 849 746 887 (desolatum
760 848 863 879 statum
878 848 975 887 Regni
987 847 1111 884 Scotiae,
1129 848 1162 878 &
1177 857 1210 878 ex
1227 846 1309 876 Prin-

243 888 317 925 cipis
332 888 377 918 seu
392 887 482 926 Regis
494 888 675 918 destitutione
686 888 828 918 turbatum
837 910 847 924 ,
862 888 895 918 &
909 896 969 916 nori
985 885 1066 916 facile
1079 885 1250 916 numeranda
1257 895 1307 923 pe-

246 927 333 957 ricula
348 951 358 964 ,
383 937 447 965 quae
467 926 561 957 eidem
585 927 614 957 R
634 936 692 957 ono
704 951 714 965 ,
740 936 789 964 per
809 925 1012 956 diffenfionum
1036 925 1178 963 turbines,
1193 925 1308 955 turbatis

236 964 428 1004 *Magnatibus
441 990 450 1003 ,
476 967 524 1003 qui
547 965 581 996 ad
603 937 692 1003 ipesiim
714 965 869 1002 Regnum,
885 973 919 993 ex
934 962 1107 994 successione
1122 963 1309 1001 haereditaris,

243 1003 271 1033 se
281 1004 325 1041 jus
340 1004 443 1034 habere
459 1004 655 1044 contendunt,
670 1013 803 1042 poterunt
819 1003 986 1041 provenire,
1002 1001 1191 1039 considerans)
1207 1003 1248 1032 ob
1264 1001 1306 1031 af-

243 1042 402 1073 feeiionem
418 1044 451 1074 ὃς
463 1043 647 1082 desiderium,
666 1042 745 1081 quod
759 1043 896 1080 habebat,
914 1042 947 1072 ὅ(
968 1041 1051 1071 habet
1064 1041 1097 1070 ad
1112 1041 1255 1071 universos
1270 1041 1305 1072 &

243 1080 380 1120 singulos,
400 1092 525 1120 quorum
541 1083 622 1114 tuitio
636 1083 669 1114 &
683 1081 808 1112 defensio
826 1080 931 1118 speetat
951 1079 984 1109 ad
998 1089 1081 1109 eum:
1103 1080 1135 1110 &
1151 1079 1185 1109 ad
1198 1079 1304 1110 facien-

241 1118 312 1150 dum
321 1120 454 1158 justitiam
469 1122 639 1159 unicuique,
658 1122 707 1159 qui
723 1120 757 1150 ad
772 1119 908 1158 Regnum
924 1118 1093 1156 praedictum
1108 1118 1135 1148 se
1150 1119 1188 1148 'us
1201 1118 1304 1148 habere

241 1160 394 1197 proponit,
413 1169 446 1190 ac
461 1160 494 1190 ad
508 1159 696 1190 discordantes
708 1159 817 1189 animos
831 1160 859 1187 iii
876 1156 1004 1196 pacificas
1017 1166 1129 1187 concor
1151 1158 1183 1186 iae
1196 1156 1304 1187 semitas

240 1196 436 1237 reducendos,
455 1200 488 1229 δε
501 1199 530 1228 in
545 1198 616 1229 statu
628 1197 820 1236 tranquilitatis
832 1198 865 1228 δε
880 1197 954 1234 pacis
969 1195 1199 1235 praedie'tiRegni
1212 1206 1304 1234 popu-

242 1235 304 1265 lum
320 1237 561 1274 coiiservandum3

279 1274 385 1312 Nuper
419 1276 534 1306 uosdain
548 1275 723 1314 Episcopos,
740 1272 1177 1312 Praelatos,ComiteS,Barones
1192 1271 1305 1304 &No-

241 1312 312 1343 biles
325 1314 393 1343 dissi
433 1314 608 1354 egiiiScotiae
622 1314 779 1352 requisivit,
788 1315 822 1345 &
836 1323 884 1351 per
898 1312 955 1342 suas
971 1312 1079 1342 Literas
1094 1312 1238 1343 mandavit
1250 1313 1303 1342 eis-

239 1350 326 1390 dem,
345 1360 375 1382 ut
388 1353 418 1382 in
433 1353 574 1390 quindena
589 1353 719 1391 Paschae,
736 1354 867 1390 proxime
882 1351 1066 1390 praeteriti,in
1080 1350 1208 1381 confinio
1224 1350 1270 1381 Re
1288 1369 1302 1374 -

240 1399 346 1419 norum
368 1390 481 1428 Angliae
501 1394 534 1423 ὃς
558 1392 665 1422 Scotiae
684 1393 839 1422 convenire
859 1398 1008 1427 curarent,
1030 1388 1253 1431 adloquendum
1288 1400 1300 1407 ’

240 1428 416 1459 trasiaridum
438 1440 507 1460 cum
529 1431 589 1468 ipso
610 1429 684 1469 apud
702 1430 838 1461 Norbam
851 1453 861 1468 ,
887 1428 1072 1459 Dunelmenli
1093 1428 1210 1459 Diocesi
1224 1452 1233 1467 ,
1254 1428 1300 1466 (ad

237 1477 325 1504 quern
346 1466 444 1498 locum
466 1468 543 1499 idem
559 1469 705 1500 Dominus
727 1469 824 1499 noster
839 1468 921 1505 Rex,
940 1468 969 1497 in
985 1465 1124 1504 praedicto
1138 1469 1261 1498 termino
1274 1468 1302 1498 se

237 1505 405 1574 signififabat
427 1509 592 1546 venturum)
615 1508 696 1546 super
717 1508 854 1546 aliquibus
875 1516 940 1545 quae
961 1506 1075 1538 volebat
1095 1507 1134 1536 eis
1153 1506 1248 1537 dicere
1267 1507 1301 1539 &

236 1547 318 1575 moni
335 1556 392 1575 rare

274 1583 348 1614 Sane
371 1569 451 1616 dieto
474 1584 607 1616 Domino
627 1585 725 1615 nostro
743 1585 826 1624 Rege
840 1583 914 1622 apud
930 1582 1085 1623 Norham,
1099 1584 1176 1621 juxta
1190 1583 1299 1615 vestros

236 1622 363 1653 confines
377 1646 387 1662 ,
410 1625 441 1654 in
458 1624 538 1655 disto
560 1626 683 1655 termino
701 1623 878 1662 personaliter
894 1621 1069 1660 constituto,
1086 1633 1139 1653 vos
1150 1622 1300 1663 Episcopi,

234 1660 363 1700 Praelati,
382 1661 532 1702 Comites,
548 1663 670 1694 Barones
686 1686 696 1701 ,
716 1662 882 1701 Magnates,
900 1660 1052 1698 Proceres,
1071 1662 1104 1692 &
1126 1662 1235 1692 nobiles
1255 1664 1264 1692 i
1287 1677 1302 1685 -

237 1699 289 1729 sius
303 1700 399 1740 Regni
412 1701 520 1732 Scotiae
537 1703 624 1741 (juxta
639 1702 846 1740 requisitionem
862 1701 895 1731 ὅ(
910 1699 1122 1739 assignationem
1137 1700 1219 1730 vobis
1232 1702 1261 1731 in
1283 1711 1299 1731 e

235 1737 384 1776 direstam)
403 1740 438 1770 ad
453 1740 552 1771 locum
566 1740 732 1771 accedentes
744 1739 883 1776 eundem,
903 1738 1076 1769 Petitionem
1093 1749 1161 1770 reco
1203 1740 1296 1770 itionis

232 1776 430 1814 superioritatis
444 1779 478 1810 Sc
489 1779 587 1810 diresii
603 1779 737 1810 Domiiiii
751 1778 841 1817 (quod
853 1777 948 1808 eidem
969 1776 1104 1808 Domino
1118 1788 1158 1808 no
1187 1788 1221 1808 ro
1235 1777 1298 1808 Re-

233 1817 262 1854 gi
273 1817 300 1845 in
314 1816 393 1847 dicso
408 1817 514 1855 Regno
528 1818 635 1849 Scotiae
649 1820 804 1856 competit,
822 1818 856 1848 &
870 1816 950 1846 suum
963 1815 1016 1852 est)
1033 1817 1116 1847 vobis
1129 1817 1240 1847 fastam⁴
1249 1818 1296 1854 (δε

232 1856 262 1884 in
283 1857 361 1893 cujus
382 1856 552 1893 possessione
567 1880 576 1895 ,
601 1856 646 1888 vel
667 1856 741 1894 quali
767 1854 963 1887 Antecessorec
985 1855 1019 1885 &
1040 1854 1241 1894 Progenitores
1256 1855 1295 1886 sui

231 1893 342 1932 Angliae
365 1894 459 1935 Reges
478 1895 595 1926 illustres
607 1920 616 1933 ,
643 1896 658 1925 Ξι
679 1893 845 1933 longissimis
866 1894 1042 1931 temporibus
1057 1895 1218 1932 retroaffls,
1234 1894 1295 1924 fue-

230 1940 312 1971 runt,
331 1933 410 1971 quod
431 1943 479 1972 per
501 1934 649 1964 nonnullas
671 1933 830 1964 manifestas
849 1933 882 1964 &
895 1932 1112 1975 evidentissimas
1126 1934 1246 1963 rationes
1259 1943 1292 1964 ac

229 1980 305 2000 certa
317 1972 366 2001 alia
373 1972 547 2004 documenta
559 1972 729 2004 sufficienter
740 1971 865 2010 apparet)
879 1970 990 2002 audistis
1001 1972 1035 2003 &
1048 1971 1134 2009 pleno
1147 1972 1292 2003 intellestu

228 2009 307 2040 latins
321 2011 498 2049 concepistis.

268 2049 287 2067 *⁸
305 2049 343 2080 Et
364 2049 442 2087 quod
461 2049 571 2081 idcirco
585 2051 730 2089 ipsum,ut
742 2050 912 2088 superiorem
926 2050 959 2080 &
973 2048 1113 2080 directum
1127 2049 1292 2080 Dominum

230 2086 300 2117 dieti
322 2088 418 2127 Regni
439 2088 558 2127 Scotiae,
577 2099 611 2119 ex
633 2088 824 2127 habundanti,
843 2098 930 2118 recon
951 2088 1067 2118 noscere
1088 2089 1236 2127 curarem,
1256 2089 1290 2120 &

228 2126 296 2163 sibi,
314 2135 344 2157 ut
359 2128 492 2164 superiori
506 2128 539 2158 ὅ(
551 2127 664 2158 ἀὶῐεᾶο
678 2127 813 2157 Domino
825 2127 907 2165 ipsius
953 2128 1017 2166 egni
1026 2126 1227 2165 ‚effectualiter
1240 2137 1290 2165 pa-

227 2166 342 2203 reretis,
360 2165 482 2195 adiciens
494 2166 586 2196 dietus
602 2166 749 2196 Dominus
765 2165 860 2195 noster
874 2165 955 2203 Rex,
976 2165 1057 2203 quod
1072 2165 1091 2195 si
1105 2165 1292 2203 aliquahabe=

226 2204 308 2241 retis,
328 2214 392 2241 quae
408 2203 499 2242 ipsum
512 2205 527 2234 ”a
536 2205 599 2243 jure
612 2204 806 2242 superioritatis
818 2204 864 2234 seu
879 2204 979 2234 direffi
988 2204 1122 2234 Dominii
1135 2204 1288 2243 antediffi,

225 2243 259 2273 &
272 2243 307 2272 ab
320 2244 489 2273 executione
503 2243 548 2273 seu
562 2244 699 2274 exercitio
712 2242 782 2274 dieti
792 2243 860 2281 juris
872 2242 985 2280 possent
1004 2242 1166 2273 excludere:
1186 2244 1220 2274 δε
1243 2253 1287 2273 ra-

224 2282 316 2311 tiones
331 2282 364 2312 &
379 2281 552 2311 documenta
566 2282 628 2320 sua,
646 2282 680 2312 &
695 2291 748 2319 pro
761 2281 805 2320 se,
822 2281 965 2319 facientia,
984 2291 1032 2319 per
1047 2281 1182 2311 validiora
1197 2283 1230 2313 &
1244 2281 1286 2311 ef-

224 2319 354 2350 ficaciora
373 2320 436 2350 alias
456 2319 612 2358 infirmare,
632 2319 674 2349 illa
693 2328 801 2357 paratus
821 2319 911 2358 foret,
930 2319 999 2350 sicut
1008 2319 1117 2359 justum
1131 2319 1216 2359 esset,
1234 2319 1284 2350 ad-

224 2359 337 2388 mittere
351 2360 385 2389 &
398 2359 492 2389 facere
507 2358 586 2397 quod
597 2358 724 2389 deberet.

261 2396 340 2427 Cum
354 2399 465 2435 itaque,
484 2396 628 2435 praemissis
641 2397 740 2428 auditis
753 2398 787 2429 &
800 2397 909 2435 plenius
923 2397 1071 2428 intellectis
1107 2406 1177 2428 tunc
1199 2396 1284 2428 indu-

223 2437 278 2466 cias
293 2438 420 2473 peteretis
434 2436 468 2466 ad
484 2435 690 2467 consulendum
709 2436 883 2475 Episcopos,
900 2436 1050 2475 Praelatos,
1069 2422 1216 2476 Comites,
1231 2435 1284 2466 Ba-

223 2484 320 2513 rones,
339 2476 372 2506 &
386 2474 528 2514 Nobiles,
547 2474 643 2519 Regni
656 2474 800 2513 praedic‘h:
819 2485 852 2505 ac
867 2477 951 2506 etiam
965 2474 999 2505 ad
1011 2474 1226 2506 deliberandum
1246 2476 1281 2506 &

221 2513 448 2552 respondendum
458 2514 486 2544 su
509 2524 537 2544 er
550 2515 658 2552 petitis3
674 2513 875 2552 concessaeque
886 2514 970 2544 vobis
984 2514 999 2543 a
1016 2514 1132 2552 praefato
1144 2513 1280 2544 Domino

220 2552 321 2582 nostro
337 2552 418 2592 Rege
431 2552 471 2583 fui
498 2561 546 2583 ent
560 2552 701 2590 induciae,
717 2552 959 2591 videlicet,trium
975 2552 1199 2584 ebdomadarum
1208 2563 1280 2591 prae-

220 2592 278 2621 cise
294 2593 327 2622 δε
342 2592 587 2629 peremptorie,&
602 2601 716 2629 pervos
732 2591 850 2622 demum
863 2590 991 2622 admissae
1004 2591 1039 2622 ad
1051 2591 1279 2631 respondendum

218 2630 326 2666 petitis:
346 2631 378 2660 &
393 2629 427 2660 ad
441 2629 632 2661 exhibendum
646 2631 679 2660 ὅ(
694 2629 905 2660 ostendendum
926 2631 1002 2668 siqua
1024 2632 1220 2669 munimenta,
1232 2629 1279 2661 vel

218 2668 335 2706 scripta,
352 2668 397 2698 seu
419 2669 526 2706 quaevis
545 2668 681 2699 haberetis
704 2668 753 2697 alia
769 2668 960 2708 documenta,
979 2679 1043 2707 quae
1065 2669 1155 2707 ipsum
1171 2668 1280 2698 Domi-

219 2716 290 2736 num
310 2706 440 2737 nostrum
463 2707 575 2747 Regem
595 2708 611 2736 a
629 2707 690 2746 jure
711 2707 907 2744 superioritatis
922 2731 932 2745 ,
954 2707 1000 2737 seu
1019 2707 1119 2738 diresti
1139 2707 1278 2737 Dominii

219 2746 317 2813 Regni
336 2746 442 2777 Scotiae
462 2745 610 2784 supradicti
630 2745 742 2784 possent
762 2745 928 2783 excludere,
946 2747 979 2777 &
993 2747 1132 2783 rationes,
1152 2747 1187 2777 &
1199 2747 1278 2784 ju‘ra,

218 2794 252 2815 ac
285 2794 439 2815 ocumenta
455 2784 516 2822 sua,
533 2785 566 2816 ὅ(
583 2794 635 2823 pro
648 2784 675 2815 se
686 2784 815 2814 facientia
825 2785 884 2822 jam
898 2784 1039 2822 proposim
1053 2794 1204 2823 enervare,

256 2822 294 2853 Et
307 2823 394 2853 nichil
408 2825 530 2853 omnino
545 2832 646 2854 contra
658 2823 797 2863 praemissa
830 2833 860 2853 er
873 2822 1029 2860 Episcopos
1038 2846 1047 2862 ,
1056 2823 1277 2862 Praelatos,C0-

219 2863 315 2900 miteS,
335 2861 471 2900 Barones,
489 2861 527 2892 M
563 2871 655 2900 natm,
670 2863 704 2892 &
720 2861 804 2892 Nob'
817 2872 845 2892 es
859 2862 966 2901 praefati
982 2862 1079 2901 Regni
1092 2862 1197 2892 Scotiae
1212 2872 1278 2899 pro-

219 2900 330 2937 posito,
348 2901 493 2938 exhibito,
512 2911 548 2930 ve
571 2900 787 2939 ostenso,quod
803 2902 941 2938 rationes,
958 2901 1035 2939 jura,
1055 2901 1089 2932 &
1103 2900 1276 2931 documenta

220 2940 372 2968 memorati
383 2939 504 2968 Domini
517 2939 603 2969 nostri
618 2939 720 2978 Regis,
739 2939 833 2977 quoad
845 2940 888 2977 jus
909 2939 1105 2977 superioritatis
1123 2940 1157 2970 ὃς
1175 2939 1278 2969 ἀίτεξὶί

220 2976 370 3014 Domiiiii,
389 2979 561 3008 executionis
581 2978 626 3008 seu
648 2978 772 3008 exercitii
791 2978 862 3008 dieti
878 2979 963 3016 juris,
982 2978 1060 3016 quod
1082 2979 1112 3007 in
1134 2977 1275 3015 praedit‘sto

220 3014 326 3053 Regno
339 3014 444 3045 Scotiae
458 3016 508 3045 sibi
521 3017 677 3058 competit,
697 3016 820 3047 infirmet
832 3017 1021 3056 aliquatenus,
1038 3017 1083 3047 vel
1099 3026 1229 3047 enervet:

257 3053 375 3090 Propter
396 3053 474 3091 quod
495 3055 576 3084 vobis
593 3079 602 3093 ,
619 3054 781 3093 EpiscopiS,
801 3055 939 3094 Praelatis,
957 3055 1138 3093 Comitibus,
1158 3054 1277 3086 Baroni-

218 3094 288 3130 bus,
306 3092 504 3131 Magnatibus,
522 3092 706 3131 Proceribus,
725 3095 759 3124 ὃς
774 3093 948 3131 Nobilibus,
965 3104 1051 3132 atque
1065 3094 1277 3126 Communitati

217 3129 316 3167 Regni
336 3130 441 3160 Scotiae
463 3130 619 3169 saepedicti,
638 3133 671 3162 δε
693 3133 846 3170 unicuique
865 3133 900 3162 ‹ie
920 3132 1141 3163 Communitate
1159 3133 1275 3174 eadem,

217 3170 263 3199 hic
279 3168 425 3208 existenti,
443 3169 571 3205 praefatus
588 3169 734 3201 Dominus
747 3171 842 3201 noster
856 3171 921 3201 Rex
934 3181 984 3209 per
999 3182 1052 3202 rios
1070 3171 1135 3201 alias
1155 3172 1277 3203 insinua-

216 3209 276 3245 vit,
294 3207 390 3245 quod,
408 3217 476 3237 cum
496 3217 530 3237 ex
551 3217 628 3247 parte
649 3208 740 3239 vestr&⁴
760 3210 847 3240 nichil
862 3210 942 3240 fuerit
957 3210 1152 3253 propositum,
1171 3211 1279 3241 exhibi-

217 3254 297 3284 tum,
316 3246 360 3276 vel
375 3246 535 3284 ostensum,
554 3247 633 3284 quod
642 3248 704 3285 jus,
721 3249 938 3287 executionem,
955 3252 1000 3279 ieu
1025 3249 1190 3280 exercitium
1206 3250 1276 3288 juris

217 3284 413 3322 superioritatis
425 3284 470 3315 seu
483 3284 583 3315 directi
592 3285 723 3315 Dominii
736 3286 774 3316 sui
789 3287 915 3324 praedicti
928 3288 1030 3319 debeat
1041 3288 1213 3326 aliquatenus
1221 3289 1278 3319 im-

218 3324 328 3361 pedire,
346 3332 393 3354 aut
406 3325 490 3353 etiam
502 3323 651 3354 retardare:

256 3361 426 3392 Intentionis
447 3362 500 3392 suae
523 3361 564 3392 est
583 3364 612 3392 in
632 3364 749 3401 negotio
764 3363 826 3401 ipso
839 3364 994 3404 procedere
1003 3365 1066 3404 jure
1080 3373 1134 3402 pro
1156 3366 1217 3404 rio,
1237 3374 1280 3396 ra-

219 3400 296 3429 tione
316 3400 511 3438 superioritatis
533 3402 566 3431 &
588 3400 685 3431 direffi
706 3401 840 3432 Dorninii
853 3403 893 3433 sui
907 3404 934 3433 in
949 3404 1056 3442 Regno
1069 3413 1127 3441 prae
1149 3404 1225 3442 icto,
1244 3404 1280 3435 ad

221 3439 472 3476 congnoscendum
487 3464 497 3477 ,
521 3439 726 3469 discutiendum
741 3464 750 3477 ,
775 3441 809 3471 &
831 3440 1025 3472 definiendum
1044 3441 1082 3472 de
1104 3442 1167 3479 jure
1186 3442 1279 3480 singu-

221 3474 315 3541 lorudrn
329 3499 338 3514 ‚
369 3478 417 3516 qui
443 3477 478 3508 ad
499 3477 636 3518 Regnum
658 3477 828 3516 praedistum
845 3480 889 3518 jus
912 3480 963 3511 fibi
985 3480 1138 3513 vendicant
1160 3478 1280 3519 quoquo

223 3521 276 3541 mo
295 3523 322 3542 o.

533 3592 645 3631 Unde,
662 3594 732 3624 ciiiri
750 3593 873 3625 Nobiles
891 3594 970 3634 Viri,

264 3662 410 3695 Florentius
423 3672 510 3697 Comes
523 3669 681 3699 Hollandia’
689 3693 698 3709 ,

264 3702 393 3738 Robertus
407 3706 437 3733 de
453 3708 524 3735 Brus
533 3732 541 3743 ,
562 3712 693 3738 Dominus
709 3708 793 3738 Vallis
806 3712 966 3750 Anandiae,

263 3739 405 3777 Johannes
424 3744 453 3772 de
471 3745 635 3784 Hastyngcs,

265 3780 399 3807 Patricius
412 3782 444 3808 de
456 3783 590 3823 Dombar,
610 3790 698 3815 Comes
713 3787 746 3815 de
761 3785 892 3815 Marchia
900 3811 910 3825 ‚

264 3815 429 3846 lVillielmus
448 3820 478 3846 de
495 3823 546 3849 Ros
555 3845 563 3859 ,

266 3853 430 3883 willielmus
445 3857 475 3884 ἅτ’
482 3858 621 3898 Vescyffler
635 3869 735 3891 certum
749 3864 951 3894 Procuratorem
956 3862 1006 3903 ftu
1020 3863 1285 3904 attornatumfitum,

266 3891 397 3921 Robertus
413 3893 443 3921 a'e
459 3894 580 3935 Prnkeny

266 3930 395 3959 Nicolam
405 3931 436 3959 de
452 3929 554 3969 Studes,
569 3921 606 3967 037»
618 3949 685 3966 num-
699 3939 818 3977 demum,

268 3968 411 4006 Johannes
427 3969 459 3999 de
473 3970 605 4010 Balliolo,

713 60 1957 115 CONVENTIONE8,L1TERAE‚

1389 150 1409 197 t(
1420 150 1483 189 Qui
1495 149 1542 180 die
1554 150 1687 182 hesterna
1699 161 1769 182 cum
1782 151 1841 181 aliis
1854 150 1971 189 praesens
1983 159 2045 180 non
2058 149 2167 188 fuerat,
2182 146 2222 181 set
2242 150 2279 182 de
2297 152 2421 187 absentia
2427 153 2502 185 An‘n.
2515 149 2560 187 DJ

1355 188 1402 218 sua
1416 199 1466 228 per
1481 190 1634 226 quemdam
1648 191 1729 220 suum
1746 189 1872 220 Militem
1887 189 2039 226 excusatus)
2056 198 2106 226 per
2119 198 2172 218 nos
2194 189 2231 219 R.
2246 189 2419 224 Bathonien-

2446 203 2530 232 1292.

1355 227 1412 257 sem
1436 228 1469 258 &
1484 227 1661 259 Wellensem
1683 228 1876 268 Episcopum,
1891 237 1924 258 ex
1948 235 2025 266 parte
2038 227 2174 264 praelibati
2189 226 2313 259 Domini
2325 232 2416 263 nostri
2426 233 2493 261 Edv.
2517 242 2541 262 1.

1353 264 1486 309 Edwardi
1502 265 1591 305 Regis
1603 266 1714 335 Aggliae
1728 267 1854 305 illustris,
1865 268 1905 310 ¹&
1920 265 2020 309 deDsuo
2040 265 2149 310 speciali
2171 265 2324 309 mandato,
2341 269 2368 299 se
2388 281 2418 300 a-

1352 312 1436 334 ratim
1456 306 1620 342 interrogari
1651 305 1770 343 uissent‚
1784 307 1819 337 &
1841 305 2002 345 diligentius
2015 308 2155 343 requisiti,
2173 314 2202 334 in
2217 280 2415 343 praesentia&-

1352 342 1535 381 piscoporuni
1548 366 1558 382 ,
1585 343 1771 374 Praelatorum
1786 367 1797 382 ,
1821 343 1975 375 Comitum
1988 368 1998 382 ,
2026 343 2196 386 Baronum,
2224 343 2416 412 Mffnamm⁵

1352 379 1512 411 Procerum
1527 405 1536 420 ‚
1557 383 1591 414 ὅ(
1614 383 1837 413 Communitatis
1849 406 1859 420 ,
1875 382 2016 420 utriusque
2035 381 2131 419 Regni
2151 381 2199 412 hic
2219 391 2254 412 ex
2291 385 2417 423 entium,

1350 427 1404 457 an,
1423 419 1503 459 super
1519 421 1656 457 petitione
1670 421 1733 460 sua,
1750 421 1785 451 ad
1799 420 2011 451 succedendum
2031 422 2060 450 in
2083 420 2219 459 Regnum
2241 420 2349 453 Scotiae
2371 423 2415 454 su-

1348 457 1527 497 pradictum,
1543 458 1648 490 vellent
1665 469 1765 490 coram
1787 468 1948 490 memorato
1969 458 2108 490 Domino
2128 458 2229 489 nostro
2251 459 2334 501 Rege
2348 461 2411 492 An·-

1349 495 1429 538 gliae,
1450 497 1598 536 tamquam
1618 507 1717 528 coram
1734 498 1877 536 superiore
1893 498 1927 529 &
1947 497 2059 528 directo
2081 497 2215 528 Domino
2229 497 2324 539 Regni
2337 500 2411 532 Sco-

1350 542 1414 577 naz,
1433 533 1504 577 stare
1513 535 1590 573 juri?
1608 536 1642 567 &
1656 537 1692 566 ab
1707 547 1760 575 eo,
1779 537 1812 567 &
1827 546 1924 566 coram
1937 546 1974 567 eo
1985 545 2096 574 petere,
2114 535 2300 577 respondere,
2315 539 2349 571 &
2370 549 2412 570 re-

1348 579 1445 610 cipere
1458 577 1538 611 iuper
1552 574 1610 605 hoc
1621 574 1736 613 justitiae
1748 575 2015 613 complementum?

1388 648 1433 680 Ac
1447 649 1555 688 praefati
1661 655 1751 682 Comes
1769 650 1943 690 Hollandiae,

1385 691 1421 717 R.
1440 689 1472 717 de
1488 692 1579 729 Brus,

1383 726 1419 764 J.
1439 727 1470 756 de
1489 727 1655 768 Hastynges,
1713 765 1715 767 ι

1383 767 1521 795 Patricius
1540 771 1629 797 Comei·
1647 768 1680 797 de
1699 765 1850 805 Marchia',

1385 806 1429 833 W.
1445 805 1477 834 de
1495 808 1566 843 Ros,

1384 844 1427 871 W.
1449 843 1481 872 de
1499 842 1591 884 Vesty,
1604 852 1651 882 p'er
1671 847 1877 874 Procuratorem
1887 843 1985 884 si'aum,

1382 880 1514 911 Robertus
1532 883 1564 912 de
1584 883 1728 923 Pynkeny,
1745 881 1784 917 &-

1383 919 1513 950 Nicolaus
1531 922 1563 950 de
1582 921 1688 960 saules,
1706 933 1737 952 ac
1755 933 1826 952 nunc
1843 922 1955 952 tandem

1382 957 1528 996 Johannes
1547 961 1579 990 de
1596 959 1730 999 Balliolo‚

1380 1033 1492 1067 Coram
1514 1037 1634 1074 praefatis
1649 1032 1753 1075 Episco
1773 1038 1811 1076 is,
1829 1036 1969 1074 Praelatis,
1983 1035 2166 1075 Comitibus,
2184 1035 2355 1078 Batonibus,
2372 1039 2425 1072 8ὲί

1342 1073 1399 1118 aliis
1414 1074 1591 1114 Nobilibus,
1608 1086 1641 1107 ac
1657 1076 1718 1107 toti
1731 1046 1953 1119 (ssmmunitate
1967 1075 2118 1119 praediffl,
2137 1076 2170 1107 &
2194 1077 2273 1108 nullo
2294 1087 2407 1110 contra-

1340 1111 1453 1144 dicente
1475 1114 1522 1145 seu
1543 1115 1730 1153 reclamante,
1749 1113 1944 1153 responderint
1964 1113 2081 1144 finaliter
2101 1116 2135 1145 &
2155 1116 2297 1154 expresse,
2315 1126 2366 1154 per
2379 1117 2408 1148 se

1341 1151 1459 1189 quilibet
1472 1153 1616 1191 separatim
1626 1178 1635 1192 ,
1654 1152 1735 1192 quod
1748 1153 1888 1194 prefatum
1904 1152 2071 1183 Dominum
2081 1151 2212 1184 nostrum
2220 1154 2335 1194 Regem
2344 1155 2405 1186 An-

1340 1191 1422 1230 gliae,
1440 1193 1469 1220 in
1483 1192 1656 1230 superiorem
1669 1193 1703 1224 &
1716 1191 1857 1224 directum
1870 1191 2036 1222 Dominum
2049 1191 2147 1229 Regni
2161 1192 2268 1224 Scotiae
2290 1194 2406 1232 publice

1339 1230 1584 1271 recongnoscunt:
1604 1233 1638 1263 &
1658 1233 1754 1270 aperte
1774 1230 1940 1262 concedunt
1962 1229 2032 1260 stare
2048 1231 2105 1268 juri
2127 1240 2228 1262 coram
2248 1241 2286 1261 eo
2299 1256 2309 1270 ,
2327 1232 2407 1271 super

1336 1278 1400 1306 jure
1411 1267 1606 1309 successionis,
1624 1270 1704 1309 quod
1719 1272 1757 1301 eis
1771 1269 1806 1300 ad
1821 1269 1969 1308 praefatuin
1985 1268 2122 1308 Regnum
2136 1269 2243 1300 Scotiae
2265 1273 2406 1311 competit

1337 1317 1458 1345 quoquo
1472 1308 1581 1347 modo,
1598 1310 1633 1341 ὃς
1648 1310 1732 1340 etiam
1743 1309 1778 1340 ad
1793 1308 1964 1347 petendum,
1982 1307 2226 1348 respondendum,
2245 1309 2264 1328 ²¹²
2282 1310 2316 1341 &
2332 1311 2405 1341 reci-

1337 1346 1494 1385 piendum,
1511 1347 1547 1377 ab
1561 1357 1598 1378 co
1611 1349 1646 1379 δε
1661 1357 1761 1379 coram
1774 1358 1829 1385 eo,
1847 1347 1916 1378 sicut
1931 1347 1947 1376 a
1959 1345 2102 1384 superiore
2116 1348 2151 1378 δε
2166 1347 2277 1378 ὥτεξὶο
2298 1347 2407 1380 Domi-

1338 1394 1378 1414 no
1401 1384 1498 1424 Regni
1523 1386 1645 1425 Sconae,
1662 1394 1694 1417 ut
1714 1385 1874 1427 praedicitur
1885 1409 1894 1424 ‚
1913 1385 2164 1423 complementum
2182 1385 2294 1424 justitiae
2308 1388 2338 1417 in
2352 1388 2406 1419 hac

1376 1432 1426 1454 rte.
2396 1450 2401 1454 ,

1339 1433 1451 1494 paI-laec
1465 1465 1580 1502 omnia,
1598 1463 1636 1495 fic
1651 1463 1777 1502 pera&a,
1794 1463 1877 1496 vobis
1890 1463 2025 1494 omnibus
2040 1463 2074 1494 &
2091 1462 2217 1502 singulis,
2230 1462 2267 1494 de
2281 1472 2405 1504 uti-oque

1338 1499 1446 1541 Regno
1467 1502 1514 1533 hic
1538 1502 1737 1541 existentibus,
1755 1512 1790 1533 ex
1807 1511 1886 1541 parte
1905 1501 2025 1540 saepefati
2045 1500 2170 1532 Domini
2191 1502 2296 1542 nostri,
2315 1503 2344 1534 R
2385 1507 2405 1535 's

1338 1539 1466 1579 Angliae,
1483 1541 1530 1572 hic
1541 1541 1701 1586 praesentis,
1718 1551 1787 1587 nora
1798 1542 1934 1586 iacimus,
1946 1541 1984 1585 .&
1999 1541 2028 1570 in
2041 1539 2132 1571 vestra
2145 1539 2291 1586 praesentiri
2311 1514 2406 1611 {iff-

1337 1588 1465 1661 ξῗιῗῖῗὲ,
1471 1578 2195 1662 {⁶1{sssff}2“5031⁰⁶33b”151¹3320?11¹2¹522³s“2d512¹20¹?g‘33¹1
2203 1579 2302 1659 &0221
2318 1591 2404 1651 stffii}

1335 1655 1367 1686 lis
1390 1658 1466 1694 pacis
1486 1658 1519 1688 &
1541 1667 1685 1696 perpetuae
1705 1657 1872 1689 concordiae
1893 1656 2056 1688 commodo
2077 1656 2184 1701 (divinit
2201 1656 2315 1689 favente
2331 1658 2403 1690 Cle-

1335 1695 1460 1732 mentis)
1481 1698 1676 1735 perfruantur,
1697 1706 1758 1728 non
1772 1696 1919 1728 intenderis
1932 1696 2022 1735 aliqua
2035 1695 2115 1735 super
2129 1695 2254 1739 ahquem
2276 1697 2403 1729 indebite

1335 1743 1480 1772 occupare
1496 1745 1501 1764 z
1521 1736 1635 1774 alicujus
1651 1735 1787 1775 justitiam
1807 1734 1945 1774 protelare
1958 1759 1967 1773 ‚
1992 1735 2132 1765 libertates
2153 1733 2334 1775 diminuere,
2352 1745 2401 1768 aut

1335 1774 1419 1803 etiam
1433 1774 1587 1812 impedire,
1605 1775 1645 1805 set
1656 1775 1791 1805 omnibus
1804 1776 1838 1805 &
1850 1774 1976 1813 singulis,
1993 1773 2030 1804 de
2042 1772 2072 1803 R
2129 1782 2149 1803 o
2159 1772 2266 1804 Scotiae
2285 1784 2401 1806 memo-·-

1335 1820 1412 1854 rato,
1432 1812 1502 1843 sicut
1524 1813 1648 1851 superior
1669 1814 1703 1844 ὅ(
1725 1813 1845 1845 direstus
1865 1813 1948 1851 ipiius
1969 1811 2065 1851 Regni
2119 1812 2250 1850 ominus,
2268 1812 2402 1845 exhibere

1332 1850 1443 1887 justitiae
1458 1852 1714 1889 complementum.
2366 1869 2369 1872 >

1370 1888 1565 1921 protestamur
1578 1890 1688 1929 insuper
1702 1900 1737 1922 ex
1751 1899 1828 1929 parte
1839 1890 1962 1928 ejusdem
1970 1889 2094 1920 Domini
2100 1888 2189 1920 nostri
2204 1889 2399 1929 Regis,quod

1332 1926 1398 1959 licet
1410 1930 1450 1966 jus
1465 1929 1660 1967 superioritatis
1673 1930 1706 1961 &
1719 1930 1819 1961 direffi
1834 1929 1969 1961 Dominii
1984 1928 2092 1967 praefati
2105 1927 2201 1968 Regni
2214 1928 2334 1969 Scotiae,
2350 1940 2399 1960 ex-

1332 1968 1429 1998 ecutio
1443 1968 1488 1998 sex
1502 1969 1666 1999 exercitium
1681 1968 1751 1999 diffl
1762 1969 1830 2007 juris
1843 1968 1875 1999 sit
1887 1967 1987 2006 suurn,
2004 1968 2038 1999 &
2052 1967 2157 2005 spectet
2177 1966 2212 1997 ad
2234 1977 2318 2006 eum,
2335 1978 2397 2000 non

1330 2005 1467 2045 intendit,
1483 2016 1599 2045 propter
1620 2008 1694 2045 hoc,
1712 2006 1739 2038 se
1758 2008 1774 2037 a
1794 2008 1853 2045 jure
1873 2006 2069 2044 haereditario,
2089 2004 2170 2044 quod
2188 2005 2238 2036 sibi
2261 2006 2295 2036 ad
2315 2006 2396 2038 idern

1331 2043 1469 2084 Regnum
1493 2048 1633 2084 competit
1648 2071 1658 2084 ,
1677 2045 1770 2085 quoad
1793 2047 1993 2084 proprietatem
2014 2044 2109 2084 Regni
2130 2044 2211 2083 ipsius
2224 2045 2394 2086 excludere,

1331 2085 1459 2120 quamvis
1474 2093 1565 2115 utatur
1576 2086 1641 2123 jure
1655 2085 1852 2123 superioritatis
1867 2084 1901 2116 &
1915 2083 2015 2114 direffi
2030 2083 2216 2122 Dominii,in
2230 2084 2392 2115 exhibendo

1324 2121 1461 2159 justitiam
1483 2125 1590 2154 caeteris
1602 2146 1613 2162 ‚
1634 2124 1679 2162 jus
1698 2123 1912 2154 vendicantibus
1933 2124 1962 2153 in
1984 2122 2088 2161 Regno
2108 2122 2270 2160 praedidto·
2291 2121 2329 2154 set
2346 2124 2392 2161 jus

1326 2159 1422 2199 suurn,
1441 2170 1585 2200 tamquam
1599 2172 1670 2193 unus
1684 2163 1757 2193 inter
1768 2162 1836 2192 alios
1850 2162 1890 2198 ius
1903 2161 1938 2192 ad
1953 2161 2030 2192 idem
2045 2160 2185 2204 Regnum
2199 2146 2392 2200 vendicantes,

1325 2199 1534 2277 Srosequipiggs,
1554 2200 1665 2240 modis,
1684 2202 1718 2232 ὃς
1733 2201 1928 2239 temporibus,
1945 2200 2047 2238 quibus
2060 2199 2096 2229 de
2106 2209 2169 2237 jure
2181 2199 2285 2238 debet,
2304 2201 2391 2232 &vi-

1346 2246 1405 2268 eret
1417 2249 1451 2269 ex
1508 2249 1556 2269 ire.

1363 2276 1429 2307 Hiis
1441 2280 1514 2309 vero
1529 2278 1630 2316 distis,
1647 2279 1681 2310 ὃς
1717 2287 1749 2309 ut
1761 2279 1955 2316 praemittitur,
1973 2287 2024 2316 per
2038 2275 2208 2315 praedinum
2221 2276 2390 2309 Dominum

1324 2314 1540 2359 Bathoniensem
1561 2318 1595 2348 δε
1616 2317 1659 2346 W
1660 2303 1791 2347 eliensem
1811 2316 1985 2355 Episcopum
2009 2316 2160 2354 peroratis,
2178 2317 2307 2356 praefatus
2322 2316 2390 2348 Do-

1324 2364 1417 2385 minus
1440 2355 1501 2385 Rex
1520 2356 1549 2385 in
1569 2355 1711 2393 praesentia
1730 2355 1942 2393 Episcoporum
1956 2378 1966 2394 ,
1984 2354 2173 2385 Praelatorum
2188 2378 2197 2393 ,
2214 2353 2387 2394 Comitum,

1322 2391 1468 2424 Baronum
1504 2393 1679 2433 Nobilium,
1698 2395 1733 2426 &
1747 2394 1931 2432 Popularium
1952 2393 2093 2432 utriusque
2116 2391 2212 2433 Regni
2233 2394 2391 2425 multitudi-

1322 2433 1364 2462 nis
1375 2434 1464 2470 copio
1476 2443 1517 2472 ae,
1535 2433 1642 2463 ibidem
1657 2433 1853 2471 existentium,
1871 2442 1923 2463 ore
1938 2433 2056 2471 proprio
2091 2431 2200 2462 uaedam
2213 2433 2299 2462 verba
2321 2432 2390 2464 dixit

1321 2471 1356 2540 ἓ
1377 2471 1512 2510 protulit,
1528 2471 1660 2503 sermone
1682 2472 1817 2510 Gallico,
1836 2472 1914 2502 hunc
1928 2471 2059 2503 habentia
2080 2471 2267 2502 entential'iter
2279 2471 2388 2502 intelle·

1353 2519 1412 2540 um.

1355 2586 1438 2626 Nos,
1454 2588 1630 2629 Edwardus,
1647 2589 1705 2620 Dei
1728 2589 1829 2630 gratia,
1848 2588 1914 2619 Rex
1934 2587 2046 2626 Angliae
2067 2586 2190 2626 (statum
2206 2586 2303 2628 Regni
2315 2588 2389 2620 Sco-

1315 2626 1362 2656 tiae
1376 2627 1584 2659 considerantes
1597 2629 1748 2667 multiplici
1760 2629 1962 2659 commotione
1975 2627 2135 2664 turbatum,
2152 2626 2203 2664 &‚
2222 2636 2256 2657 ex
2276 2627 2388 2657 Princi-

1316 2665 1358 2702 pis
1371 2664 1417 2695 seu
1432 2665 1520 2706 Regis
1532 2666 1733 2705 destitutione,
1751 2666 1826 2697 varia
1842 2665 2023 2704 perplexitate
2034 2663 2214 2702 depreffum,
2235 2665 2296 2702 ipso
2304 2665 2383 2704 Reg-

1316 2712 1356 2732 no
1375 2703 1544 2735 diversarum
1564 2706 1752 2743 procellarum
1772 2704 1886 2735 turbine
1908 2703 2074 2739 fluctuante)
2094 2703 2136 2732 ob
2150 2701 2335 2733 affectionem
2349 2704 2385 2734 ὃς

1316 2741 1414 2771 zelum
1436 2752 1523 2780 quem
1543 2743 1681 2773 habemus
1697 2743 1733 2773 ad
1748 2742 1891 2773 universos
1904 2742 1938 2771 &
1957 2740 2094 2780 finguios,
2113 2748 2238 2777 quoium
2253 2742 2335 2772 tuitio
2349 2743 2384 2773 δε

1315 2779 1441 2810 defensio
1462 2781 1496 2811 ad
1516 2791 1570 2812 nos
1593 2781 1714 2820 spectat,
1731 2790 1765 2811 ac
1789 2790 1842 2818 pro
1866 2789 1935 2818 pace
1952 2779 1987 2810 &
2001 2778 2097 2817 quiete
2117 2781 2266 2809 communi
2289 2779 2384 2819 Regni

1315 2819 1439 2857 Scotiae,
1457 2820 1491 2849 ad
1514 2828 1604 2858 partes
1622 2820 1682 2850 istas
1698 2843 1708 2859 ,
1732 2819 1834 2850 nostris
1853 2819 1910 2848 aliis
1933 2818 2054 2856 negotiis
2075 2817 2281 2856 praetermisfis,
2300 2819 2384 2850 nullis

1316 2865 1460 2895 parcentes
1472 2859 1616 2889 laboribus
1624 2882 1633 2897 ,
1648 2869 1699 2889 nos
1712 2857 1841 2889 duximus
1854 2855 2072 2888 transferendos:

1354 2895 1492 2935 Cumque
1504 2921 1513 2934 ,
1532 2897 1566 2927 ad
1587 2897 1797 2936 requisitionem
1816 2895 1943 2926 nostram
1957 2918 1968 2934 ,
1982 2904 2036 2925 vos
2049 2917 2058 2933 ‚
2078 2893 2212 2938 Episcopi
2225 2917 2236 2934 ,
2253 2895 2383 2935 Praelati,

1315 2933 1466 2974 Comites,
1480 2935 1615 2975 Barones,
1636 2936 1670 2967 &
1686 2935 1808 2966 Nobiles
1820 2934 1889 2966 diffi
1903 2934 2000 2974 Regni
2013 2933 2119 2964 Scotiae
2132 2933 2206 2972 apud
2226 2933 2261 2964 N
2263 2934 2382 2973 orham,

1315 2973 1348 3003 ad
1362 2983 1431 3011 nos,
1450 2983 1535 3012 prout
1548 2974 1659 3006 dietum
1673 2974 1732 3013 est,
1751 2973 1786 3004 ad
1808 2974 1964 3004 terminum
1982 2973 2113 3003 veneritis
2134 2971 2318 3013 assignatum,
2336 2984 2381 3004 re-

1316 3011 1496 3050 quifitionem
1512 3015 1716 3051 recognitionis
1731 3012 1924 3051 superioritatis
1937 3034 1948 3049 ,
1973 3012 2007 3042 ὃ(
2019 3010 2120 3041 direffi
2133 3010 2282 3050 Dominfi,
2300 3012 2380 3050 quod

1315 3051 1397 3081 nobis
1409 3052 1438 3080 in
1451 3051 1531 3082 dicto
1544 3052 1652 3092 Regno
1665 3052 1773 3083 Scotiae
1786 3052 1926 3089 competit
1960 3051 1994 3081 &
2005 3049 2136 3080 nostrum
2149 3049 2208 3089 est,
2224 3051 2307 3081 vobis
2319 3051 2380 3081 fac-

1315 3098 1387 3120 tam:
1406 3090 1440 3121 &
1461 3091 1490 3120 in
1509 3091 1588 3128 cujus
1606 3089 1790 3129 possessione,
1806 3089 1853 3120 vel
1871 3074 1947 3127 quasi
1958 3113 1968 3127 ,
1991 3089 2076 3119 clarae
2098 3089 2247 3132 memoriae
2260 3112 2275 3132 ³.
2288 3088 2380 3119 Ante-

1314 3128 1435 3159 ceffores
1454 3129 1488 3160 &
1507 3128 1707 3169 Progenitores
1722 3128 1812 3159 nostri
1828 3127 1922 3168 Reges
1937 3127 2052 3165 Angliae
2066 3149 2076 3164 ‚
2093 3127 2109 3156 a
2123 3126 2289 3170 longissimis
2304 3136 2380 3157 tem-

1314 3167 1429 3204 poribus
1444 3167 1587 3198 retroactis
1598 3167 1809 3205 fuerunt(quod
1825 3176 1873 3205 per
1886 3165 2043 3197 manifestas
2057 3166 2091 3196 &
2105 3164 2322 3196 evidentissimas
2338 3175 2381 3196 ra·-

1314 3207 1471 3274 titlilnesst'ac
1482 3215 1562 3274 {erim
1573 3207 1622 3236 alia
1636 3206 1810 3237 documenta
1829 3204 2000 3237 sufficienter
2015 3204 2139 3242 apparet)
2161 3203 2274 3234 audistis
2288 3204 2322 3236 δι’
2335 3205 2379 3235 in-

1314 3253 1342 3275 te
1362 3253 1404 3274 exi
1433 3255 1454 3274 is
1466 3255 1482 3274 a
1542 3255 1644 3275 enum:

1353 3282 1391 3313 Et
1406 3283 1484 3321 quod
1499 3255 1610 3314 igcirco
1622 3293 1676 3314 nos
1684 3307 1693 3321 ,
1711 3291 1742 3314 ut
1757 3283 1930 3322 superiorem
1941 3283 1975 3314 ἃς
1987 3280 2130 3312 directum
2142 3280 2310 3312 Dominum
2317 3282 2381 3312 dic—

1316 3323 1336 3352 ti
1353 3321 1449 3361 Regni
1463 3321 1571 3352 Scoriae
1585 3340 1608 3361 ,‹
1620 3322 1844 3353 recononoscere
1860 3322 1991 3354 curaretis
2007 3330 2014 3350 z
2033 3321 2067 3352 &
2081 3320 2184 3359 nobis,
2201 3328 2233 3351 ut
2244 3320 2386 3358 superiori-

1316 3361 1350 3391 &
1370 3360 1480 3390 direc'to
1498 3360 1579 3398 ipsius
1600 3360 1697 3399 Regni
1709 3347 1880 3400 ζΪΙὶοιτιίῃο,
1904 3360 2058 3402 parareti33
2081 3358 2234 3404 adicientes
2267 3358 2325 3389 uod
2331 3382 2343 3404 .²
2359 3358 2382 3389 fi

1315 3399 1405 3437 aliqua
1419 3399 1573 3437 haberetis,
1591 3409 1656 3438 quae
1668 3410 1721 3430 nos
1733 3400 1749 3430 a
1758 3401 1822 3438 jure
1835 3399 2031 3438 superioritatis
2051 3397 2098 3428 seu
2119 3397 2221 3428 direeh
2277 3406 2380 3440 ominii

1317 3437 1449 3468 antediffl
1466 3447 1472 3467 :
1497 3438 1531 3468 &
1555 3438 1570 3467 a
1588 3440 1652 3477 jure
1666 3462 1676 3476 ,
1700 3448 1733 3469 ac
1753 3439 1790 3468 ab
1810 3438 1978 3469 executione
1991 3460 2002 3476 ,
2019 3436 2065 3467 seu
2079 3437 2218 3467 exercitio
2231 3435 2380 3480 diffijuris

1317 3476 1430 3514 possent
1450 3475 1618 3507 excludere:
1643 3478 1677 3508 &
1695 3479 1817 3508 rationoe
1835 3479 1869 3509 ὅ(
1888 3476 2061 3506 documenta
2072 3483 2162 3513 ,pro
2175 3474 2259 3505 nobis
2271 3475 2306 3506 &
2315 3480 2382 3517 jure

1318 3514 1420 3545 nostro
1441 3514 1568 3546 facientia
1579 3539 1589 3553 ,
1614 3525 1664 3553 per
1683 3516 1818 3546 validiora
1840 3517 1873 3547 δε
1892 3514 2052 3545 efficaciora
2072 3513 2136 3544 alias
2154 3512 2315 3549 infirmare3
2332 3510 2378 3541 illa

1320 3554 1406 3590 parati
1419 3553 1561 3592 forernus,
1577 3554 1646 3584 sicut
1655 3553 1763 3592 justum
1778 3554 1865 3592 esset,
1883 3553 2030 3584 admittere
2041 3574 2053 3591 ,
2077 3552 2111 3584 &
2131 3551 2225 3583 facere
2244 3548 2324 3589 quod
2337 3548 2378 3580 se—

1318 3592 1448 3622 cundum
1463 3591 1564 3622 Deum
1578 3593 1611 3623 &
1622 3593 1756 3630 justitiam
1770 3593 1948 3624 deberemus.
2265 3627 2271 3632 ι
2298 3626 2304 3631 ,

1359 3629 1441 3660 Cum
1461 3631 1555 3668 itaque
1566 3654 1575 3668 ,
1601 3631 1654 3661 hiis
1674 3631 1790 3670 auditis,
1808 3633 1842 3663 δε
1874 3630 1964 3661 lenius
1976 3627 2140 3672 intelleffis,
2157 3634 2284 3667 peteretis
2296 3625 2378 3656 indu-

1319 3669 1394 3705 cias,
1410 3668 1445 3698 ad
1458 3668 1662 3699 consulendum
1675 3670 1847 3709 Episcopos,
1888 3669 2014 3706 raelatos,
2032 3666 2181 3704 Comites,
2197 3664 2379 3708 BamneS,&

1319 3706 1447 3736 Nobiles
1458 3730 1468 3744 ,
1486 3717 1519 3737 ac
1532 3706 1779 3739 Communitatem
1802 3707 1931 3746 praedicti
1952 3706 2048 3744 Regni
2061 3705 2180 3736 Scotiae:
2196 3713 2230 3733 ac
2243 3710 2328 3733 etiarn
2342 3703 2378 3733 ad

1318 3744 1532 3775 deliberandum
1550 3746 1584 3777 &
1605 3747 1831 3785 respondendum
1851 3746 1932 3784 super
1951 3746 2058 3782 petitis;
2075 3744 2125 3780 &2
2142 3748 2226 3784 ΡῩΟῑέῑ
2240 3750 2290 3778 1³⁸¹*
2304 3751 2378 3786 Psjae·

1320 3783 1410 3813 farum
1427 3782 1601 3821 Episcopum
1613 3787 1671 3824 jam
1685 3785 1726 3816 est
1737 3784 1906 3823 distum,ad
1919 3792 1974 3814 tres
1988 3783 2150 3820 septimanas
2163 3779 2321 3817 hujusmodi
2334 3790 2380 3824 iiid

1319 3820 1414 3850 duciae
1428 3821 1511 3852 vobis
1525 3824 1668 3854 concessae
1679 3824 1793 3855 fuiffent
1807 3823 1940 3861 praecise,
1958 3822 1992 3852 &
2011 3829 2061 3857 pei·
2079 3827 2132 3848 vos
2145 3816 2264 3862 demum
2278 3819 2382 3850 admis-

1317 3859 1373 3897 ΕΒ,
1390 3859 1423 3888 ad
1437 3860 1663 3898 respondendum
1699 3862 1825 3900 ropositis
1839 3883 1849 3900 ,
1871 3861 1906 3892 ὃ(
1926 3859 1961 3890 ad
1972 3855 2162 3894 exibendum,
2178 3855 2330 3895 videlicet,
2345 3858 2380 3888 &

1318 3897 1530 3929 ostendendum
1552 3900 1626 3938 liqua
1689 3902 1833 3932 unimenta
1845 3922 1854 3937 ,
1876 3898 1924 3929 vel
1941 3897 2042 3938 scripta
2059 3894 2105 3924 seu
2126 3896 2233 3939 qiiaevis
2246 3895 2384 3939 haberetis

1318 3937 1371 3966 alia
1384 3936 1572 3976 documenta,
1589 3949 1655 3976 quae
1679 3949 1733 3969 nos
1755 3939 1771 3968 'a
1788 3939 1851 3976 jure
1866 3934 2057 3974 superioritatis
2075 3931 2122 3963 seu
2135 3932 2234 3965 diresin
2248 3933 2386 3966 Domina

1320 3976 1471 4007 memorati
1483 3975 1579 4016 Regni
1591 3977 1699 4010 Scotiae
1714 3975 1829 4015 possunt
1842 3973 1993 4012 repellere,
2347 4008 2387 4040 Et

2424 1308 2557 1345 '‘II-55¹·
