2570 4261
0 297 66 330 Ann.
80 286 122 330 D.

9 338 93 367 1228.

0 380 52 404 Heri.
70 386 96 413 3.

0 454 40 480 dn.
61 461 102 481 12.

0 494 23 518 Ἱ.
45 499 69 526 3.

0 527 75 564 Ilaus.

6 575 32 594 2.
46 570 118 602 H.3.

0 612 23 631 n.
37 605 64 632 6.
79 606 105 632 d.

0 1412 72 1445 Ann.
83 1410 123 1442 D.

22 1451 107 1481 1228.

0 1493 45 1518 dn.
66 1500 108 1516 12.

0 1533 28 1556 H.
51 1537 63 1563 3

0 1571 33 1594 Ex
70 1549 119 1601 rig.

0 1800 49 1828 ⁸1.
63 1806 127 1836 305.

1 2248 78 2282 Ann.
89 2250 129 2282 D.

22 2290 106 2321 1228.

0 2333 53 2357 An.
75 2339 116 2358 12.

4 2409 66 2434 fat.
89 2415 131 2432 iz.

0 2447 134 2481 H.3.m.3.

705 189 815 231 ET
897 185 1162 230 ACTA

229 362 348 394 Littera
366 358 506 392 Bohemiae
521 362 612 406 Regi,
636 359 673 392 de
688 361 816 392 Nunciis
829 358 898 392 hinc
913 359 980 392 inde
997 358 1093 403 mtffis.

137 444 301 506 Dilesto
314 445 408 474 amico
421 444 455 474 &
467 443 574 482 speciali
585 444 626 474 G.
640 443 698 475 Dei
714 445 815 482 gratia,
824 443 922 474 illustri
939 444 1015 483 Regi
1029 443 1175 474 Bohemiae
1184 466 1193 480 ,

158 522 163 526 ῃ
206 483 377 551 stI--Idet—nlricus,
398 481 495 512 eadem
507 481 609 522 gratia>
627 483 688 513 &c.
711 477 922 519 salutem,cum
938 482 1051 513 sincerae
1065 479 1195 512 dileetio-

135 531 177 551 nis
189 531 205 551 a
230 532 246 551 e
297 544 303 550 .

176 559 293 589 Litteras
305 557 461 589 dileetionis
474 557 574 589 vestrae
590 559 745 596 recepimus
758 582 768 596 ,
794 559 971 589 continentes
986 558 1080 597 quod,
1099 567 1194 588 rever-

137 596 167 627 so
181 596 216 628 ad
232 607 284 627 vos
299 596 405 626 Nobili
424 598 486 627 viro
501 596 621 627 Comite
636 596 762 627 Arnaldo
782 596 818 626 de
832 596 1015 636 Hogensuag.
1034 598 1067 628 ὃς
1081 607 1117 627 eo
1131 596 1194 626 dili-

157 643 235 665 enter
249 635 344 665 audito
358 636 436 673 super
451 635 502 665 hiis
517 644 580 673 quae
594 635 675 665 vobis
689 645 738 675 per
759 634 849 672 ipsum
866 635 997 665 duximus
1018 635 1175 666 nuncianda
1184 658 1193 672 ‚

134 644 249 703 fidelem
262 673 409 704 Clericum
425 672 550 704 vestrum
559 672 586 710 J.
605 673 723 703 latorem
738 672 934 711 praesentium,
948 673 982 703 ad
997 683 1048 704 nos
1063 673 1194 703 destinas-

134 712 168 741 tis
183 721 251 742 curn
265 720 325 742 tota
336 712 491 742 intentione
505 710 596 741 vestra
609 712 717 748 negotii
732 712 880 742 memorati
892 724 902 750 ς,
929 713 978 744 cui
989 713 1022 743 ὃς
1037 711 1193 752 postulastis

135 749 218 787 super
231 750 334 781 eodem
346 750 463 789 negotio
477 749 563 780 fidem
577 749 710 780 adhiberi.

175 788 307 828 Benignis
320 789 402 828 igitur
416 787 526 818 auribus
542 789 568 817 ei
581 787 806 818 accommodatis
820 811 828 825 ,
848 788 930 818 nobis
943 788 1053 819 asseruit
1068 787 1146 826 quod
1159 786 1193 817 ad

136 826 195 856 hoc
208 826 300 857 solum
313 827 409 865 venit,
428 835 459 857 ut
472 825 566 865 diem,
585 836 672 865 quem
688 826 769 856 nobis
784 826 967 857 constituerat
979 827 1069 857 didius
1083 826 1192 856 Comes

138 864 277 895 Arnaldus
291 864 437 902 veniendi,
455 864 501 894 vel
515 864 646 895 mittendi
661 887 671 903 ,
693 865 722 894 in
737 865 859 895 termino
875 864 936 894 festi
951 864 1193 903 SanCtijohannis

136 902 267 940 Baptistae
281 904 412 941 proximo
427 902 524 941 elapsi,
542 913 591 941 per
605 902 686 941 ipsius
700 902 854 933 adventum
869 902 1034 934 observaret.

176 940 255 972 Cum
270 942 352 972 iffitur
365 940 401 970 de
417 940 569 979 Principali
585 942 703 978 negotio
723 941 872 972 nobiscum
893 942 1057 972 tradiaturus
1072 949 1131 970 non
1145 949 1195 968 ve-

137 981 197 1018 nit,
215 966 362 1018 praessturn
385 979 535 1010 Comitem
549 1003 559 1019 ,
585 979 742 1019 priusquam
763 979 830 1010 alios
853 979 887 1009 ad
906 990 958 1009 nos
980 980 1091 1010 mittatis
1107 976 1196 1020 Nun-

138 1019 215 1056 cios,
234 1018 268 1048 ad
289 1027 339 1048 nos
361 1017 542 1048 transmittere
565 1020 665 1049 curetis
677 1042 687 1056 ‚
705 1017 739 1047 ad
762 1017 963 1056 explanandam
984 1017 1065 1047 nobis
1086 1016 1196 1053 penitus

137 1056 260 1088 vestram
273 1056 353 1094 super
368 1056 512 1094 praemiffo
526 1058 643 1096 negotio
655 1055 842 1088 voluntatem.

173 1132 264 1164 Teste
277 1132 360 1173 Rege
373 1132 446 1172 apud
465 1132 773 1171 Westmonasterium,
791 1141 831 1171 24
848 1131 893 1162 die
902 1131 987 1170 Junii.

174 1210 277 1240 Eodem
292 1211 365 1240 modo
371 1208 500 1250 scribitur
514 1215 543 1240 C.
564 1213 671 1249 Reginae
687 1208 798 1238 Bohem.

211 1332 301 1365 Bulla
321 1335 458 1379 Gregorii
471 1331 507 1364 de
522 1334 598 1377 Rege
616 1333 746 1363 Franciae
766 1329 913 1375 adversics
934 1327 1119 1377 Albigensts.

146 1416 359 1479 GRegorius
372 1416 397 1447 E
419 1416 543 1454 iscopus,
560 1413 652 1445 servus
667 1414 813 1445 servorum
826 1413 1049 1452 Dei,cariffimo
1063 1415 1091 1444 in
1101 1413 1200 1457 Chris-

232 1464 263 1486 to
275 1455 333 1491 filio
346 1427 442 1486 magri
462 1455 538 1494 Regi
559 1453 670 1492 Angliae
690 1453 804 1484 salutem
818 1454 851 1484 ὃς
866 1452 1052 1491 apostolicam
1065 1453 1201 1483 benedic-

143 1503 262 1525 tionem.

181 1532 263 1562 Licet
277 1530 451 1563 carissimum
466 1532 495 1562 in
511 1529 628 1561 Christo
650 1528 740 1560 filium
761 1530 890 1561 nostrum
906 1555 915 1568 ,
934 1529 1070 1572 illustrem
1087 1529 1201 1569 Regem

144 1567 270 1600 Franciae
283 1592 293 1608 ,
318 1580 387 1600 cum
409 1579 498 1601 matre
517 1571 551 1601 &
566 1569 694 1599 fratribus
710 1568 779 1607 suis,
797 1570 846 1600 sub
859 1570 1038 1607 protectione
1051 1569 1127 1599 lusce
1147 1570 1201 1598 eri-

143 1618 206 1639 mus
228 1607 392 1646 apostolicae
410 1608 477 1639 sedis
500 1609 533 1640 &
547 1607 660 1646 nostrii,
678 1617 731 1644 pro
744 1617 780 1637 eo
795 1607 874 1647 quod
889 1607 965 1637 idem
981 1607 1066 1644 Rex,
1084 1608 1131 1637 inc
1153 1618 1202 1637 oa-

142 1655 241 1716 tumsa
257 1655 350 1685 patre,
368 1648 516 1687 negotium
536 1645 602 1677 fidei
622 1646 795 1684 prosequitur
815 1646 943 1678 adversus
957 1646 1105 1677 haereticos
1120 1645 1203 1675 Albi—

165 1695 200 1715 en
211 1695 253 1715 es:

144 1694 163 1725 g
181 1723 309 1754 Noven't
328 1731 422 1756 tamen
443 1723 539 1763 regalis
552 1721 702 1753 sublimitas
715 1732 767 1753 nos
781 1722 938 1761 expressisse
953 1724 982 1753 in
998 1722 1110 1761 litteris,
1127 1721 1203 1767 Regi

143 1761 282 1800 praedicto
296 1761 424 1800 diredfis,
443 1761 522 1801 quod
536 1786 546 1800 ,
564 1761 644 1800 super
666 1761 763 1800 injuria
775 1761 866 1799 illata,
883 1763 930 1792 vel
944 1763 1028 1792 etiarn
1041 1761 1203 1798 inferenda,

144 1801 191 1836 [eu
206 1799 301 1838 quoad
315 1808 379 1839 tua,
394 1800 445 1832 vel
460 1804 476 1818 ⁴*
493 1801 616 1831 aliorum
627 1800 761 1838 jura,s1bi
776 1809 835 1830 non
848 1800 928 1831 liceat
942 1799 1091 1831 extendere
1104 1809 1203 1829 manus

144 1835 219 1876 ssias,
237 1848 286 1876 per
298 1840 507 1877 proteffionem
520 1838 681 1878 hujusmodi
695 1848 762 1869 eum
782 1838 904 1869 nolimus
925 1838 1099 1877 confovere,
1119 1838 1157 1869 set
1171 1838 1205 1868 fi-

145 1877 175 1908 bi
187 1877 230 1917 jus
244 1877 325 1907 suurn
340 1877 542 1909 tantummodo
557 1877 729 1909 conservare.

185 1951 253 1985 Dat.
272 1953 400 1985 Lateran.
419 1955 440 1985 6
454 1954 520 1986 Kal.
534 1953 630 1994 Junii,
649 1953 831 1986 Pontificatus
846 1953 934 1985 nostri
948 1964 1023 1985 anno
1037 1951 1146 1985 Primo.

451 2069 455 2071 ‘
499 2031 625 2062 Plumbeo
640 2030 730 2069 Sigillo
738 2032 871 2071 pendente
883 2044 901 2061 a
907 2031 961 2074 filo
977 2030 1101 2062 canabeo.

360 2155 409 2190 De
427 2157 553 2204 ‘Freugis
570 2159 652 2190 initis
670 2156 738 2189 cuin
754 2158 831 2204 Rege
846 2158 989 2190 Franciae.

217 2241 283 2274 EX
309 2243 460 2281 omnibus,
479 2243 539 2274 &e
559 2242 682 2274 salutern.

247 2281 398 2312 Noveritis
420 2281 497 2320 quod
517 2292 569 2318 nos
591 2292 661 2313 cum
681 2281 835 2313 Lodovico
856 2279 940 2320 Rege
956 2280 1082 2312 Franciae
1095 2280 1208 2320 illustri,

148 2318 182 2349 &
206 2318 256 2350 fuis
275 2319 438 2351 hominibus
459 2321 493 2351 ὃ(
514 2319 646 2358 Imprifiis
659 2345 670 2359 ,
695 2321 822 2360 Treugas
846 2321 978 2350 inivimus
992 2329 1044 2357 pro
1058 2320 1155 2358 nobis,
1173 2321 1207 2351 &

140 2357 250 2388 ‘nostris
273 2357 435 2389 hominibus
448 2382 457 2396 ,
484 2359 518 2389 &
532 2359 659 2396 imprisiis
670 2357 734 2389 tam
750 2369 798 2397 per
810 2369 904 2396 mare,
922 2358 1008 2396 quam
1024 2368 1073 2395 per
1089 2367 1208 2396 terram,

149 2396 185 2425 ab
200 2395 312 2465 {instanti
334 2396 406 2428 festo
429 2398 518 2429 beatae
533 2397 635 2429 Mariae
648 2397 827 2437 Magdalenae
842 2398 872 2427 in
889 2406 995 2427 annum
1007 2395 1148 2427 duraturas
1161 2397 1207 2427 tali

149 2443 200 2464 mo
220 2446 249 2466 o.

223 2473 281 2504 uod
302 2474 322 2504 si
342 2475 371 2504 in
389 2482 485 2514 treuga
506 2472 590 2505 fuerit
610 2475 797 2512 interceptum
811 2498 820 2513 ,
845 2473 881 2504 de
895 2474 1097 2511 interceptione
1111 2484 1209 2504 emen-

150 2509 205 2541 dan
226 2522 240 2541 a
253 2511 290 2542 fic
306 2514 373 2552 erit,
390 2514 497 2544 interce
518 2514 559 2543 tio
576 2512 648 2543 faeta
661 2513 837 2549 nunciabitur
853 2512 1047 2542 Dieiatoribus
1060 2513 1127 2542 hinc
1141 2512 1208 2543 inde

150 2549 310 2581 constitutis
331 2552 393 2588 (qui
412 2552 474 2582 sunt
527 2552 635 2582 enricus
655 2551 692 2581 de
710 2550 888 2582 Trubleville
905 2550 1072 2580 Senescallus
1085 2551 1208 2581 Wasco-

150 2589 222 2626 niae³
241 2589 275 2619 &
287 2588 461 2619 Willielmus
476 2589 585 2620 Gaoler
597 2599 631 2619 ex
645 2597 721 2627 parte
737 2589 845 2620 nostra·
866 2598 900 2618 ex
914 2597 990 2626 parte
1005 2597 1099 2619 autern
1115 2589 1204 2629 Regis

149 2625 275 2656 Francia:
288 2626 418 2658 Thomas
441 2627 476 2657 de
497 2627 623 2658 Blazuno
636 2627 805 2659 Senescallus
828 2613 961 2657 Ristavite
975 2649 985 2665 ,
1010 2628 1043 2658 &
1056 2627 1158 2657 Simon
1172 2627 1208 2658 de

150 2663 286 2701 Cunano)
303 2666 340 2696 ita
372 2665 446 2704 uod,
466 2666 484 2697 si
499 2666 570 2696 infra
583 2665 656 2697 duos
670 2666 793 2704 menses,
809 2665 960 2704 postquam
980 2665 1156 2696 forisfactum
1170 2667 1207 2696 eis

148 2701 275 2742 legitime
296 2713 353 2734 con
382 2705 452 2735 'terit
467 2728 476 2742 ,
499 2712 560 2734 non
581 2704 793 2742 emendaretur,
809 2713 912 2735 excunc
927 2704 989 2742 ille,
1007 2705 1055 2734 cui
1066 2703 1148 2734 fuerit
1162 2705 1208 2734 fo-

149 2742 308 2780 risfactum,
327 2743 432 2780 poterit
445 2752 557 2773 currere
570 2742 650 2780 super
664 2742 892 2780 malefaCtorem,
910 2741 1004 2772 donec
1020 2742 1139 2780 plenarie
1146 2742 1207 2773 fue-

149 2780 185 2811 rit
200 2781 397 2819 emendatum,
416 2781 449 2812 δε
468 2790 535 2819 nos,
553 2780 610 2811 sine
632 2781 785 2812 mesfacere
798 2803 809 2819 ,
832 2781 987 2819 poterimus
998 2781 1096 2818 juvare
1106 2780 1205 2811 homi-

148 2827 217 2848 nem
232 2819 360 2849 nostrum
374 2827 472 2850 contra
487 2819 713 2859 malefactorem,
733 2821 782 2858 qui
796 2818 974 2850 forisfactum
988 2819 1138 2849 emendare
1152 2830 1206 2850 no-

147 2855 245 2895 luerit,
264 2857 358 2888 donec
378 2858 462 2889 fuerit
479 2857 660 2888 emendatum
676 2871 687 2897 3
714 2859 748 2889 &
762 2858 828 2888 Rex
843 2858 967 2888 Franciae
981 2857 1103 2889 similiter
1115 2857 1206 2889 facere

147 2898 266 2932 poterit:
286 2897 318 2928 &
333 2895 479 2927 Dominus
493 2896 680 2928 malefactoris
694 2896 907 2928 malefactorem
927 2897 1077 2927 tenebitur.
1090 2907 1150 2927 non
1159 2898 1204 2936 ju-

146 2943 220 2965 vare.

183 2971 224 3004 Et
238 2972 361 3004 Banaoni
375 2974 404 3003 in
418 2974 468 3005 hiis
484 2976 585 3014 treugis
600 2985 659 3006 non
674 2976 778 3013 poterit
791 2974 942 3006 inforciari.

175 3010 328 3055 'Si-autem
347 3012 438 3055 aliqua
460 3013 612 3044 Fortericia
625 3037 636 3053 ‚
659 3014 705 3045 vel
727 3013 862 3045 Castrum
880 3012 1014 3052 aliquod,
1031 3013 1077 3044 vel
1090 3013 1205 3052 persona

146 3047 259 3088 aliciiJus
273 3048 409 3088 Nobilis,
426 3049 587 3082 durantibus
600 3054 721 3092 treugis,
738 3061 901 3091 caperetur,
920 3052 965 3082 vel
982 3052 1086 3082 furtive
1100 3053 1205 3083 subtra-

148 3086 260 3117 heretur
274 3112 284 3125 ‚
308 3087 402 3118 statim
423 3098 475 3119 nos
487 3114 498 3127 ,
523 3090 569 3120 vel
589 3099 639 3127 per
659 3101 711 3121 nos
723 3115 734 3129 ,
760 3091 806 3122 vel
827 3100 876 3129 per
894 3100 990 3129 gentes
1005 3090 1129 3129 nostras,
1148 3091 1205 3122 fine

147 3125 317 3193 Fesfacere,
333 3125 370 3170 de
383 3126 435 3157 hiis
450 3129 603 3165 poterimus
618 3138 670 3159 nos
678 3129 792 3169 juvare,
811 3131 844 3162 &
858 3129 923 3159 Rex
937 3129 1063 3159 Franciae
1077 3129 1201 3160 similiter

159 3173 239 3194 acere
251 3172 361 3201 poterit.

185 3201 224 3232 Et
235 3202 380 3233 sciendum
396 3204 473 3242 quod
487 3203 581 3243 Hugo
594 3203 630 3235 de
646 3204 815 3245 Lezynnan‚
835 3206 945 3237 Comes
961 3204 1202 3244 Marchiae,tem-

145 3249 218 3278 pore
230 3240 331 3271 harum
344 3249 504 3281 treugarum
513 3266 523 3282 ,
541 3253 590 3281 per
602 3245 700 3274 omnia
715 3245 870 3276 remanebit
885 3246 913 3275 in
927 3243 973 3275 tali
987 3243 1057 3274 statu
1071 3268 1081 3283 ,
1099 3245 1129 3274 in
1165 3255 1203 3275 uo

145 3287 205 3310 erat
227 3278 339 3323 eaDdie,
346 3289 412 3348 gua
431 3280 482 3311 alia
500 3289 595 3321 treuga
614 3291 695 3319 capta
705 3282 757 3313 fuit
772 3283 846 3321 apud
859 3283 1074 3321 Scampasffali
1091 3292 1143 3313 mo
1163 3294 1199 3321 o,

145 3318 227 3355 quod
241 3317 331 3348 dietus
375 3328 456 3362 omes
470 3327 528 3350 non
543 3318 775 3359 implacitabitur,
793 3321 840 3353 vel
852 3319 998 3352 vexabitur
1018 3322 1048 3350 in
1063 3322 1128 3352 foro
1142 3321 1202 3352 Ec-

146 3356 316 3394 clesiastico,
335 3366 388 3387 nec
402 3366 430 3386 in
445 3357 511 3388 foro
525 3357 630 3388 Laicali
643 3357 680 3388 de
693 3368 725 3389 re
737 3358 827 3428 aligicia
829 3384 846 3427 1,

839 3409 849 3428 i

863 3360 898 3391 de
917 3370 972 3398 qua
993 3367 1061 3389 tunc
1077 3359 1146 3390 esset
1159 3367 1201 3390 tc-

146 3403 232 3432 nens,
250 3394 296 3425 vel
315 3393 351 3424 de
372 3405 426 3433 qua
445 3402 514 3425 tunc
534 3396 607 3439 effet—
622 3398 651 3426 in
671 3406 757 3435 pace,

869 3399 963 3436 aliquo
983 3397 1074 3428 modo
1089 3399 1202 3428 interim

146 3441 290 3464 vexaretur
303 3457 312 3471 ,
339 3435 407 3471 quin
427 3441 582 3464 remaneret
599 3444 630 3464 in
652 3434 751 3465 eadem
771 3443 840 3473 pace
854 3460 863 3474 ,
888 3438 921 3467 &c
942 3438 971 3466 in
993 3435 1097 3467 eodem
1113 3435 1202 3475 statu,

146 3470 213 3502 Rex
225 3470 350 3502 Franciae
364 3482 424 3502 non
438 3480 579 3502 teneretur
594 3472 628 3502 ad
643 3481 769 3510 treugam
781 3473 992 3505 observandam.

183 3509 266 3541 Diffi
284 3518 381 3541 autem
402 3509 564 3540 DiCtatores
584 3508 752 3542 tenebuntur
770 3512 863 3542 facere
882 3512 1022 3543 emendari
1043 3520 1144 3543 omnes
1159 3514 1202 3542 in-

145 3550 332 3586 terceptiones
345 3559 361 3579 a
374 3549 455 3579 dicto
467 3547 599 3586 Comite,
617 3547 666 3578 vel
678 3549 714 3578 ab
734 3549 790 3580 aliis
811 3560 845 3581 ex
868 3560 945 3589 parte
967 3551 1081 3589 nostrii,
1099 3551 1155 3581 sive
1168 3556 1202 3581 ex

146 3595 225 3625 parte
237 3586 325 3627 Regis
340 3586 482 3625 Franciae,
499 3589 528 3617 in
541 3586 637 3626 treug&
650 3586 819 3624 praecedenti
835 3612 846 3628 ,
865 3591 899 3621 ὃς
913 3591 943 3620 in
954 3589 1007 3620 hac
1016 3613 1026 3628 ,
1044 3598 1109 3628 quae
1121 3598 1201 3628 capta

145 3625 187 3655 est
220 3626 419 3664 raesentialiter,
436 3625 581 3656 faciendas.

217 3674 250 3694 os
265 3674 360 3695 autem
372 3665 419 3695 has
433 3673 559 3703 treugas,
577 3663 694 3693 fideliter
707 3664 741 3695 ὃς
753 3664 829 3694 bona
848 3665 902 3696 fide
917 3665 1100 3697 observandas
1114 3676 1130 3696 a
1149 3676 1204 3696 no-

144 3701 188 3732 bis
211 3703 245 3733 &
260 3703 377 3741 nostris,
395 3703 601 3740 conceffimus,
619 3703 652 3732 &
664 3702 747 3739 jurari
763 3702 880 3733 fecimus
894 3705 924 3733 in
937 3705 1060 3734 animam
1076 3704 1203 3735 nostram

144 3749 160 3769 a
178 3739 289 3784 'dilectis
307 3742 341 3773 &
360 3741 486 3772 fidelibus
505 3741 605 3772 nostris
628 3740 761 3778 Philippo
782 3739 819 3771 de
833 3740 983 3773 Albiniaco
998 3744 1032 3774 &
1046 3742 1202 3782 Radulpho

145 3777 204 3809 filio
218 3778 357 3811 Nicholai
370 3779 526 3811 Senescallo
540 3778 649 3809 nostro.
876 3792 884 3795 r

142 3852 271 3925 (15ῂίῐὲ
285 3856 392 3895 meipso
407 3856 479 3896 apud
494 3854 624 3887 Cantuar.
645 3856 663 3886 6
677 3855 722 3886 die
729 3854 814 3895 Julii,
832 3864 906 3887 anno
919 3854 1015 3897 Regni
1026 3857 1116 3889 nostri
1129 3857 1202 3888 duo-

179 4108 253 4138 Tom.
273 4109 298 4138 1.
316 4109 349 4139 Ρ.
367 4109 393 4139 1.

1243 183 1707 236 rustica,
2201 200 2278 243 ως

2309 297 2384 327 ΑΠΓΪ,
2395 291 2435 326 D*-

2354 346 2387 357 ‘7⁵'

1232 354 1321 385 Bulla
1338 356 1418 400 quod
1429 360 1497 390 Rex
1522 359 1668 393 admittat
1687 363 1871 397 Nicholaum
1890 364 2150 411 Arclyiepistopum
2172 365 2289 396 Armd‘
2308 337 2420 410 lists-“38-⁸

1513 406 1642 441 chanum
1662 409 1812 444 fflberniae
1831 416 2008 447 primatem.

1234 488 1451 549 GRegorius
1476 489 1655 535 EpiscopuS,
1688 494 1778 526 servus
1808 496 1952 527 servorum
1982 496 2061 535 Dei,
2083 488 2237 527 Cariffi‘mo
2258 490 2288 526 in
2306 490 2357 514 An.
2382 493 2425 515 ¹²·

1315 527 1432 571 Christo
1448 527 1513 573 ‘filio
1529 555 1538 568 ,
1564 531 1641 569 Regi
1663 532 1822 572 Anglorum
1845 534 1939 564 illustri
1953 559 1962 572 ,
1979 536 2093 565 salutem
2106 538 2139 567 Sc
2155 534 2288 573 apostoli·
2307 530 2333 552 H
2337 547 2340 550 ⁴
2362 533 2386 559 3·
2403 563 2408 568 .

1232 573 1295 594 carn
1311 565 1552 598 benedteiionem.
2309 568 2349 607 E?
2362 567 2421 589 ΟΨ

1254 602 1445 647 ,Αηῃαεξηηα
1464 607 1578 637 ecclesii
1598 608 1713 646 pastoris
1732 609 1829 640 solatio
1850 609 1979 639 destituta
1994 634 2003 647 ,
2031 610 2195 648 Capitulum
2217 611 2273 649 ejus
2280 628 2290 648 ,
2304 611 2371 638 gam.

1231 639 1277 685 die
1292 640 1390 673 statuta
1403 666 1412 680 ,
1429 647 1630 676 convenientes
1653 649 1682 677 in
1704 658 1812 685 unum,
1830 648 2020 677 venerabilem
2032 648 2144 678 fratrem
2159 650 2290 679 nostrum

1231 678 1266 708 N
1269 680 1430 723 icholaum,
1450 683 1704 726 Areliiepii‘copum
1725 686 1938 717 Armachaiium
1958 685 2094 716 Yberniae
2114 686 2266 717 Primatem
2279 708 2290 725 ‚

1231 725 1300 747 tunc
1320 718 1445 763 ecclelia:
1464 723 1546 758 ipiius
1569 726 1740 754 canonicum
1754 748 1763 762 ,
1788 726 1882 755 virum
1903 725 2000 762 utique
2022 725 2176 762 providum
2189 725 2221 754 &
2235 724 2290 754 dis-

1232 765 1359 798 cretum,
1377 758 1410 787 &
1432 768 1462 800 iti
1482 763 1678 798 temporalibus
1700 764 1733 794 δε
1748 763 1929 800 spiritualibus
1943 762 2199 800 circumspethum,
2217 763 2245 791 in
2260 773 2290 792 e-

1229 794 1339 830 Juidem
1354 795 1478 839 ecclesia:
1495 798 1767 840 Archiepiscopum,
1785 811 1834 839 per
1850 803 1925 831 viam
1937 799 2134 838 compromissi
2148 825 2158 838 ,
2173 801 2290 831 canoni-

1233 841 1267 860 ce
1280 842 1312 862 ac
1327 834 1508 865 concorditer
1522 837 1671 869 elexerunt.

1270 869 1599 914 Nosque'przesentatam
1620 878 1702 907 nobis
1725 877 1894 907 clemonem
1910 877 2084 915 hujusmodi,
2104 878 2237 914 quoniam
2250 878 2293 914 ip-

1234 907 1290 936 sam
1305 917 1463 951 invenimus
1479 912 1514 942 de
1530 915 1645 950 persona
1684 915 1777 945 donea
1797 917 1934 945 canonice
1956 916 2142 952 celebratam,
2162 915 2291 945 duximus

1233 946 1398 989 aufforitate
1420 949 1574 992 apostolica
1596 963 1653 982 con
1676 953 1821 982 rmandam
1838 978 1847 991 ,
1868 954 1933 992 sibi,
1952 963 2000 990 per
2017 964 2114 983 manus
2129 952 2292 982 venerabilis

1233 983 1321 1014 fratris
1340 984 1427 1014 nostri
1450 987 1580 1030 [episcopi
1601 991 1812 1021 Tusculanensis
1826 1015 1835 1030 ,
1854 994 1873 1010 *²
1892 991 1928 1021 de
1943 992 2076 1022 mandato
2091 990 2208 1029 nostro,
2228 1000 2292 1022 mu—

1234 1030 1302 1051 nere
1315 1022 1531 1065 consecrationis
1546 1028 1682 1064 impenso.

1274 1060 1422 1098 roma
1443 1062 1616 1105 serenitatem
1639 1068 1743 1105 regiam
1764 1075 1912 1105 rogamus,
1931 1077 2082 1097 monemus
2095 1068 2128 1098 &
2143 1067 2290 1097 hortamur

1236 1106 1358 1142 attente,
1377 1107 1504 1144 quatinus
1517 1101 1609 1144 eidem
1630 1103 1854 1142 Archiepisoopo
1869 1129 1878 1142 ,
1902 1105 1947 1135 vel
1961 1107 2134 1142 procuratori
2151 1106 2218 1144 suo,
2236 1106 2294 1143 ejus

1237 1146 1370 1180 nornine,
1389 1139 1489 1175 regalia
1511 1143 1568 1169 line
1587 1141 1752 1172 difficultate
1774 1142 1935 1172 concedens
1949 1166 1959 1180 ,
1983 1152 2048 1172 eum
2062 1144 2094 1172 <Sc
2109 1144 2292 1173 commissam

1238 1175 1287 1204 nbi
1309 1175 1455 1206 ecclesiam
1470 1202 1479 1216 ,
1505 1188 1558 1215 pro
1574 1182 1671 1210 aeterni
1694 1181 1781 1218 Regis
1803 1182 1955 1211 reverentia
1972 1203 1980 1217 ,
2014 1181 2173 1217 pi‘openiius
2194 1182 2293 1211 habeas

1237 1214 1472 1255 commendatos,
1491 1216 1609 1247 reddens
1621 1228 1649 1248 te
1669 1218 1719 1249 sibi
1741 1217 1847 1248 affectu
1873 1219 2064 1256 benevolum,
2082 1219 2114 1248 ὃς
2130 1229 2216 1256 opere
2232 1229 2293 1258 gra-

1237 1252 1355 1295 tiosum,
1373 1254 1411 1283 ita
1432 1254 1510 1291 quod
1526 1256 1625 1286 exinde
1639 1257 1707 1295 tibi,
1724 1268 1739 1287 a
1752 1256 1867 1295 superna
1881 1257 2069 1293 benignitate,
2088 1258 2234 1293 proveniat
2251 1259 2293 1287 vi-

1238 1297 1274 1319 tae
1292 1290 1384 1358 {elicis
1407 1301 1440 1322 ac
1463 1292 1558 1333 longte
1579 1294 1695 1333 spatium
1711 1319 1720 1334 ,
1746 1295 1779 1326 3:
1798 1294 1935 1333 tandem,
1959 1296 2105 1334 perceptio
2127 1304 2295 1332 perennium

1238 1337 1290 1367 gau
1310 1339 1413 1360 iorum.

2313 989 2443 1029 *1.;26'.

1274 1404 1343 1449 Dat.
1361 1406 1435 1445 apud
1448 1408 1548 1439 urbem
1562 1419 1697 1441 veterem.
1719 1419 1732 1450 3
1757 1409 1798 1440 Id.
1816 1409 1900 1448 Juiii,
1919 1409 2102 1441 pontificatus
2117 1407 2205 1439 nostri
2220 1419 2295 1440 anm

1238 1454 1342 1481 pinno.

1397 1523 1518 1561 Sigillum
1531 1524 1667 1566 dilapfiaem.

1476 1652 1525 1682 De
1544 1660 1662 1682 moneta
1674 1649 1820 1695 facienda
1843 1655 1873 1683 in
1891 1654 1936 1685 Va
1952 1655 2046 1686 conia.

1240 1732 1329 1788 RE
1340 1732 1371 1764 X
1397 1732 1528 1765 Henrico
1542 1734 1751 1779 de'Trubevill.
1771 1735 1926 1768 Seneseallo
1940 1736 2121 1776 Wasconiae,
2143 1738 2266 1783 salutem.
2317 1732 2392 1768 Arm.
2406 1732 2445 1769 D³

1260 1808 1264 1812 ι
1297 1810 1301 1815 ¹
1334 1772 1504 1803 Mandarnus
1517 1774 1598 1803 vobis
1613 1774 1690 1811 quod
1704 1783 1850 1805 monetam
1865 1776 1990 1806 nostram
2006 1775 2179 1814 Burdegahae
2192 1777 2298 1808 fierifa-
2344 1777 2426 1806 1228.

1240 1815 1331 1848 ciatis,
1351 1810 1386 1840 de
1400 1812 1460 1849 lege
1474 1813 1506 1842 &
1521 1811 1647 1849 pondere
1659 1813 1817 1843 Turonens.
1836 1814 1909 1851 apud
1926 1811 2030 1845 Villam
2044 1816 2170 1846 nostram
2185 1816 2221 1847 de
2236 1816 2297 1846 Re·
2316 1819 2367 1843 Aa·
2388 1825 2430 1843 12-

1239 1847 1394 1917 gffiaeffirxgel
1417 1850 1512 1880 villam
1533 1850 1660 1881 nostram
1682 1851 1718 1881 de
1741 1851 1842 1891 Lagun
1854 1875 1864 1890 ,
1882 1852 1951 1883 sicut
1972 1855 2060 1892 tnagis
2075 1855 2159 1885 vobis
2175 1855 2298 1886 videritis
2315 1858 2431 1918 131³st

1240 1895 1256 1915 e
1275 1897 1309 1954 in
1322 1911 1417 1964 cujus,
1436 1927 1496 1958 &c.
1515 1928 1561 1957 has
1575 1928 1676 1958 litteras
1690 1926 1797 1958 nostras
1812 1928 1894 1960 vobis
1909 1930 2046 1960 mittimus
2061 1939 2194 1968 patentes.
2314 1903 2348 1958 A?
2373 1940 2396 1966 3-
2412 1914 2448 1957 n),

2317 1978 2345 1996 2.
2363 1980 2387 1996 a.
2409 1978 2436 1996 2.

1279 2002 1369 2034 Teste
1384 2003 1468 2043 Rege
1481 2004 1554 2042 apud
1571 2003 1674 2036 Radin.
1694 2015 1712 2035 2
1725 2005 1771 2036 die
1786 2004 1914 2046 Augusti.

1515 2132 1564 2164 De
1582 2129 1764 2164 conducendo
1783 2134 1890 2178 Regem
1910 2133 2019 2164 Scotiae0

1244 2211 1307 2278 R
1316 2212 1341 2246 E
1351 2213 1390 2263 X
1402 2214 1429 2261 J.
1451 2215 1670 2262 Constabulario
1683 2217 1781 2262 Cestr..
1797 2216 1918 2248 salutem.
2006 2253 2016 2262 Α
2215 2255 2221 2260 ’
2321 2203 2396 2235 Asm-
2407 2204 2447 2235 D*-

1345 2256 1442 2286 §etatis
1464 2256 1559 2300 quod,
1577 2256 1690 2287 instanti
1707 2257 1804 2299 medlg
1813 2253 2037 2298 quadragesima,
2053 2264 2128 2284 anno
2142 2263 2221 2291 regni
2236 2264 2300 2284 nos·
2344 2253 2427 2281 ¹229·

1246 2295 1279 2323 tri
1297 2293 1414 2324 decimo
1437 2302 1520 2325 terno
1535 2320 1544 2333 ,
1570 2297 1672 2325 erimus
1690 2295 1763 2333 apud
1783 2298 1933 2332 laborum,
1952 2303 1981 2323 in
1995 2294 2145 2323 occursum
2159 2293 2255 2323 dilec'ti
2268 2295 2299 2324 ὅ(
2319 2286 2433 2358 ᾗθ·3’3·

1244 2331 1331 2362 fidelis
1345 2332 1433 2362 nostri
1446 2332 1595 2364 Alexandri
1608 2334 1694 2374 Regis
1709 2333 1831 2372 Scotiae,
1849 2334 1885 2364 de
1906 2332 1996 2363 arduis
2018 2333 2139 2369 negotiis
2153 2331 2255 2363 nostris
2268 2333 2301 2363 δε
2321 2360 2408 2395 c'laus'.

1245 2370 1296 2400 suis
1303 2395 1312 2409 ‚
1322 2381 1397 2401 rcum
1411 2381 1446 2401 eo
1460 2372 1567 2405 ibidem
1578 2373 1728 2403 tractaturi.

1281 2408 1335 2447 Et,
1352 2410 1415 2448 quia
1434 2410 1510 2440 idem
1531 2408 1595 2441 Rex
1616 2412 1686 2449 petit
1704 2421 1719 2440 a
1740 2411 1823 2441 nobis
1836 2419 1883 2449 ut,
1902 2408 2044 2442 veniendo
2060 2408 2093 2439 ad
2107 2419 2160 2440 nos
2174 2408 2299 2452 ibidem,
2323 2409 2363 2436 ¹3·
2374 2404 2405 2427 H.
2418 2410 2444 2436 3«-

1244 2447 1349 2478 salvum
1371 2449 1420 2478 fibi
1439 2449 1618 2480 conductum
1640 2450 1812 2487 faceremus,
1831 2449 1913 2480 vobis
1927 2448 2090 2478 mandamus
2106 2453 2240 2486 quatenus
2255 2447 2300 2477 die
2317 2448 2352 2466 W·
2367 2439 2441 2474 17-4-

1244 2486 1390 2516 dominica
1404 2510 1414 2524 ,
1432 2489 1562 2530 proxima
1576 2498 1639 2518 ante
1652 2488 1816 2532 praedit-[tam
1829 2488 1952 2532 mediam
1973 2487 2227 2530 quadragelimam,
2246 2486 2299 2516 fitis

1244 2524 2025 2607 astitistizie·1&35{Qiiffziaizss‘ifflsffissssffii
2039 2525 2145 2594 {5535
2158 2535 2218 2593 &2¹3
2230 2532 2300 2593 252¹}

1245 2612 1291 2640 ni,
1310 2601 1430 2639 Rogero
1444 2601 1570 2632 Bertram
1580 2627 1589 2641 ,
1607 2602 1759 2633 Gileberto
1775 2603 1811 2633 de
1822 2601 2155 2641 Umframwll,Rogero
2169 2600 2205 2632 de
2220 2600 2303 2631 Mer-

1245 2639 1424 2708 ¹³y³dqmb¹<¹j⁵
1439 2640 1515 2670 idem
1529 2641 1737 2680 mandavimus,
1755 2641 1790 2671 ad
1804 2640 1973 2680 proediifitum
1991 2640 2104 2681 Regem
2115 2640 2190 2671 salvo
2201 2639 2236 2670 ad
2249 2648 2302 2669 nos

1246 2688 1302 2708 con
1325 2688 1397 2708 ucen
1420 2701 1425 2707 .

1282 2754 1388 2794 Teste,
1406 2756 1467 2787 &c.
1485 2755 1558 2795 apud
1571 2755 1877 2797 Westmonasterium²
1898 2765 1933 2786 21
1949 2755 1995 2786 die
2005 2751 2138 2794 januarii.

1283 2832 1384 2861 Eodem
1399 2832 1473 2862 modo
1486 2831 1612 2871 firibitur
1620 2835 1775 2873 praedielis,
1789 2833 1860 2876 ficut
1866 2836 2093 2873 prenominatum
2107 2831 2152 2873 est.

1520 2971 1570 3002 De
1588 2968 1740 3001 Condnffu
1754 2980 1808 3016 pro
1828 2972 1903 3016 Rege
1919 2971 2028 3002 Scotiae.

1240 3052 1375 3116 REX
1399 3054 1542 3084 omnibus.
1558 3053 1655 3083 Sciatis
1675 3053 1754 3092 quod
1775 3054 1931 3090 recepimus
1952 3053 1981 3082 in
1995 3053 2102 3084 salvum
2117 3046 2297 3082 conduffitum
2317 3053 2440 3089 Annth

1321 3092 1449 3122 nostrum
1462 3092 1653 3123 Alexandrum
1667 3093 1780 3131 Regem
1796 3090 1901 3121 Scotiae
1938 3092 1972 3122 &
1984 3100 2086 3122 omnes
2099 3090 2160 3120 suos
2173 3101 2244 3128 quos
2258 3090 2298 3120 se·
2343 3106 2426 3135 1229.

1241 3140 1309 3160 cum
1333 3130 1438 3169 ducet,
1463 3132 1491 3161 in
1512 3131 1654 3161 veniendo
1675 3130 1709 3160 ad
1732 3139 1783 3159 nos
1807 3129 1894 3167 usque
1909 3116 2061 3167 ⁷Eborum,
2079 3129 2190 3159 instanti
2205 3129 2297 3158 media
2313 3140 2364 3163 An.
2389 3146 2431 3172 ¹3³

1239 3169 1445 3208 quadragesima
1461 3191 1470 3209 ,
1494 3179 1569 3199 anno
1589 3169 1685 3205 Regni
1705 3167 1792 3198 nostri
1812 3167 1927 3198 decimo
1947 3169 2031 3199 tertio
2047 3192 2057 3206 ,
2075 3166 2110 3197 ad
2123 3167 2298 3205 loquendum
2315 3178 2348 3201 H.
2370 3183 2395 3210 3,

1239 3207 1407 3244 nobiscum,
1424 3209 1458 3238 &
1472 3207 1577 3237 ibidem
1594 3207 1747 3244 morando,
1767 3207 1800 3236 ὃ(
1814 3207 1879 3237 inde
1892 3207 2045 3237 redeundo.
2313 3216 2370 3239 Par.
2396 3217 2438 3249 ¹3·

1277 3245 1315 3276 Et
1335 3245 1499 3276 mandatum
1522 3245 1563 3275 est
1584 3244 1662 3283 quod
1678 3244 1770 3275 eidem
1784 3242 1876 3284 Regi,
1894 3246 1940 3276 vel
1954 3246 2023 3283 suis,
2042 3246 2070 3274 in
2085 3242 2242 3280 veniendo,
2260 3242 2293 3272 &
2312 3255 2346 3277 H.
2368 3259 2392 3287 3,
2410 3257 2447 3279 m,

1238 3284 1346 3314 ibidem
1370 3285 1527 3322 morando,
1546 3285 1579 3314 &
1593 3282 1755 3322 redeundo,
1773 3283 1883 3314 nullum
1897 3284 2031 3314 inferatur
2043 3281 2296 3320 impedimentum,
2319 3297 2361 3316 10,

1239 3322 1392 3360 damnum,
1409 3332 1455 3353 aut
1468 3332 1631 3360 gravamen.

1276 3398 1367 3429 Teste
1383 3398 1465 3441 Rege
1479 3398 1551 3436 apud
1564 3396 1873 3437 Westmonasterium‚
1891 3406 1929 3428 22
1942 3397 1988 3428 die
1996 3397 2129 3436 Januarii.

1442 3525 1491 3558 De
1504 3524 1611 3569 forma
1623 3526 1707 3569 pacis
1722 3535 1789 3555 cum
1807 3525 1937 3555 Francia
1956 3519 2094 3553 ineunda.

1310 3607 1451 3640 Enerabili
1465 3610 1494 3639 in
1509 3607 1627 3639 Christo
1647 3606 1722 3637 Patri
1745 3606 1881 3636 Romano
1904 3604 1962 3636 Dei
1978 3607 2080 3645 gratia,
2097 3601 2189 3637 Titui.
2211 3603 2298 3637 'saneti
2312 3601 2388 3635 Anii.
2403 3599 2443 3635 D¹

1321 3647 1439 3688 AngeH,
1458 3647 1593 3677 Diacono
1611 3645 1752 3687 Cardinali
1766 3669 1775 3682 ,
1801 3646 1834 3675 &
1852 3643 1978 3687 Franciae¹
1993 3644 2121 3688 Legato,
2137 3643 2297 3684 HenricuS,
2334 3653 2417 3680 1229.

1239 3687 1299 3717 &e
1319 3685 1385 3716 Rex
1405 3685 1516 3725 Angliae
1531 3709 1540 3723 ‚
1564 3686 1624 3716 &c.
1642 3683 1758 3715 ialutern
1773 3684 1806 3713 δε
1822 3686 1957 3713 nuceram
1973 3690 2001 3713 in
2016 3683 2150 3714 Domino
2165 3683 2296 3715 dileetio-
2312 3687 2430 3746 genly

1239 3733 1382 3792 ner(ri'rates
1401 3760 1562 3791 paternitati
1580 3758 1682 3804 vestrae
1704 3759 1951 3803 referimussuper
1972 3759 2067 3790 litteris
2085 3760 2183 3791 vestris
2196 3782 2206 3798 ,
2231 3769 2297 3798 quas
2311 3740 2401 3794 Clanis·
2442 3797 2445 3803 1

1242 3810 1330 3869 ἓὲίΡῗέ
1351 3800 1537 3868 ἳῗῌῗιῆῑιὶὶῖξὲ
1557 3796 1696 3867 ἀὲἓῗῖἒῑὲ
1705 3797 2249 3868 ηῗὲῃὲἲὲὼπῧῖᾱῗὲῗῶᾜὲζῦῗίω
2257 3798 2298 3866 ἑῖῗ
2313 3800 2442 3861 ,ἓῖᾕῖἓῖ

1240 3886 1269 3908 te
1282 3849 1389 3914 lvestra,
1407 3884 1457 3906 ore
1472 3859 1555 3905 nobi}
1568 3875 1700 3912 exposuit.
1847 3860 1857 3873 ³
1872 3846 1893 3874 q
2160 3859 2171 3876 '
2237 3846 2255 3874 p
2315 3875 2330 3888 ⁴⁶
2341 3874 2363 3899 1.
2380 3877 2441 3906 327,

1278 3915 1350 3945 Sane
1364 3938 1374 3952 ,
1400 3914 1526 3952 quamvis
1546 3922 1604 3956 per¹
1618 3912 1740 3948 eundem
1755 3937 1765 3950 ,
1793 3911 1906 3950 quando
1931 3911 2012 3943 illurn
2031 3908 2066 3943 'ad
2086 3920 2139 3945 'vos
2159 3913 2298 3956 misimus,

1241 3953 1342 3985 vestrae
1383 3952 1516 3981 aternitati
1537 3949 1765 3995 {ignificaffemus
1786 3950 1925 3988 quandam
1946 3953 2020 3996 pacis
2037 3952 2159 3983 formam
2177 3959 2251 3994 ‘mter
2267 3951 2299 3979 tl-

1240 3991 1355 4022 lustrem
1401 3999 1483 4029 egem
1497 3988 1622 4019 Franciae
1637 3990 1671 4020 &
1684 3997 1737 4020 nos
1750 3989 1903 4019 ineundam
1918 4013 1928 4028 ,
1945 3989 2023 4021 idem
2038 3990 2160 4021 reversus
2175 3997 2204 4018 in
2219 3987 2297 4017 nullo

1241 4040 1292 4060 nos
1304 4027 1423 4059 reddidit
1437 4029 1568 4070 certiores
1583 4038 1619 4057 an
1633 4027 1708 4070 dieta
1722 4027 1816 4058 forma
1829 4038 1845 4058 a
1859 4027 1997 4065 praedisto
2011 4028 2094 4068 Rege
2107 4027 2230 4058 Franciae
2250 4036 2298 4066 apd

1240 4068 1372 4106 probata,
1390 4066 1436 4098 vel
1451 4074 1536 4096 etiam
1549 4075 1586 4097 an
1599 4066 1639 4097 iiii
1654 4066 1722 4097 esset
1737 4065 1828 4134 adigit:
1841 4065 1985 4106 patefacta·
2168 4065 2171 4072 “
2246 4096 2302 4138 Ee,

1683 4149 1689 4173 1
