2570 4261
189 144 245 182 90

41 210 120 246 'Auri
136 214 184 245 D:
229 238 250 254 „
265 214 337 246 Item
346 236 356 251 ,
370 210 530 242 ordinatum
543 207 586 238 est
604 206 681 245 quod
694 204 825 246 praedicti
840 212 894 234 tres
914 200 1061 232 Electores
1073 201 1107 232 &
1120 198 1260 231 Consilia-

62 252 144 290 1264.
190 277 210 293 „
229 256 279 292 rii,
297 254 332 284 de
345 252 444 291 quibus
461 247 491 278 fit
509 246 619 276 mentio
634 246 663 274 iri
684 242 820 284 praedicta
834 241 1013 272 ordinatione
1028 239 1124 270 Lond.
1143 240 1176 270 ὃς
1189 237 1260 280 Cas-

39 295 103 322 ileu.
125 302 151 331 3.
190 315 211 332 „
230 301 336 323 trorum
358 286 498 318 Custodes
510 309 519 323 ,
535 285 569 315 &
588 283 684 314 caeteri
705 282 800 313 ballivi
822 280 948 312 Domini
964 278 1068 318 Regis,
1085 277 1192 317 semper
1208 278 1260 306 lint

288 338 380 359 creme·

190 354 210 370 ῃ
226 331 437 408 ΐῖῗὶεηίςέηω
453 363 524 392 vero
545 359 664 400 pacifice
678 360 810 398 veniant,
831 365 994 394 morentur,
1009 356 1042 387 &
1055 355 1178 385 redeant-

227 431 248 446 „
266 407 303 436 Et
325 406 383 434 tam
405 401 484 431 Laici
499 423 508 438 ,
535 400 566 429 in
588 398 640 429 suis
661 397 877 438 possessionibus
892 419 902 435 ,
919 396 1004 436 quam
1024 393 1148 431 Clerici,
1165 394 1194 422 in
1209 391 1261 421 suis

188 470 210 484 „
229 442 370 476 beneficiis
384 439 501 484 residere
515 438 657 482 volentes:
676 436 857 482 'Mercatores
869 436 970 472 etiarn,
988 433 1080 476 &alii
1092 441 1195 462 omnes
1207 439 1260 468 pro

189 508 208 523 „
227 484 276 513 suis
298 488 416 519 negotiis
434 475 616 518 procurandis
629 499 639 514 ,
664 477 751 507 libere
767 476 881 506 veniant
896 497 906 511 ,
926 474 959 503 ὃς
973 470 1092 512 pacifice
1107 478 1260 501 cornoren-

187 545 207 561 2,
227 530 285 558 tur,
306 520 375 549 dum
398 526 492 547 tamen
547 514 649 554 effice,
666 516 724 546 sine
744 514 840 545 Armis
873 513 906 543 &
928 511 1049 551 suspecta
1062 508 1258 544 multitudine,

187 584 207 599 „
226 560 361 595 veniant,
386 556 419 586 &
441 565 478 595 qu
540 554 631 585 nullus
652 562 753 584 eorum
773 553 807 582 ad
827 537 941 591 afiquod
965 548 1098 579 officium
1120 547 1167 578 vel
1180 545 1261 576 balli-

187 621 206 637 „
225 599 301 627 viam
321 597 351 626 in
366 594 474 633 Regno
495 592 542 624 vel
561 593 684 631 hospitio
706 592 832 623 Domini
853 589 941 629 Regis
960 588 1128 627 aliquatenus
1141 584 1262 615 affuma-

242 645 294 666 ms:

203 660 242 713 ³³„
260 674 356 704 Cartae
376 681 446 702 vero
461 670 619 701 libertatum
640 667 812 707 generalium
826 666 859 697 &
874 664 1003 703 forestae,
1018 661 1154 702 indigenis
1166 662 1182 691 a
1195 659 1262 691 Do-

187 737 208 754 „
229 714 309 743 mino
332 711 413 751 Rege
431 709 542 740 dudum
563 705 707 738 concessae
720 729 730 745 ,
747 707 782 737 &
796 705 903 736 Statura
916 704 995 741 super
1007 702 1204 742 gravaminum
1218 709 1263 729 re-

188 776 207 791 „
223 750 418 782 vocationibus
439 749 475 779 de
494 747 588 778 Turn.
612 745 818 782 vicecomitis,
835 742 915 773 seffls
934 742 1034 772 Curiae
1056 741 1090 771 &
1106 739 1178 778 aliis,
1216 748 1261 768 uae

189 815 208 830 „
227 790 370 821 Dominus
383 788 462 826 Rex,
481 795 559 816 anno
573 785 734 825 praeterito,
751 784 781 813 in
796 781 907 813 sinoulis
927 779 1119 811 Comitatibus
1133 788 1182 819 per
1214 787 1261 807 uas

190 853 209 870 „
225 830 313 860 literas
328 836 453 866 patentes
468 825 571 855 fecerat
585 823 719 864 puplicari
730 845 739 860 ,
757 830 827 853 cum
836 807 1024 851 ‘saudabilibus
1039 818 1058 838 '¹‘
1079 817 1175 857 Regni
1188 826 1260 847 con-

188 892 208 908 „
226 867 413 899 suetudinibus
427 865 460 896 δε
474 863 577 894 diutius
590 857 764 900 approbatis,
781 861 811 890 in
825 867 994 900 perpetuum
1008 856 1208 894 observentur,
1227 855 1261 886 &

188 931 209 947 ,‚
226 906 403 947 provideatur
415 902 531 942 qualiter
545 901 644 932 melius
658 901 692 931 &
706 899 808 930 fortius
820 898 928 928 valeant
942 895 1091 927 observari.

226 970 247 985 „
267 945 338 976 Item
361 942 505 982 provisum
520 940 561 971 est
583 939 661 979 quod
676 938 822 969 Dominus
837 937 919 974 Rex,
936 936 970 967 ὅτ,
984 935 1131 966 Dominus
1144 932 1262 964 Edwar-

191 1008 211 1026 „
231 985 281 1015 dus
296 983 450 1014 Batonibus
462 1003 472 1020 ,
491 980 525 1010 &
543 979 596 1009 hiis
614 979 662 1017 qui
678 987 747 1009 cum
761 977 799 1007 eis
819 975 953 1007 steterunt
966 998 975 1013 ,
991 983 1112 1004 omnem
1129 973 1260 1010 injuriam

191 1047 211 1062 „
231 1025 264 1055 &
277 1030 425 1053 rancorem
440 1020 598 1056 remittant,
616 1019 653 1048 ita
669 1015 746 1055 quod
761 1014 871 1046 nullum
892 1014 1033 1059 ipsorum,
1049 1012 1198 1043 occasione
1211 1020 1261 1040 eo-

192 1085 213 1101 „
232 1071 295 1092 rum
316 1069 381 1098 quae
401 1059 472 1090 faeta
490 1058 554 1088 sunt
576 1057 604 1086 in
623 1056 783 1087 turbatione
802 1061 959 1095 praeterita,
976 1059 1092 1092 gravent
1112 1050 1157 1080 vel
1179 1051 1195 1080 Ta
1209 1049 1262 1079 suis

189 1124 208 1140 „
226 1100 331 1141 gravari
346 1099 521 1140 permittant:
543 1095 581 1126 Et
594 1095 697 1126 faciant
710 1103 811 1124 omnes
825 1091 943 1124 Ballivos
956 1092 1035 1129 suos,
1053 1091 1083 1120 in
1096 1088 1262 1128 assumptio-

189 1163 209 1179 „
228 1149 263 1169 ne
280 1138 400 1169 Balliviae
413 1161 424 1175 ,
440 1137 528 1175 jurare
546 1133 626 1173 quod
649 1133 758 1164 nullum
775 1155 784 1170 ,
807 1131 957 1163 occasione
978 1128 1112 1170 praedieta
1128 1151 1138 1167 ,
1165 1136 1262 1167 grava-

188 1202 209 1217 „
224 1179 313 1216 bunt,
338 1176 375 1207 set
390 1176 525 1206 omnibus
547 1172 688 1212 aequaliter
709 1170 843 1210 justitiam
856 1169 1045 1206 exhibebunt,
1064 1167 1097 1198 &
1112 1165 1262 1207 providea-

191 1240 211 1256 „
226 1226 271 1248 tur
285 1217 360 1248 bona
372 1214 500 1245 securitas
513 1211 665 1253 quomodo
679 1210 743 1242 haec
756 1210 857 1240 omnia
869 1208 983 1239 firmiter
997 1206 1186 1238 observentur.

39 828 60 845 ‘²'
73 828 171 864 1795.

243 1367 268 1385 „
293 1341 347 1374 Ne
366 1341 453 1385 quis,
471 1335 531 1383 stab
549 1335 681 1384 periculo
698 1338 786 1377 vim,
806 1342 942 1380 portaret
965 1333 1092 1376 Arma,
1111 1339 1218 1379 praeter

527 1412 552 1428 „
579 1388 731 1418 Simonem
750 1382 919 1428 Montfort.

74 1481 133 1512 Rege
194 1499 215 1515 „
233 1473 359 1531 REX
378 1473 530 1510 omnibus,
547 1471 608 1502 &c.
623 1470 744 1501 salutem.

39 1517 150 1552 captivo.
194 1538 215 1554 n
341 1511 420 1543 Cum
443 1520 553 1552 nuper,
577 1509 613 1539 de
635 1508 765 1539 Consilio
783 1507 927 1539 Baronum
947 1506 1124 1545 nostrorum,
1149 1505 1264 1544 publice

41 1552 118 1584 Ann.
134 1550 174 1582 D.
197 1577 216 1593 „
235 1551 379 1594 prohiberi
397 1551 561 1587 fecerimus,
579 1558 616 1578 ne
635 1548 712 1587 quis,
729 1547 779 1578 sub
797 1546 923 1587 periculo
943 1547 1029 1584 vitae,
1048 1545 1094 1577 vel
1117 1545 1266 1575 membro-

65 1593 147 1629 1264.
198 1616 218 1633 ,‚
236 1601 299 1622 rum
318 1614 328 1630 ,
349 1600 425 1621 arma
443 1595 565 1629 portaret
579 1610 590 1626 ,
610 1591 654 1617 vel
667 1596 735 1617 cum
750 1586 826 1625 cquis
839 1586 872 1616 &
885 1585 968 1615 armis
986 1594 1035 1624 per
1048 1584 1187 1624 Regnum
1200 1592 1266 1614 nos-

41 1634 94 1659 An.
110 1630 157 1666 43-
198 1656 218 1670 ‚,
236 1640 311 1662 trum
325 1628 484 1667 incederet,
501 1626 602 1666 absque
617 1624 711 1656 nostra
725 1625 836 1655 licentia
850 1623 972 1662 speciali:

42 1674 77 1697 Η.
97 1679 120 1706 3.
247 1693 256 1709 ,
279 1668 316 1699 Et
336 1669 391 1706 jam
412 1674 543 1706 oporteat
565 1664 702 1695 dilectum
723 1663 757 1695 &
781 1662 893 1694 fidelem
913 1662 1046 1693 nostrum
1063 1660 1216 1693 Simonem
1229 1660 1265 1692 de

41 1706 155 1743 Pat.48.
196 1732 216 1749 „
236 1693 409 1739 Monteforti
429 1705 580 1737 Comitem
600 1701 771 1747 Leycestriae
783 1725 793 1741 ,
808 1709 922 1740 propter
941 1700 1052 1732 obsides
1072 1701 1107 1732 &
1127 1701 1265 1742 prisones‚

43 1750 77 1774 H·
96 1755 121 1782 3·
198 1772 218 1787 „
236 1757 306 1787 quos
320 1746 416 1777 secum
429 1745 527 1782 ducit,
542 1752 610 1774 cum
623 1752 702 1780 equis
713 1742 746 1773 &
759 1742 842 1772 armis
855 1739 1000 1778 incedere,

45 1794 79 1812 W·
96 1793 109 1820 7
234 1810 255 1825 „
270 1785 338 1816 Nos
353 1786 379 1815 ei
398 1784 434 1816 ad
455 1783 513 1814 hoc
534 1780 696 1813 faciendum
714 1781 856 1811 licentiam
875 1778 1000 1809 nostram
1014 1778 1145 1809 duximus
1159 1786 1266 1808 conce-

197 1849 219 1865 „
237 1824 382 1862 dendami
401 1822 553 1867 praesertim
573 1828 643 1864 curn
663 1829 698 1850 ex
719 1819 777 1850 hoc
788 1817 863 1849 'nulli
876 1818 912 1849 de
926 1817 1034 1857 Regno
1048 1817 1206 1857 dampnum
1217 1815 1268 1847 de-

195 1888 216 1904 „
232 1861 521 1942 Zetizvglljpltser’icgclpm
535 1867 692 1890 imminere.

230 1979 359 2057 folii-este
373 1979 456 2019 Rege
468 1976 541 2018 apud
555 1975 692 2008 Sanitum
704 1972 825 2006 Paulum
846 1971 982 2006 London.
1000 1972 1116 2004 decimo
1130 1970 1208 2003 sexto
1221 1969 1268 2002 die

196 2042 216 2058 „
301 2042 307 2048 .

223 2170 248 2188 „
273 2145 322 2177 De
339 2142 463 2177 decimis
469 2142 534 2188 fine
550 2138 694 2175 dilatione
711 2141 827 2174 Simoni
844 2136 881 2172 de
907 2135 1064 2183 Montfort
1081 2134 1245 2171 mittendis.

86 2245 146 2276 Rege
200 2232 222 2269 3,
238 2228 326 2284 RE
336 2227 369 2259 X
386 2228 415 2259 S.
431 2227 575 2270 Episcopo
587 2226 772 2259 Norwicensi
787 2226 910 2258 salutem.

49 2280 159 2316 captivo.
203 2291 224 2308 „
345 2266 424 2312 Cum
438 2276 485 2306 per
499 2266 632 2298 Praelatos
644 2267 677 2298 &
691 2265 842 2306 Magnates
861 2263 957 2304 Regni
976 2261 1065 2294 nostri
1082 2261 1226 2303 provisum
1240 2262 1272 2294 fit

48 2318 126 2348 Am,
153 2316 194 2348 D,
204 2331 224 2348 „
242 2309 276 2339 &
298 2315 465 2350 unanimiter
485 2306 650 2337 concessum
667 2328 677 2343 ,
695 2304 774 2344 quod
796 2304 918 2335 decimae
931 2310 1124 2342 proventuum
1137 2302 1272 2332 omnium

71 2358 159 2395 1264,
203 2367 223 2386 „
242 2345 447 2378 Beneficmrum
468 2343 731 2376 Ecclesiasticorum
751 2343 781 2374 in
808 2342 915 2382 Regno
928 2340 1028 2372 nostro
1040 2340 1220 2371 conferantur
1237 2339 1272 2371 ad

49 2399 91 2424 Aa
119 2397 165 2432 48,
203 2408 224 2425 „
243 2393 431 2428 communem
451 2384 598 2415 utilitatem
619 2382 740 2421 eiusdem
757 2380 854 2422 Regni
876 2380 910 2412 &
932 2379 1067 2411 Ecclesiae
1088 2379 1273 2419 Anglicanae,

49 2439 85 2499 ΗΖ,
107 2444 132 2472 3.
157 2472 173 2500 8
201 2448 221 2464 „
238 2425 276 2494 «Ξὲ
286 2422 536 2493 cssigdnbiititiiainsttrlilpdi
548 2422 671 2454 decimae
683 2430 734 2461 per
745 2420 877 2452 locorum
890 2419 1046 2460 Episcopos
1073 2418 1219 2457 leventur,
1237 2419 1272 2450 &

49 2474 154 2549 ξιαέῌ
179 2494 184 2500 ’
205 2487 226 2503 ”
241 2526 261 2542 „
276 2501 369 2533 Vobis
385 2500 551 2545 mandamus
564 2523 574 2539 ,
586 2497 663 2540 quod
678 2497 837 2542 huiusmodi
851 2497 990 2535 decium,
1005 2506 1070 2536 quas
1087 2496 1162 2534 iuxta
1174 2496 1274 2537 provi-

52 2559 123 2588 1223,
141 2551 166 2580 a,
202 2564 224 2580 ‚,
243 2542 350 2573 sionem
368 2539 533 2580 praedictam
552 2540 581 2570 in
601 2538 692 2570 vestra
711 2537 828 2568 Diocesi
847 2537 882 2567 de
903 2534 1047 2568 beneficiis
1065 2534 1270 2567 Ecclesiasticis

203 2603 223 2619 „
240 2580 324 2611 levari
346 2577 449 2609 fecistis
465 2601 475 2618 ,
500 2577 534 2609 ad
561 2588 615 2609 nos
633 2577 689 2608 sine
708 2575 842 2607 dilatione
862 2576 976 2606 mittatis
990 2598 1000 2613 ,
1023 2573 1227 2606 convertendas
1241 2575 1273 2606 in

201 2640 222 2658 „
237 2626 423 2650 communem
437 2616 585 2648 utilitatem
600 2615 695 2657 Regni
709 2614 798 2646 nostri
813 2615 849 2647 ὅτ
860 2613 995 2646 Ecclefiae
1008 2613 1169 2652 praedid‘cae,

240 2680 260 2696 „
276 2655 314 2687 Et
328 2656 386 2687 hoc
401 2655 555 2687 nullatenus
576 2655 726 2692 omittam,
746 2653 838 2684 scituri
861 2652 957 2693 quod,
972 2653 1022 2683 nili
1036 2652 1094 2683 hoc
1109 2652 1274 2683 mandatum

199 2717 220 2735 „
238 2695 369 2726 nostrum
388 2694 480 2726 facere
503 2694 644 2735 volueritis
659 2717 668 2731 ,
685 2693 722 2723 de
743 2692 862 2723 consilio
885 2690 1056 2730 Magnarum
1070 2714 1080 2729 ‚
1095 2690 1219 2730 quisunt
1237 2690 1275 2721 de

200 2758 226 2773 „
241 2734 370 2765 Consilio
386 2731 504 2772 nostro,
519 2732 715 2764 mandavimus
728 2730 902 2762 Vicecomiti
917 2728 1016 2759 nostro
1034 2728 1136 2759 Norff.
1154 2730 1188 2760 δε
1201 2728 1274 2759 Suff.

203 2796 223 2812 „
241 2773 319 2817 quod
339 2772 447 2804 dietam
464 2772 605 2803 decimam
627 2771 667 2801 ob
681 2769 825 2801 defectum
847 2767 932 2800 vestri
947 2767 1043 2807 (quod
1058 2767 1216 2805 nollemus)
1237 2766 1278 2797 le-

204 2834 225 2851 „
242 2822 300 2844 vari
307 2835 318 2852 ‚
339 2813 372 2845 &
386 2811 420 2842 ad
433 2821 485 2842 nos
498 2812 571 2843 mitti
586 2810 667 2841 faciat
681 2808 803 2840 indilate.

246 2915 267 2930 2,
283 2892 372 2924 Teste
385 2892 468 2933 Rege
482 2892 555 2935 apud
570 2891 703 2924 Cantuar.
718 2890 813 2931 primo
825 2889 872 2921 die
888 2867 1070 2928 Septembris.

208 3043 234 3060 „
259 3017 452 3052 Mandatum
474 3016 698 3064 Archiepiscopo
716 3015 810 3051 Ebor.
836 3014 918 3063 quod
933 3042 943 3058 ‚
969 3015 1025 3059 m‘fi
1038 3011 1188 3047 decimam
1206 3013 1280 3046 cele-

268 3091 295 3109 „
321 3071 396 3100 riter
412 3072 535 3110 mittat,
559 3067 683 3101 eamdem
698 3079 754 3113 per
770 3065 905 3099 Ballivos
915 3064 987 3111 ficos
1009 3064 1109 3097 levari
1116 3062 1226 3108 faciet.

56 3149 156 3220 αέἶξῐ
212 3173 232 3190 υ
251 3152 440 3208 REX-G.
458 3151 587 3183 Eborum
602 3152 840 3197 Archiepiscopo,
857 3151 970 3196 Angliae
985 3150 1117 3194 Primati,
1141 3148 1265 3180 salutem,

60 3222 137 3251 Ann-
151 3220 192 3250 D
215 3213 234 3229 „
360 3191 443 3222 Licet
456 3201 524 3229 nos,
544 3201 598 3221 una
613 3201 680 3222 cum
694 3191 790 3230 Regni
805 3190 929 3221 Praelatis
943 3191 977 3222 ὃς
997 3189 1185 3227 Proceribus,
1201 3188 1283 3226 super

213 3249 233 3267 5,
250 3228 467 3275 alienigenarum
486 3231 666 3261 inimieorum
682 3229 842 3260 nostrorum
859 3229 981 3260 adventu
996 3237 1086 3269 nuper
1101 3228 1283 3266 praemuniti,

91 3261 173 3298 ¹264-
215 3287 234 3305 2,
252 3267 288 3297 de
303 3269 421 3300 consilio
441 3268 595 3300 eorundem
614 3268 799 3299 Praelatorum
818 3268 1028 3305 &Procerum
1041 3265 1159 3305 provida
1176 3265 1283 3296 delibe-

62 3302 114 3365 2'2·
127 3301 172 3334 43.
217 3328 235 3344 „
253 3308 362 3358 ¹ratione
376 3308 538 3339 duxen‘mus
551 3307 744 3346 statuendum,
763 3315 793 3337 ut
806 3309 821 3337 a
837 3308 1000 3338 communis
1019 3305 1188 3337 defensionis
1207 3306 1284 3335 auxi-

87 3358 98 3401 ἰ·
116 3347 140 3373 3·
216 3367 235 3383 „
254 3354 292 3376 iio
313 3347 407 3391 nullus
421 3347 583 3377 excludatur
603 3346 678 3376 sexus
693 3354 739 3377 aut
754 3346 845 3385 ordo,
862 3346 962 3376 nullius
989 3345 1114 3384 personae
1124 3343 1283 3382 laboribus,

62 3375 198 3442 flans-48·
216 3406 237 3422 „
252 3384 332 3415 nullis
345 3396 439 3417 rerum
451 3393 579 3426 parcatur
594 3384 758 3423 impendiis,

94 3434 98 3439 -
121 3423 170 3480 3·d
267 3461 271 3466 .
291 3422 338 3454 llla
352 3433 447 3456 tamen
459 3424 576 3456 devotio
590 3424 698 3462 debita,
717 3434 804 3462 quam
817 3423 852 3454 ad
865 3423 988 3454 anetam
1002 3421 1160 3454 Ecclesiam
1173 3420 1284 3452 Catho*

65 3462 103 3479 m.
113 3461 138 3488 3·
172 3474 177 3480 ·
228 3483 238 3499 ,
254 3445 335 3492 licam
349 3465 483 3504 gerimus,
500 3473 553 3494 nos
569 3463 678 3494 induxit
695 3470 726 3493 ut
745 3463 872 3493 virorum
891 3460 1169 3498 Ecclesiasticorum,
1187 3461 1217 3491 in
1230 3461 1284 3491 hac

65 3490 85 3509 ⁴*
97 3491 120 3519 Ῑ·
135 3491 199 3527 79⁶·
218 3482 239 3537 ζ,
253 3508 345 3538 parte,
362 3502 513 3533 subsidium
534 3501 570 3533 de
592 3501 775 3532 Praelatorum
795 3501 969 3532 ordinaretur
990 3499 1114 3539 assensu,
1129 3500 1195 3539 qui,
1215 3500 1235 3519 '¹¹‘
1252 3508 1285 3529 ut

218 3560 239 3575 a,
258 3537 311 3568 suae
332 3540 365 3570 &
383 3541 563 3573 Clericorum
583 3540 697 3571 suorum
718 3541 895 3580 tranquilitati
917 3539 1127 3584 prospicerent,
1145 3538 1179 3569 &
1193 3537 1285 3568 bello-

220 3598 241 3614 „
258 3585 320 3608 rum
336 3579 423 3610 clades
437 3579 612 3620 personaliter
633 3579 785 3618 evitarent,
802 3579 943 3610 decimam
958 3587 1092 3609 omnium
1106 3576 1283 3608 Ecclesiasti-
1323 3577 1337 3581 ”

221 3634 242 3651 ω
258 3623 360 3658 corum
377 3626 567 3655 proventuum
602 3618 634 3648 in
649 3617 701 3648 suis
720 3617 913 3654 Diocaefibus,
931 3627 991 3647 non
1012 3617 1105 3648 solum
1120 3616 1220 3654 nobb,
1238 3614 1284 3645 sed

221 3673 242 3690 a>
256 3651 297 3719 sgr
299 3654 445 3720 1{lgltlitatcm
458 3642 651 3696 Reipublicae,
669 3656 766 3696 Regni
781 3657 814 3688 ὃς
832 3655 966 3688 Ecclefiae
984 3655 1153 3695 Anglicanae
1167 3653 1286 3685 conces-

220 3712 243 3728 „
262 3750 282 3766 ,‚
301 3727 377 3772 Qia
390 3740 458 3760 vero
470 3742 530 3763 non
541 3742 650 3765 tanturn
666 3733 814 3772 Ecclefiis,
830 3732 1010 3764 Eboracensis
1031 3731 1167 3763 Ecclesiae
1180 3729 1287 3762 Suffra-

222 3789 245 3806 υ
260 3775 370 3811 ἓξὲξ-1818,
386 3768 418 3797 ὃ(
433 3771 676 3815 εεωπι-(ᾏΙεῑίςίε,
693 3772 738 3803 sed
761 3773 845 3803 etiam
867 3773 916 3812 ipsi
932 3771 1063 3802 Eborum
1077 3770 1212 3801 Ecclefiae
1224 3777 1286 3801 ves-

224 3827 245 3882 i}
261 3813 329 3873 ἓξὲξ,
345 3805 452 3880 {afflue
465 3807 595 3849 Clericis,
609 3812 642 3843 &
664 3812 719 3842 toti
738 3810 827 3842 Clero
845 3810 942 3851 Regni
961 3808 1052 3842 nostri
1070 3809 1237 3850 prospicitur
1255 3810 1286 3839 in

262 3904 292 3925 υ,
330 3882 392 3911 obis
406 3881 566 3927 mandamus
578 3906 589 3922 ,
610 3885 727 3917 firmiter
747 3888 921 3926 iniungendo
932 3910 942 3926 ,
964 3887 1052 3927 quod
1063 3886 1205 3917 decimam
1220 3894 1286 3915 om-

227 3941 248 3957 „
264 3929 345 3963 ulum
356 3919 612 3964 Ecclehasticorum
628 3933 817 3960 proventuum
831 3929 860 3956 in
878 3926 1002 3957 Diocaefi
1021 3925 1152 3956 Eborum
1168 3922 1288 3953 existen-

229 3979 249 3995 „
267 3965 339 3987 tium
348 3981 357 3995 ,
375 3957 460 3989 nullo
467 3958 504 3988 ab
517 3959 568 3989 hac
582 3959 758 3999 praestatione
773 3971 922 4003 exempto,
938 3973 987 4002 per
998 3974 1066 4003 VOS,
1080 3964 1126 3994 vel
1144 3961 1287 3993 ministros

224 4017 249 4072 ,⁹³
260 3995 372 4066 ᾄὲξξὲῥδε
387 4019 397 4035 ,
420 3996 488 4028 citra
507 3995 623 4028 Festum
642 3998 737 4033 Sandti
761 4000 911 4034 Michaelis
925 4002 1029 4041 levari,
1043 4003 1078 4034 ὃ(
1091 4001 1126 4034 ad
1141 4009 1194 4033 1108
1211 4001 1286 4032 mirri

646 108 1453 163 ooNVENTioNEs‚
1511 111 1908 162 L1TERAE,

1340 220 1360 236 „
1379 197 1413 228 In
1426 198 1485 228 hoc
1501 198 1579 229 enim
1599 209 1660 244 non
1680 200 1829 231 modicum
1849 197 2054 232 Ecclesiasticae
2075 198 2194 229 libertati
2209 198 2377 239 deserimus,
2394 194 2472 227 Arm·
2490 194 2543 231 DL:

1302 259 1323 276 „
1341 247 1410 281 cum
1424 247 1483 267 non
1499 246 1547 279 pei·
1562 237 1680 282 Ballivos
1697 239 1825 277 nostros,
1845 241 1875 269 in
1896 248 1954 269 tam
1969 237 2054 268 ardus
2073 237 2250 277 necessitate,
2269 238 2314 269 sed
2329 249 2377 277 per
2417 236 2503 273 1264-

1303 298 1324 313 „
1344 286 1419 320 viros
1433 275 1642 319 Ecclesiasticus
1651 277 1947 316 hujusmodisubfidia,
1960 277 1994 307 ad
2003 286 2075 314 opus
2088 276 2288 316 Reipublicae,
2298 277 2380 318 Reg-
2397 280 2462 304 Hen.
2479 283 2503 311 3*

1304 337 1324 352 „
1343 325 1389 352 ni,
1405 314 1439 344 &
1465 314 1599 359 Eccleiiae
1613 315 1780 355 Anglicanae
1800 316 1868 347 colli
1891 317 1894 321 '
1914 315 2123 346 demandemus.

1341 375 1362 391 „
1380 353 1419 397 Et
1438 352 1532 398 sciatis.
1544 353 1639 398 quod,
1657 355 1707 386 nisi
1721 355 1780 385 hoc
1796 364 1863 385 man
1884 363 1962 385 atum
1981 353 2111 384 nostrum
2127 362 2195 385 curn
2210 353 2322 384 summa
2336 363 2385 385 ce-

1301 413 1321 429 „
1343 392 1449 436 lentate
1463 396 1570 436 fueritis
1583 395 1709 432 executi,
1727 402 1980 433 quantumcunque
1995 393 2136 424 libertates
2153 391 2288 423 Ecclefiae
2310 395 2383 423 tueri

1301 452 1319 467 ,.
1340 438 1406 460 totis
1419 431 1637 473 viribus'nostris
1650 433 1842 474 intendamus,
1860 433 1991 462 omittere
2005 441 2065 462 non
2080 430 2244 472 poffumus,
2262 441 2317 462 nec
2333 431 2384 463 de-

1300 490 1322 506 „
1340 469 1440 498 bemus
1454 491 1463 506 ,
1486 479 1554 512 quin
1569 491 1578 508 ,
1597 479 1649 514 pro
1669 472 1813 501 iecuritate
1837 470 1935 510 Regni
1949 470 2058 507 nostri,
2076 470 2189 508 ejusque
2202 470 2383 508 defensione,

1302 529 1323 545 „
1340 507 1550 576 Ξῖἰεὲῐὲἓιῶιῧέ
1571 508 1705 549 utilitate,
1721 510 1828 540 dietam
1842 508 1987 540 decimam
2008 517 2059 550 per
2073 507 2195 540 Ballivos
2211 508 2325 541 nostros
2343 509 2384 540 le-

1301 567 1321 583 »
1552 568 1559 574 ⁶

1339 643 1360 659 „
1378 619 1467 652 Teste
1482 620 1564 662 Rege
1577 622 1651 662 apud
1668 622 1802 656 Cantuar.
1819 626 1903 656 tertio
1919 624 1965 657 die
1982 623 2165 665 Septembris.

2266 666 2289 680 s

1301 790 1327 807 „
1353 766 1421 797 Rex
1437 767 1576 811 captivus
1595 776 1633 798 ac
1651 768 1758 800 Simon
1773 765 1930 811 Montfort
1949 794 1960 812 ,
1984 780 2055 801 cum
2078 763 2278 813 Complicibus
2291 766 2391 812 sitii-5

1346 839 1371 855 ‚,
1398 812 1473 845 dant
1483 811 1637 859 potestates
1652 815 1724 847 aliis
1747 814 1946 862 Complicibus
1962 820 2093 851 Simonis
2110 843 2120 858 ,
2145 819 2182 854 ά·
2200 813 2380 860 fautoribus

1347 888 1372 904 ‚‚
1395 874 1434 943 ἔα
1450 864 1585 895 Francia
1600 889 1612 906 ,
1648 861 1693 895 ad
1714 863 1946 909 reformandam
1973 868 2084 899 Pacem
2105 868 2184 898 inter
2208 866 2318 911 Regem
2340 867 2387 902 &-

1345 932 1371 953 ‚‚
1422 923 1564 945 immem-

1299 1017 1320 1033 „
1336 994 1615 1066 Rffiffcffigu&
1632 995 1662 1028 s.
1677 997 1720 1067 ξεῖ
1736 996 2034 1068 Μὲᾓιῐεεεέἑῑὲοωες
2052 998 2210 1037 Leicester,
2229 997 2377 1043 Giibertus
2394 988 2496 1060 capssfg

1299 1056 1320 1111 ΞΖ
1335 1072 1433 1104 hannis
1460 1073 1478 1113 J
1499 1074 1606 1118 bannos
1616 1045 1660 1105 ‘irie
1674 1046 1886 1115 Buggtbcsenior
1899 1098 1910 1114 ,
1928 1036 2375 1107 &ffll‘rintilsodlgnbr‘llffnftigtgdiffi
2387 1061 2471 1092 Am·
2488 1061 2522 1092 D
2525 1086 2531 1094 =

1299 1134 1321 1151 „
1339 1111 1396 1151 sio,
1412 1097 1556 1144 isenricus
1570 1114 1607 1145 de
1621 1112 1792 1154 Hastinges,
1811 1113 1958 1145 Gilbertus
1970 1115 2007 1145 de
2021 1113 2138 1152 Gaunt‚
2157 1115 2191 1146 &
2212 1115 2308 1145 caeteri
2321 1114 2373 1145 Ba-
2415 1100 2502 1138 1264·

1300 1173 1321 1190 „
1338 1160 1436 1191 rones,
1452 1153 1486 1183 ὅ(
1502 1151 1651 1196 Magnates
1666 1153 1796 1193 Angli-ae,
1815 1153 1948 1184 universis
1968 1152 2076 1184 Christi
2095 1152 2237 1190 fidelibus,
2255 1153 2291 1184 ad
2302 1158 2374 1192 quos
2390 1142 2443 1167 An.
2457 1141 2508 1176 4⁸·

1299 1212 1320 1229 υ
1338 1189 1488 1260 Ρῐῧέςίέιῖιῐῐιῐῐὶεῗ
1497 1191 1586 1223 literae
1599 1193 1794 1237 pervenerint,
1810 1191 1971 1236 salutemlin
1981 1191 2132 1236 Domino.
2150 1230 2156 1236 ῃ
2388 1180 2465 1244 ἐξὲξ·
2487 1216 2504 1245 3

1301 1290 1321 1306 ,,
1430 1228 2430 1309 suar-ipamedmigficesibsitsssiat133
2444 1226 2486 1292 Ξῖ*
2507 1238 2516 1245 ·

1301 1329 1323 1345 ,‚
1364 1306 1525 1338 raelatorum
1539 1331 1550 1347 ,
1570 1308 1605 1339 &
1626 1317 1713 1339 totius
1734 1307 1959 1339 Communitatis
1978 1308 2074 1347 Regni
2097 1307 2226 1347 praediffl
2248 1309 2378 1339 unanimi
2395 1302 2432 1322 m·
2448 1303 2477 1329 4‘
2490 1293 2517 1323 l·

1302 1367 1323 1385 ‚‚
1341 1345 1486 1376 voluntate
1498 1346 1532 1390 βε
1545 1346 1667 1386 affiensu,
1685 1347 1804 1384 provida
1817 1347 2016 1379 deliberatione
2030 1348 2098 1378 inita
2110 1348 2206 1378 fuerit·
2223 1356 2311 1385 quarn
2328 1357 2384 1377 nu-
2396 1341 2422 1361 ⁷¹·
2439 1340 2481 1369 ¹3·

1302 1406 1323 1423 „
1342 1393 1391 1424 per
1412 1383 1552 1429 Domino.
1569 1385 1646 1425 Regi
1665 1385 1792 1416 Franciae
1810 1385 1932 1417 fecimus
1953 1386 2135 1425 praesentari,
2153 1370 2297 1424 &’quarn
2312 1385 2382 1417 Deo

1304 1445 1325 1462 „
1342 1430 1468 1467 gratam,
1483 1424 1566 1468 nobis
1586 1434 1620 1455 ac
1636 1423 1744 1468 Regno
1767 1424 1816 1462 ipsi
1835 1425 1978 1456 credimus
1991 1433 2184 1465 oportunam,
2201 1434 2235 1455 ac
2248 1423 2363 1465 quidam

1304 1484 1325 1501 „
1341 1470 1373 1506 ut
1386 1462 1588 1501 intelleximus,
1604 1462 1673 1493 faeti
1688 1464 1834 1494 veritatem
1846 1464 1939 1494 minus
1952 1463 2034 1502 plene
2053 1463 2237 1503 intelligentes
2270 1447 2385 1495 ordinaz

1304 1523 1324 1539 „
1343 1508 1452 1545 tionem
1473 1502 1482 1531 i
1503 1500 1560 1532 sam
1573 1524 1584 1540 ,
1603 1500 1648 1531 seu
1668 1502 1743 1545 pacis
1764 1501 1887 1532 formam
1909 1503 2004 1533 minus
2018 1501 2207 1533 sufficientem
2218 1486 2367 1533 al'lerentes

1305 1562 1325 1578 „
1342 1539 1380 1570 de
1410 1540 1478 1570 uibu
1489 1541 1556 1571 dam
1568 1540 1687 1571 articulis
1701 1541 1730 1571 in
1743 1539 1843 1571 eadem
1858 1538 1963 1571 insertis
1975 1550 2036 1571 non
2050 1541 2154 1571 fuerint
2168 1541 2313 1571 contenti·-
2351 1568 2356 1569 γ
2373 1525 2387 1542 ³

1341 1601 1362 1617 „
1419 1589 1451 1609 os
1465 1602 1475 1618 ,
1498 1578 1532 1610 ad
1554 1588 1656 1619 pacem
1675 1579 1710 1610 &
1732 1579 1949 1619 tranquilitatem
1970 1578 2069 1619 Regni
2089 1579 2221 1619 praedicti
2237 1565 2389 1611 totis’viri-.

1306 1639 1326 1657 ,‚
1345 1619 1413 1662 bus,
1432 1618 1502 1649 sicut
1516 1627 1667 1661 tenemur,
1680 1618 1806 1650 laborare
1829 1618 1977 1657 volentes,
1994 1627 2027 1649 ut
2040 1617 2142 1657 justitia
2159 1617 2256 1650 nostra
2268 1618 2302 1649 &
2314 1617 2391 1649 faeti

1305 1678 1326 1696 „
1344 1665 1444 1687 veritas
1457 1656 1584 1695 patefiat,
1603 1657 1762 1701 &imgulis
1793 1657 1883 1688 lenitis
1897 1657 2068 1696 innotescat,
2085 1657 2200 1697 plenam
2213 1656 2313 1688 damus
2329 1667 2386 1698 po-

1305 1717 1326 1734 „
1344 1694 1474 1765 ἱεὶίξαῑεῐέ
1494 1695 1647 1765 ffipegglpilri
1658 1695 1741 1773 J1³'asttri
1756 1666 1797 1727 [Ξ
1821 1695 1956 1765 Londpn.
1977 1695 2140 1740 Episcopo,
2158 1696 2194 1727 ὃς
2214 1696 2306 1740 nobili
2320 1697 2386 1728 viro

1304 1757 1326 1812 33
1342 1743 1457 1804 εοὲίω
1470 1745 1662 1818 Αῃᾱὲξεγὲς,
1680 1735 1911 1814 Ἢκῖῗεέἕίιζέ
1919 1736 2026 1804 1ῗέιὲ
2041 1735 2261 1805 &235¹ae
2274 1734 2385 1805 Ξὲῗέἓ

1306 1835 1326 1851 „
1347 1811 1384 1842 de
1401 1811 1502 1856 'Becco
1522 1853 1526 1858 .
1542 1812 1676 1852 inspicien
1697 1814 1705 1843 i
1726 1813 1760 1844 &
1777 1812 1953 1845 examinandi
1972 1813 2098 1843 formam
2118 1796 2320 1850 ordin'ationis‚
2335 1813 2391 1848 seu

1306 1874 1327 1890 „
1346 1860 1421 1894 pacis
1441 1836 1585 1890 praedic‘tae
1602 1862 1608 1881 :
1628 1851 1748 1883 addendi
1764 1875 1774 1890 ,
1799 1853 1833 1884 &
1854 1851 2018 1883 detrahendi
2038 1851 2149 1882 eidem:
2166 1851 2201 1882 &
2215 1848 2390 1882 emendandi*

1307 1913 1328 1930 „
1347 1892 1386 1929 (li
1399 1892 1468 1935 quid
1482 1890 1660 1936 addendum,
1674 1891 1878 1922 detrahendum
1887 1913 1900 1930 ,
1916 1890 1962 1921 seu
1974 1889 2174 1930 corrigendum
2192 1890 2334 1927 viderint)
2351 1890 2386 1921 &

1305 1952 1325 1968 „
1344 1929 1514 1974 prowdendi
1534 1939 1662 1974 omnem·
1678 1929 1852 1962 securitatem
1867 1953 1878 1970 ,
1896 1939 1982 1970 quarn
2001 1929 2124 1974 viderint
2141 1937 2332 1973 oportunam,
2351 1929 2389 1960 δε

1306 1991 1326 2008 ,,
1345 1977 1506 2038 ῖίἓέῖιηια,
1522 1978 1587 2009 quae
1601 1969 1755 2001 ordinanda
1766 1970 1813 2001 seu
1833 1968 1979 2001 statuenda
1991 1967 2137 2007 duxerint,
2155 1968 2274 1999 firmiter
2291 1966 2390 2003 obser·,

1307 2030 1328 2046 „
1434 2031 1440 2038 .
2354 2031 2356 2033 ,

1344 2069 1366 2085 ‚‚
1381 2045 1450 2077 Nos
1465 2055 1560 2092 autern
1583 2049 1682 2092 omnia
1695 2047 1739 2092 .&
1758 2047 1879 2091 singula,
1898 2056 1968 2091 quae·
1984 2045 2035 2085 ipsi
2049 2045 2086 2077 ad
2099 2045 2332 2090 emendationan
2349 2045 2393 2080 δι,

1306 2108 1328 2125 „
1345 2085 1571 2132 observationem
1586 2095 1662 2127 pacis
1677 2086 1798 2130 eiusdem
1812 2085 2019 2123 ordinaverint,
2037 2094 2094 2116 rata
2108 2084 2275 2115 habebimus
2293 2085 2328 2116 &
2341 2094 2389 2116 ac-

1307 2147 1328 2165 „
1344 2133 1444 2170 cepta,
1459 2125 1636 2170 subiiciendo
1649 2135 1711 2169 *nos
1732 2124 1915 2163 iurisdiffioni
1930 2125 1965 2157 ὃς
1978 2123 2141 2155 cohertioni
2155 2123 2321 2154 venerabilis
2332 2122 2389 2154 Pa-

1308 2186 1329 2203 „
1344 2172 1393 2195 tris
1414 2163 1464 2208 G..
1480 2164 1576 2195 Sabin.
1599 2163 1758 2203 Episcopi,
1778 2163 1955 2202 Apostolicae
1977 2161 2046 2194 sedis
2066 2162 2183 2201 Legati,
2201 2169 2233 2193 ut
2248 2161 2305 2202 ipse
2338 2171 2390 2200 pet

1307 2226 1330 2243 „
1348 2202 1514 2247 sententiam
1536 2203 1842 2234 excommunicationis
1855 2225 1865 2240 ,
1890 2201 1924 2232 &
1944 2210 2034 2232 omne
2048 2210 2135 2240 genus
2149 2199 2273 2231 censurae
2286 2185 2391 2231 Ebcle·

1308 2265 1329 2281 „
1347 2241 1480 2286 siasticae,
1497 2252 1567 2287 nos,
1585 2243 1619 2274 &
1635 2251 1753 2280 ornnes,
1770 2242 1804 2273 &
1823 2240 1945 2280 fingulos
1962 2263 1975 2280 ,
1989 2240 2164 2279 compellere
2178 2238 2280 2279 poss'it,
2297 2239 2319 2270 fi
2332 2239 2390 2270 for-

1310 2305 1331 2321 „
1349 2280 1568 2350 ffirss'rdmanom
1594 2281 1798 2320 praedic'torum
1822 2280 1852 2311 in
1875 2280 1969 2320 aliquo
1990 2279 2246 2322 praesumpserimus
2277 2285 2392 2310 contra-

1311 2344 1331 2360 „
1412 2344 1418 2350 ¹

1310 2421 1331 2438 ‚‚
1347 2356 1892 2442 sssgffiusiniffl‘ffimsecfiffissessnfiss
1902 2366 1988 2435 3355,
1997 2354 2393 2435 Q‘gfffiffisssffiodffflffiggg

1310 2461 1330 2477 ,‚
1348 2437 1451 2468 Simon
1462 2435 1499 2466 de
1517 2435 1605 2467 Claro
1628 2434 1755 2475 Monte,
1775 2435 1923 2467 Dominus
1944 2435 1981 2466 de
1996 2434 2093 2473 Neel‚
2111 2434 2158 2465 vel
2171 2433 2321 2464 Dominus
2337 2432 2393 2464 Pe-

1310 2499 1331 2516 „
1348 2485 1406 2507 trus
1421 2476 1446 2506 le
1461 2474 1693 2514 Chamberleng,
1711 2474 1780 2505 loeo
1790 2473 1911 2512 ejusdem
1926 2473 2051 2505 Comitis
2063 2473 2238 2513 subrogetur.

1350 2539 1373 2560 „¹
1387 2515 1407 2534 ³¹¹
1427 2514 1536 2555 Qod,
1555 2516 1574 2544 si
1590 2513 1720 2558 praedidti
1729 2513 1901 2558 'quatu—oriri
1916 2512 2011 2558 aliquo
2024 2511 2144 2544 articulo
2157 2512 2234 2553 pacis
2244 2509 2394 2550 ptaedi'tstae
2407 2503 2426 2523 '⁸
2439 2504 2463 2533 Ῑ·
2476 2504 2540 2541 797-

1310 2579 1332 2595 „
1347 2553 1486 2585 discordes
1505 2554 1609 2584 fuerint
1622 2577 1631 2592 ,
1650 2553 1756 2588 iudicio
1771 2562 1884 2591 maioris
1899 2560 1982 2590 partis
2001 2551 2158 2583 eorundem
2173 2550 2275 2581 stetur:
2296 2549 2351 2588 Et,
2371 2550 2392 2582 fi

1310 2603 1428 2638 „pares
1448 2594 1477 2623 in
1495 2592 1633 2624 discordia
1652 2592 1773 2629 fuerint,
1789 2591 1924 2623 volumus
1946 2599 1978 2622 ut
1992 2590 2158 2623 venerabilis
2172 2589 2256 2622 Pater
2269 2589 2393 2622 Archie-

1310 2656 1330 2672 „
1348 2632 1476 2670 piscopus
1498 2630 1739 2671 Rothomagenfis
1759 2632 1796 2661 eis
1815 2630 1977 2661 associetur:
2003 2631 2054 2668 ὃς,
2074 2629 2154 2668 quod
2175 2639 2191 2660 a
2203 2629 2396 2666 majoriparte

1310 2695 1330 2710 ,‚
1350 2671 1507 2701 eorundem
1520 2672 1647 2711 quinque
1668 2669 1851 2700 concorditer
1872 2670 1955 2700 suerit
1967 2669 2149 2707 ordinatum,
2167 2667 2284 2699 firmiter
2299 2663 2396 2699 obserss

1313 2732 1333 2750 ῃ
1351 2718 1542 2791 ζαῖἓῐᾏωτῃυε-
1554 2755 1648 2777 autem
1663 2744 1865 2789 quodaliquid
1886 2744 1982 2788 liceat.
1993 2745 2032 2774 eis
2046 2744 2160 2782 dicere,
2178 2743 2329 2782 ordinate,
2346 2743 2397 2775 seu»

1314 2811 1335 2827 ‚,
1354 2786 1473 2817 statuere
1517 2795 1593 2815 circa
1613 2784 1844 2815 emendationem
1861 2783 2047 2813 ordinationis
2069 2783 2115 2813 seu
2136 2782 2212 2820 pacis
2227 2781 2394 2822 praedictae,

1316 2851 1337 2867 ,‚
1356 2835 1406 2864 pet
1418 2809 1497 2864 quod
1509 2824 1646 2863 Regnum
1663 2821 1776 2862 Angliae
1792 2831 1840 2859 pei·
1857 2822 1942 2859 alios,
1961 2823 2048 2860 quarn
2063 2831 2112 2858 per
2127 2820 2272 2859 indigenas
2289 2820 2395 2860 guber-

1315 2890 1336 2906 „
1355 2873 1436 2909 netur
1451 2875 1462 2901 3
1476 2873 1539 2907 nnec
1562 2862 1729 2909 Castrorum
1749 2860 1880 2905 custodia
1893 2883 1902 2899 ,
1921 2861 1967 2891 seu
1987 2861 2038 2891 alia
2051 2860 2133 2891 Ballia
2155 2860 2185 2890 in
2199 2858 2308 2899 Regno
2321 2868 2396 2900 prae·

1317 2929 1338 2946 '²
1356 2902 1536 2972 ⁶¹⁶&le
1544 2900 1783 2971 (1ξέΗέἕώ
1789 2898 1955 2969 affiiimn
1969 2899 2115 2969 snsffiffi*
2128 2899 2310 2967 Ἐῗῑωῑῑωιὲ·

1894 2948 1925 2968 us
1987 2949 2005 2969 u
2078 2947 2112 2968 ax
2125 2947 2155 2967 in
2167 2947 2197 2968 er
2212 2946 2266 2967 nos

1318 3007 1339 3024 „
1355 2966 1470 3020 ’A'kngliae
1485 3003 1507 3022 ,ι
1521 2979 1555 3010 &
1576 2963 1725 3020 praefa’tum
1746 2977 1895 3009 Comitem
1911 2948 2091 3016 L'eiglestrig,
2107 2977 2187 3016 super
2207 2975 2324 3015 persona
2334 2946 2401 3007 igniis

1318 3046 1340 3064 υ
1358 3021 1391 3052 &
1411 3018 1572 3059 specialibus
1594 3017 1712 3057 querelis
1726 3039 1736 3055 ,
1770 3015 1974 3054 quaestionibus
2000 3017 2034 3047 &
2055 3015 2290 3047 contentionibus
2313 3015 2400 3055 (quas

1319 3085 1340 3102 ,‚
1358 3067 1458 3091 contra
1470 3057 1594 3088 eundem
1610 3055 1761 3087 Comitem
1780 3055 1915 3086 habemus
1929 3079 1940 3095 ,
1959 3056 1992 3087 &
2007 3055 2063 3096 ipse
2077 3053 2207 3085 adversus
2219 3063 2290 3094 nos,
2306 3053 2397 3085 &de

1320 3125 1341 3142 „
1359 3098 1458 3138 quibus
1480 3096 1623 3135 posuimus
1644 3105 1697 3126 nos
1714 3096 1744 3125 in
1758 3094 1927 3132 praedictum
1942 3094 2058 3134 Regem
2076 3092 2196 3131 Frane.)
2215 3091 2265 3123 fiet
2278 3093 2313 3123 &
2325 3091 2396 3124 affe-

1321 3163 1342 3181 „
1360 3144 1492 3209 tcssretur'
1510 3143 1660 3175 antequam
1684 3143 1737 3172 pax
1755 3133 1801 3164 seu
1822 3133 1961 3165 ordinatio
1974 3132 2110 3171 praedicta
2123 3131 2239 3163 finaliter
2252 3130 2400 3170 complea-

1322 3202 1343 3220 ”
1361 3188 1391 3256 ,ἲ
1400 3215 1434 3247 In
1446 3215 1523 3252 cujus
1534 3214 1574 3257 rei
1588 3212 1783 3244 testimonium
1796 3211 1864 3242 huic
1879 3210 1929 3242 scri
1951 3218 1982 3241 to
1995 3220 2047 3241 nos
2059 3209 2126 3241 Rex
2139 3208 2254 3249 Angliae
2262 3231 2272 3248 ,
2291 3206 2399 3239 Comi-

1322 3279 1343 3297 „
1362 3266 1402 3286 tes
1418 3254 1460 3285 Le
1473 3252 1589 3297 *cestriae
1605 3275 1615 3291 ,
1633 3252 1671 3320 ἕ
1684 3250 1874 3319 ἓΙφέξεεὶὶῑίκ
1891 3273 1902 3289 ,
1936 3249 2081 3293 obanneS,
2094 3248 2258 3294 Joliannes,
2269 3246 2400 3292 ‚Williel-

1322 3318 1343 3335 ,‚
1361 3303 1440 3332 rrius,
1485 3299 1618 3336 enricus,
1651 3330 1654 3333 v
1712 3299 1738 3329 gi
1750 3299 1817 3333 ius,
1836 3298 1890 3333 pro
1903 3289 1987 3318 nobis
2001 3286 2036 3319 &
2050 3296 2160 3332 caeteris
2173 3286 2347 3325 monibus,
2363 3286 2399 3318 &

1322 3357 1343 3374 „
1362 3332 1549 3363 Comumtate
1562 3329 1658 3368 Regni
1671 3328 1781 3369 Angliae
1788 3351 1798 3367 ,
1815 3327 1899 3367 sigilla
1912 3326 2008 3358 nostra
2020 3325 2208 3367 apposuimus.

1360 3432 1382 3449 „
1401 3407 1468 3453 Dat.
1487 3406 1560 3447 apud
1581 3404 1715 3451 Cantuar.
1734 3405 1780 3436 die
1794 3405 1876 3445 Jovis
1891 3428 1900 3444 ,
1915 3404 2050 3445 proximo
2070 3398 2136 3443 post
2151 3401 2268 3433 Festum
2282 3398 2400 3432 Nativi-

1325 3473 1348 3528 ζ
1364 3444 1674 3528 {ctissnpgagffargrguus
1689 3468 1699 3485 ,
1717 3455 1792 3476 anno
1813 3444 1939 3476 Domini
1958 3442 2108 3476 millesimo
2120 3441 2316 3474 ducentesimo
2326 3437 2401 3470 saa-

1324 3649 1349 3667 „
1375 3621 1533 3667 Complices
1549 3621 1678 3652 Simonis
1704 3619 1740 3653 de
1763 3619 1921 3665 Montfort
1943 3615 2161 3661 constituuntur
2186 3615 2399 3652 Procurtqtvohres

1371 3698 1397 3714 ‚,
1421 3669 1465 3703 ad
1481 3667 1677 3702 tranandum
1697 3672 1728 3700 in
1740 3666 1894 3715 praeftnti'a
1910 3670 1999 3715 Regis
2013 3667 2148 3701 Franciae
2162 3664 2202 3702 ἀ·
2213 3661 2323 3706 Legati
2333 3659 2396 3692 Pa·-

1371 3746 1397 3763 ‚‚
1417 3729 1458 3765 pae
1471 3740 1480 3757 ,
1501 3716 1591 3764 fitper
1598 3716 1685 3761 statu
1702 3721 1797 3765 Regni
1815 3718 1941 3765 Angliae.

1325 3828 1346 3844 ,‚
1363 3802 1451 3859 RE
1462 3802 1493 3833 X
1513 3803 1623 3843 Angliae
1633 3805 1768 3835 omnibus
1781 3803 1815 3835 ad
1830 3814 1918 3842 quos,
1935 3802 1996 3834 &c.
2009 3800 2130 3840 salutem.
2374 3830 2381 3837 ·

1325 3867 1346 3883 „
1399 3880 1404 3885 ·
1467 3841 1595 3873 Noverit
1607 3842 1783 3875 Universitas
1799 3842 1889 3873 vestra
1901 3841 1979 3881 quod
1993 3849 2046 3869 nos
2057 3835 2221 3873 ordinamus
2238 3830 2272 3862 &
2286 3830 2396 3875 consti-
2432 3829 2519 3867 1264.

1326 3904 1346 3921 „
1365 3888 1470 3912 mimus
1477 3881 1645 3912 venerabiles
1658 3881 1753 3913 Patres
1760 3877 2070 3920 W Wigorniensem‚
2084 3866 2302 3917 &-J.·Winton.
2315 3867 2397 3910 Epis-
2411 3871 2463 3896 Aa.
2479 3866 2527 3902 431

1325 3943 1346 3960 „
1364 3929 1470 3958 copOS,
1484 3920 1518 3951 &
1534 3920 1660 3951 nobilem
1683 3923 1777 3952 virum
1797 3919 1915 3950 Petrum
1935 3917 1972 3948 de
1987 3911 2178 3949 Montefom,
2196 3908 2396 3942 Procuratores
2408 3911 2444 3935 Η.
2465 3914 2491 3943 3.

1327 3981 1347 3998 „
1366 3958 1400 3989 &
1415 3958 1553 3989 Nuncios
1566 3959 1677 3990 nostros
1691 3959 1864 3996 solempnes;
1884 3980 1886 3982 v
2314 3980 2316 3982 .
2372 3985 2378 3992 ι
2410 3942 2528 3980 P“t-4⁸·

1361 4019 1382 4036 a>
1399 3994 1508 4028 Dantec
1521 3998 1560 4028 eis
1630 3998 1746 4028 estatem
1760 3994 1897 4027 tractandi
1915 3992 1946 4023 in
1959 3987 2104 4031 praesentia
2122 3986 2266 4027 magnifici
2283 3984 2395 4017 Princi-
2409 3986 2444 4012 H·
2466 3990 2493 4020 3-

1327 4058 1347 4076 „
1366 4036 1408 4076 pis
1431 4034 1556 4069 Domini
1605 4037 1747 4075 udovici,
1768 4034 1828 4067 Dei
1842 4030 1928 4074 gratia
1942 4052 1954 4069 ‚
1979 4027 2065 4080 Regis
2080 4026 2206 4059 Franci-ae
2219 4023 2400 4093 inmig-
2414 4019 2528 4061 πμ,

2313 4073 2333 4094 ν

2445 3716 2507 3750 Rege
2533 3693 2537 3697 -

2390 3752 2549 3822 rma-
