2560 4261
662 176 837 221 ..ET
918 178 1190 223 ACTA

12 274 89 308 Arm.
104 270 145 305 D.
198 267 406 314 Haecquidem
420 265 586 298 constitutio
597 263 728 305 generalis
739 265 810 296 inter
828 265 899 296 duos
918 265 1012 305 Reges
1023 267 1133 304 habita,
1151 276 1225 305 quo-

15 314 99 354 1189.

161 310 238 340 niam
254 310 320 339 inita
335 308 385 337 fuit
404 307 450 336 die
464 305 577 336 Sabbati
590 327 600 341 ,
624 304 692 334 sicut
711 304 830 335 asserunt
851 304 1000 343 homines,
1020 316 1079 336 non
1099 306 1222 336 obtinuit

160 348 342 384 firmitatem,
366 345 403 375 set
422 346 450 374 in
469 343 542 373 aliud
561 344 646 380 usquc
665 351 776 382 tempus
793 344 839 373 die
862 343 947 373 Festo
971 344 1065 374 Sancti
1086 344 1224 382 Johannis

159 385 291 424 Baptistae
303 384 445 422 sequente,
463 382 568 412 scilicet
579 380 625 411 die
631 381 788 412 Dominica
800 383 1025 436 peregrimtionis
1041 383 1153 414 initium
1159 382 1225 412 Do-

158 427 240 458 mino
254 422 432 453 consecravit.

156 554 262 588 Litera
285 555 373 598 Regis
401 548 548 584 Richardi
567 548 602 581 de
621 548 784 582 redditione
803 547 973 592 Castrorum
999 547 1035 581 de
1053 547 1116 588 Rok
1134 551 1170 586 &
1189 547 1225 581 de

202 599 356 648 wayk,
392 602 429 637 (ῤ’
454 598 490 632 de
518 596 696 641 restitutione
720 600 854 630 omnium
874 595 1049 629 libertatum
1067 609 1143 642 quas
1167 595 1223 628 ha-

202 645 331 681 buerunt
347 651 439 694 Reges
460 650 558 679 Scotiae
573 656 642 679 ante
660 650 824 692 captionem
843 648 930 692 Regis
952 648 999 679 W
1018 648 1054 683 ὠ
1075 644 1111 678 de
1130 646 1225 678 literis

201 694 344 739 restitutis
359 699 396 735 ὠ·
414 694 599 738 restituendis
610 721 619 737 ‚
635 695 669 738 st
683 706 742 740 quae
758 694 879 739 fieerint
898 698 1021 726 inventae
1036 720 1047 736 ‚
1080 705 1117 732 <7
1140 696 1228 727 literae

204 748 347 789 inventae,
371 757 427 777 non
444 742 598 787 restituta,
624 746 740 776 omnino
757 755 813 775 non
829 742 964 776 valeant.

12 826 89 859 Ann-
103 825 145 858 D·
234 828 364 862 Ichardus
398 829 456 860 Dei
470 828 583 866 Gratia,
602 825 668 858 Rex
679 826 808 867 Angliae,
828 827 896 858 Dux
904 827 1077 860 Normaniae
1090 829 1124 860 &
1138 826 1165 858 A
1186 828 1227 858 ui—

13 867 97 903 1189.

243 871 343 907 taniae,
363 853 651 904 &omesAndegaviae
688 865 929 911 Archiepiscopis,
947 867 1109 912 Episcopis,
1128 866 1176 897 Ab
1198 877 1228 896 a-

11 908 148 934 A-1-R·¹·
165 908 255 946 tibus,
274 907 453 943 Comitibus,
471 903 641 943 BaronibuS,
672 904 818 936 usticiariis
829 929 839 945 ,
856 906 1096 944 Vicecomitibus,
1115 906 1148 936 ὅ(
1161 914 1227 935 orn-

11 947 60 971 Ax
69 946 128 970 Au-

0 994 4 995 ⁷
11 987 76 1018 ngr.

13 2067 36 2088 ε
51 2067 74 2096 1.
83 2066 129 2103 σς.

163 946 246 977 nibus
261 945 369 977 Ballivis
383 947 417 977 &
433 944 574 974 Fidelibus
586 944 709 974 salutem.

201 984 298 1015 Sciatis
318 994 370 1014 nos
397 982 536 1013 karissimo
556 981 777 1021 Consanguineo
803 980 900 1013 nostro
920 981 1080 1012 Willielmo
1096 1004 1105 1019 ,
1129 980 1228 1011 eadem

163 1022 261 1054 Gratia
274 1022 350 1062 Regi
365 1022 487 1060 Scotiae,
505 1021 653 1052 reddidisse
673 1021 794 1052 Castella
812 1020 857 1052 sua
875 1021 1033 1052 Rokeborc
1049 1019 1087 1062 ⁴&
1108 1018 1229 1063 Berwyk

161 1069 295 1100 tanquam
308 1063 365 1100 ejus
377 1062 488 1130 pffipri‘al
506 1062 564 1098 jure
578 1059 754 1092 haereditario
766 1059 802 1091 ab
814 1070 850 1090 eo
865 1083 876 1098 ,
899 1059 933 1091 ἃ
952 1057 1109 1089 haeredibus
1123 1067 1179 1096 ejus
1198 1067 1229 1088 in

182 1109 198 1130 e
231 1107 328 1130 etuum
361 1110 380 1130 0
404 1111 412 1130 1
434 1110 468 1130 en
489 1109 512 1130 a.

161 1109 181 1141 p
225 1110 533 1178 raetereafquietavimus
546 1134 579 1167 δε
594 1146 694 1167 omnes
705 1136 848 1174 pactiones
859 1145 924 1174 quas
935 1135 1027 1166 bonus
1038 1142 1118 1179 pater
1132 1133 1227 1165 noster

160 1172 305 1208 Henricus
318 1176 382 1207 Rex
403 1177 515 1216 Angliae
530 1201 539 1215 ,
565 1185 614 1215 per
629 1186 716 1206 novas
731 1175 826 1205 Carras
847 1174 881 1205 &
901 1183 950 1212 per
972 1182 1138 1218 capnonem⁹
1151 1172 1228 1217 suam

161 1215 295 1254 extorsit;
321 1217 358 1247 ita
378 1216 510 1246 videlicet
531 1222 562 1246 ut
582 1212 664 1244 nobis
677 1214 760 1243 faciat
776 1213 882 1252 integre
896 1214 930 1244 ὃ(
948 1212 1077 1256 plenarie·
1092 1209 1227 1256 quicquid

162 1252 229 1283 Rex
250 1253 356 1285 Scotiae
379 1253 553 1284 Malcolmus
571 1253 651 1282 frater
672 1252 727 1287 ejus
753 1250 971 1281 antecessoribus
990 1250 1090 1281 nostrls
1109 1250 1149 1294 ‘dc
1169 1259 1229 1288 1ure

160 1292 230 1322 fecit
249 1293 282 1323 &
297 1293 332 1323 de
348 1294 406 1329 iure
426 1293 517 1323 facere
535 1290 651 1321 debuit:
675 1288 714 1319 Et
733 1298 786 1318 nos
801 1290 827 1318 ei
846 1289 979 1319 faciemus
1001 1289 1067 1327 quid
1088 1289 1136 1319 uid
1152 1297 1229 1319 ante-

161 1330 281 1360 cessores
296 1331 384 1361 nostri
405 1331 542 1371 praedidto
564 1326 728 1357 Malcolmo
747 1327 783 1357 de
799 1328 856 1364 jure
874 1327 1000 1358 fecerunt
1020 1327 1054 1358 &
1085 1337 1165 1358 acere
1180 1327 1230 1357 de-

161 1369 308 1407 buerunt,
333 1369 437 1400 scilicet
451 1369 484 1399 &
505 1368 542 1398 de
557 1365 701 1395 condqu
717 1366 745 1394 in
765 1364 908 1395 veniendo
928 1366 962 1396 ad
982 1365 1100 1397 Curiam
1115 1389 1124 1404 ,
1147 1366 1181 1397 ὃς
1197 1367 1228 1396 in

161 1407 301 1438 morando
316 1408 345 1438 in
362 1406 464 1445 Curia,
481 1407 515 1437 δε
535 1406 565 1435 in
582 1402 726 1434 redeundo
745 1403 761 1433 a
781 1402 869 1434 Curia
884 1426 894 1442 ,
919 1404 953 1435 ὃς
973 1405 1003 1434 in
1023 1404 1230 1443 procurationi-

161 1445 228 1483 bus,
248 1446 282 1476 &
303 1447 334 1475 in
348 1446 481 1476 omnibus
501 1443 672 1474 libertatibus
685 1465 694 1480 ,
717 1442 750 1472 &
765 1441 944 1481 dignitatibus
957 1466 966 1480 ,
991 1443 1025 1473 &
1047 1443 1202 1474 honoribus
1216 1466 1226 1481 ,

158 1483 252 1513 eidem
266 1485 324 1521 jure
339 1483 438 1513 debitis
450 1507 459 1521 ‚
482 1482 641 1513 >secundum
655 1479 733 1519 quod
753 1481 971 1520 recognoscetur
993 1482 1009 1511 Ξῖ
1023 1491 1141 1522 quatuor
1155 1481 1227 1512 Pro-

156 1522 268 1551 ceribus
281 1521 381 1551 nostris
395 1522 430 1552 ab
444 1521 505 1559 ipso
517 1520 570 1552 W.
588 1520 669 1559 Rege
683 1519 778 1550 eteritis
791 1544 801 1559 ,
825 1521 859 1552 δε
879 1520 894 1551 a
914 1528 1034 1558 quatuor
1057 1520 1226 1552 Proceribus

156 1559 229 1591 illius
245 1560 260 1589 a
276 1559 358 1590 nobis
373 1560 476 1591 elerstis.
509 1560 511 1562 ’

194 1597 225 1628 Si
240 1606 335 1628 autern
356 1597 500 1630 Marchias
520 1596 617 1637 Regni
637 1596 742 1628 Scotiae
762 1596 858 1636 aliquis
873 1596 1036 1628 nostrorum
1051 1597 1205 1629 hominum
1218 1620 1230 1636 ,

158 1635 309 1677 postquam
327 1637 479 1676 praedjetus
500 1637 565 1668 Rex
586 1635 639 1666 W.
662 1646 678 1666 a
697 1642 774 1675 patre
795 1634 894 1665 nostro
916 1645 948 1666 ca
969 1644 1011 1667 tus
1026 1635 1078 1667 fuit
1091 1660 1100 1674 ,
1124 1635 1228 1674 injuste

161 1675 346 1715 usurpaverit,
364 1677 494 1707 volumus
515 1684 545 1706 ut
560 1675 666 1714 integre
686 1673 863 1705 restituantur
877 1674 911 1705 &
930 1685 945 1705 a
979 1685 1046 1706 eum
1068 1674 1171 1712 statum
1185 1684 1229 1705 re—

159 1713 297 1744 ducantur
311 1725 370 1754 quo
382 1723 460 1745 erant
472 1722 536 1746 ante
548 1715 605 1752 ejus
619 1713 790 1752 captionem.
957 1734 962 1738 .

198 1751 337 1783 Praeterea
352 1753 388 1784 de
402 1755 480 1784 terris
495 1753 548 1784 suis
561 1762 626 1792 quas
640 1752 754 1782 haberet
767 1753 797 1782 in
819 1750 938 1791 Anglia,
958 1752 1004 1782 seu
1017 1752 1169 1783 dominicis
1183 1752 1228 1783 seu

159 1789 265 1830 feodis,
286 1791 391 1822 scilicet
405 1793 436 1822 in
452 1791 601 1823 Comitatu
615 1789 793 1829 Huntedon,
813 1790 846 1821 ὃε
862 1791 893 1821 in
910 1791 1045 1822 ornnibus
1061 1791 1137 1829 aliis,
1153 1792 1184 1821 in
1199 1801 1231 1822 ea

157 1827 285 1861 libertate
300 1830 334 1861 &
356 1830 560 1861 consuetudine
579 1828 715 1869 possideat
730 1829 763 1859 ὃς
785 1829 909 1859 haeredes
924 1830 980 1866 ejus
999 1831 1029 1860 in
1044 1838 1229 1868 perpetuum,

158 1877 215 1905 qua
235 1867 363 1906 praefatus
382 1869 448 1900 Rex
472 1869 646 1900 Malcolmus
667 1867 852 1905 possedit-*vel
871 1867 1009 1907 poffidere
1030 1868 1152 1907 debuit,
1179 1869 1231 1899 nisi

160 1905 309 1945 praediffitus
321 1907 386 1938 Rex
400 1907 577 1939 Malcolmus
592 1907 637 1938 vel
650 1906 774 1937 haeredes
787 1905 828 1936 sui
842 1906 944 1945 aliquid
958 1907 1054 1947 postea
1067 1907 1230 1938 infeodave-

161 1945 232 1984 rint,
250 1946 287 1975 ita
302 1953 396 1977 tamen
410 1947 506 1986 quod,
522 1948 542 1978 sl
555 1946 645 1986 aliqua
660 1944 757 1985 postea
772 1945 912 1975 infeodata
926 1945 1005 1985 sunt,
1024 1946 1148 1986 ipsorum
1169 1946 1230 1976 feo-

161 1982 267 2014 dorum
279 1983 412 2022 Servitia,
429 1985 463 2015 ad
477 1995 544 2016 eurn
558 1986 592 2016 &
607 1984 642 2015 ad
657 1985 714 2023 ejus
728 1983 851 2014 haeredes
871 1984 1041 2024 pertineant:
1061 1986 1095 2016 &
1108 1993 1210 2016 terram
1219 2008 1231 2024 ,

161 2031 248 2062 quam
265 2030 342 2062 pater
356 2023 451 2053 noster
463 2024 625 2063 praescripto
640 2022 715 2062 Regi
738 2022 789 2052 W.
806 2022 940 2060 donavit,
959 2023 988 2053 in
1010 2023 1106 2054 eadem
1121 2023 1232 2054 liberta-

161 2067 207 2100 te,
225 2072 279 2129 qpa
295 2062 380 2100 ipsam
391 2064 418 2092 ei
432 2062 528 2102 dedit,
546 2062 637 2100 ipsum
653 2061 672 2081 ²*
689 2062 723 2093 &
742 2061 866 2091 haetedes
881 2061 943 2091 suos
957 2069 1094 2102 perpetuo
1109 2061 1231 2100 posside-

160 2108 192 2130 re
206 2109 245 2130 vo
255 2109 345 2131 umus.
775 2108 778 2111 '
836 2120 843 2131 .

199 2136 388 2169 Reddidimus
409 2140 493 2170 etiarn
518 2140 545 2170 ei
566 2139 706 2179 liggantias
734 2137 887 2169 hominum
909 2138 1022 2169 suorum
1036 2161 1047 2177 ,
1073 2149 1139 2177 quas
1158 2147 1234 2180 pater

163 2176 259 2207 noster
273 2187 430 2217 receperat,
445 2178 479 2210 &
492 2187 593 2209 omnes
607 2178 704 2209 Cartas
724 2187 789 2217 quas
809 2184 885 2217 pater
906 2177 1002 2208 noster
1017 2176 1053 2207 de
1066 2178 1114 2208 illo
1132 2178 1231 2210 habuit

161 2224 212 2255 per
224 2217 386 2256 captionem
401 2217 496 2256 suam,
515 2217 548 2248 &
563 2227 627 2257 quae
647 2217 720 2248 forte
734 2226 784 2256 per
805 2216 983 2247 oblivionem
997 2224 1111 2247 retenta:
1126 2218 1171 2248 vel
1187 2218 1232 2248 in-

162 2262 257 2285 ventae
270 2254 395 2295 fuerint,
416 2265 459 2286 eas
481 2257 590 2293 penitus
609 2265 702 2286 carere
722 2255 827 2286 viribus
848 2256 1050 2295 praecipimus,
1068 2256 1233 2296 saepedietus

161 2302 233 2324 vero
246 2293 300 2324 W.
314 2293 398 2333 Rex,
415 2294 515 2334 liggius
530 2294 621 2325 homo
641 2293 737 2324 noster
755 2293 885 2324 deveniat
901 2298 916 2332 ,⁷
936 2294 972 2324 de
987 2294 1120 2325 omnibus
1139 2295 1234 2333 terris,

160 2330 198 2361 de
211 2331 313 2371 quibus
335 2335 521 2364 antecessores
542 2333 582 2364 sui
602 2332 809 2364 antecessorum
830 2331 994 2363 nostrorum
1009 2332 1084 2372 liggii
1103 2333 1235 2364 homines

162 2370 294 2409 fuerunt,
309 2371 343 2401 &
364 2371 448 2402 nobis
463 2380 545 2411 atque
566 2371 721 2402 haeredibus
741 2370 842 2402 nostris
865 2370 1026 2402 fidelitatem
1041 2373 1150 2409 juravit.
1188 2371 1236 2403 Ut

161 2417 256 2439 autem
270 2417 362 2439 ratum
376 2411 410 2441 &
424 2409 539 2442 firmum
553 2412 585 2442 fit
605 2410 680 2442 istud
695 2411 730 2443 &
749 2418 934 2450 perpetuum,
953 2410 1081 2451 praesenti
1101 2410 1186 2443 Carta
1201 2412 1235 2443 &

160 2446 261 2487 Sigillo
276 2447 376 2479 nostro
387 2448 417 2479 id
430 2450 635 2482 roboravimus,

160 2522 473 2594 Βαῇἷυᾞνῗὲλὲαηῖιιαν.
492 2561 531 2597 &⁴
711 2562 750 2603 J.
762 2563 920 2595 Dublinem.
938 2562 1170 2603 Archiepiscopis,
1191 2560 1230 2598 ῤ’

159 2598 285 2630 Wltero
302 2600 463 2639 Rothomag.
481 2600 520 2638 ό·

713 2675 838 2708 Huberto
851 2676 1031 2709 Saresberien.

714 2715 864 2753 Reginaldo
883 2716 1049 2747 Bathonien.
1080 2712 1232 2754 Epzfiopis,

159 2675 274 2712 Hugone
286 2675 449 2707 Dunelmen.

158 2714 273 2750 Hugone
286 2714 456 2746 Lincolnien.

158 2750 303 2791 Godefiia'o
320 2754 487 2784 Wntonien.
753 2753 793 2790 ὠ

157 2830 275 2859 Domino
286 2828 420 2868 Johanne
426 2829 525 2870 fratre
538 2828 636 2870 nostro.
713 2832 753 2863 H.
767 2830 880 2862 Bardol.

159 2869 195 2897 R.
212 2869 312 2897 Comite
326 2869 489 2903 Leiceslriae.
713 2869 803 2909 Steph.
820 2871 852 2900 de
872 2872 967 2909 Longo
989 2872 1089 2910 Campo
1113 2869 1232 2910 Dapise-

159 2907 200 2937 H.
214 2909 315 2936 Comite
329 2908 361 2937 de
379 2910 492 2939 Waren.
752 2919 782 2939 ro
793 2908 891 2949 nostro.

161 2981 203 3012 Et
222 2983 280 3013 aliis
302 2983 395 3015 multis
411 3007 421 3023 ‚
447 2993 463 3023 5
484 2985 529 3016 die
547 2985 727 3017 Decembris.
766 2984 835 3016 Dat.
857 2994 906 3023 per
921 2994 1039 3016 manum
1059 2985 1112 3016 W.
1132 2984 1233 3027 Elyen.

161 3019 256 3054 Eleeti
268 3020 436 3054 Cancellarii
449 3024 556 3064 nostri,
573 3025 648 3067 apud
663 3024 797 3056 Cantuar.
811 3024 908 3063 Regni
923 3023 1011 3056 nostri
1025 3023 1113 3056 Anno
1127 3025 1232 3065 primo.

674 3099 797 3138 Sigillum
807 3103 941 3138 integrum
949 3101 1050 3139 pendet
1065 3101 1097 3130 de
1102 3087 1186 3140 serico

691 3139 753 3182 filis
768 3142 857 3169 aureis
871 3137 910 3174 (θ’
925 3143 1058 3177 argenteis
1072 3142 1231 3169 intertexto.

164 3253 283 3299 Charta
308 3258 456 3294 Richardi
483 3264 572 3310 Regis
598 3261 718 3309 Angliae
742 3261 780 3296 de
802 3246 932 3298 Staturis
959 3263 1081 3299 illorum
1108 3266 1163 3310 qni
1177 3274 1234 3311 per

557 3321 644 3344 mare
660 3320 735 3344 llum
753 3323 850 3346 erant·

17 3391 97 3425 ‘Ana
111 3391 154 3423 D.
241 3389 372 3423 Ichardus
384 3390 441 3423 Dei
455 3392 552 3425 Gratia
569 3395 636 3427 Rex
656 3395 769 3438 Angliae
782 3398 817 3428 &
836 3397 906 3428 Dux
926 3397 1120 3430 Normanniae
1141 3399 1175 3430 &
1192 3399 1234 3431 A-

21 3432 105 3471 1189.

19 3472 152 3501 A.1.R.1.
169 3468 339 3508 rosolymam
355 3480 404 3510 per
419 3480 495 3501 mare
507 3471 600 3511 ituris,
618 3474 739 3505 salutem.
779 3474 876 3505 Sciatis
889 3485 941 3505 nos
950 3475 988 3505 cle

26 3604 38 3633 t

252 3431 383 3470 quitaniae
391 3455 401 3470 ,
418 3433 452 3463 &
466 3431 574 3464 Comes
589 3434 779 3475 Andegaviae,
795 3438 930 3467 omnibus
943 3437 1109 3469 hominibus
1121 3438 1173 3483 suis
1183 3439 1233 3477 Je-

1001 3486 1151 3508 commum
1186 3488 1233 3508 ro·

167 3506 273 3537 borum
289 3509 416 3539 virorum
433 3509 569 3547 consilio,
585 3511 680 3542 fecisse
701 3512 748 3544 has
765 3512 878 3550 justitias
893 3513 1060 3554 subscriptas.
1101 3488 1234 3555 Quipho-

164 3545 276 3576 minem
291 3546 321 3577 in
335 3548 400 3578 navi
417 3546 603 3587 interfecerit,
622 3559 691 3580 cum
706 3559 820 3581 mortuo
835 3552 931 3591 ligatus
951 3555 1112 3593 projiciatur
1126 3556 1156 3584 in
1171 3565 1233 3585 ma-

160 3593 203 3615 re.
239 3583 270 3614 Si
284 3593 377 3617 autem
395 3595 460 3616 eum
476 3585 510 3616 ad
522 3593 627 3616 terram
645 3588 814 3620 interfecerit
828 3613 839 3629 ,
863 3600 932 3621 cum
952 3601 1069 3624 mortuo
1083 3593 1182 3633 ligatus
1201 3594 1231 3624 in

162 3629 234 3654 terra
246 3623 407 3655 infodiatur.
446 3624 477 3655 Si
493 3625 553 3663 quis
566 3632 660 3656 autem
680 3635 729 3666 per
748 3627 890 3667 legitimos
912 3629 993 3661 testes
1007 3632 1156 3663 convictus
1171 3632 1232 3662 fue-

163 3662 202 3692 rit
219 3661 296 3699 quod
309 3663 453 3694 cultellum
473 3663 507 3693 ad
528 3663 614 3693 alium
637 3665 850 3704 percutiendum
865 3669 1027 3700 extraxerit:
1049 3678 1097 3701 aut
1111 3670 1189 3710 quod
1202 3681 1232 3702 a-

164 3699 237 3730 lium
250 3700 285 3731 ad
299 3700 461 3741 sanguinem
473 3702 633 3740 percusserit
647 3725 658 3741 ,
681 3713 808 3743 pugnum
821 3706 926 3745 perdat.
963 3707 993 3738 Si
1009 3715 1103 3740 autern
1124 3710 1160 3740 de
1174 3710 1232 3749 pal-

165 3747 213 3768 ma
225 3739 388 3784 percusserit
401 3741 458 3771 sine
472 3740 610 3771 effufione
624 3741 761 3781 sanguinis
777 3752 783 3771 :
810 3744 898 3776 tribus
919 3745 1030 3778 vicibus
1047 3756 1187 3789 mergatur
1201 3749 1231 3779 in

166 3784 246 3821 mari.
284 3778 316 3808 Si
331 3780 392 3817 quis
407 3787 501 3810 autern
522 3780 600 3810 socio
618 3780 807 3825 opprobrium
828 3791 874 3813 aut
893 3785 1039 3827 convitia,
1064 3794 1112 3817 aut
1130 3786 1230 3818 odium

167 3812 228 3859 Der
240 3816 366 3854 injecerit
381 3828 386 3846 :
413 3825 483 3856 quot
496 3819 606 3849 vicibus
619 3829 645 3849 ei
660 3819 832 3849 conviciatus
844 3820 943 3860 fuerit,
959 3830 1002 3854 tot
1022 3826 1118 3856 uncias
1133 3836 1161 3856 ar
1182 3836 1231 3856 en·

168 3859 228 3883 nei
245 3854 301 3885 det.
341 3856 543 3887 Latroautem
565 3857 600 3888 de
622 3857 698 3888 furto
717 3857 865 3888 convietus
886 3860 1033 3893 tondeatur
1053 3863 1087 3894 ad
1108 3873 1159 3894 mo
1181 3874 1230 3895 um

171 3893 340 3936 campionis,
359 3895 392 3925 δε
406 3896 453 3933 pix
469 3896 585 3928 bulliens
599 3896 677 3937 super
700 3904 784 3935 caput
805 3897 862 3934 ejus
879 3896 1038 3933 effundatur
1052 3925 1062 3940 ,
1088 3902 1122 3934 &
1137 3903 1233 3941 pluma

171 3929 320 3972 pulvmaris
333 3932 412 3972 super
425 3943 508 3976 caput
523 3936 580 3973 ejus
592 3937 746 3967 excutiatur
758 3935 793 3965 ad
806 3936 1038 3976 cognoscendum
1052 3949 1119 3971 eum
1127 3964 1137 3980 ,
1156 3942 1189 3973 ὃ(
1203 3943 1234 3973 in

171 3969 260 4007 prima
272 3976 357 4015 terra,
374 3981 428 4011 qua
447 3983 532 4007 naves
544 3974 753 4015 applicuerint,
776 3975 945 4015 projiciatur,
980 3977 1069 4012 Teste
1083 3980 1190 4021 meipso
1204 3980 1235 4014 a-'

173 4005 231 4044 pud
242 4005 417 4043 chinonem.

1271 174 1759 225 PUBLICA.

2276 205 2324 233 21

1261 356 1289 384 Ἄρ
1300 357 1415 393 Charta
1427 363 1514 394 Pacis
1525 361 1616 406 facSJae
1635 365 1712 395 inter
1728 363 1916 399 Richardum
1934 369 2044 415 Regem
2053 370 2168 415 Angliae
2186 373 2222 408 (ῤ’
2238 374 2327 405 'Tan-
2345 366 2365 386 ⁷*
2380 366 2461 396 I.66.‚

1602 411 1726 444 credam
1744 416 1851 459 Regem
1867 418 1891 447 S
1891 416 1983 450 iciliae.

1263 493 1481 555 TAncredo,
1501 493 1559 526 Dei
1575 495 1673 527 Grati&⁴
1686 496 1783 526 illustri
1797 497 1870 538 Regi
1884 500 2002 541 Siciliae,
2020 503 2150 536 Ducatfis
2163 504 2273 546 Apuliae
2286 506 2320 538 &
2341 495 2417 527 Alm-
2434 496 2475 527 D·

1341 532 1515 574 Principatfis
1532 534 1641 574 Capuae
1654 559 1663 573 ,
1689 535 1846 566 Richardus

1892 538 1990 570 eadem
2008 544 2092 580 gratia
2105 544 2169 574 Rex
2189 545 2299 584 Angliae
2314 569 2323 585 ‚
2341 546 2423 574 ¹¹9⁰·

1265 571 1335 602 Dux
1347 572 1540 604 Normanniae
1554 574 1588 605 δε
1607 574 1781 613 Aquitaniae,
1797 575 1831 605 &c
1852 562 1960 607 &omes
1980 577 2171 622 Andegaviae,
2197 584 2322 615 Salutem
2342 578 2478 604 A,2.R.1.

1266 611 1295 640 in
1311 620 1347 641 eo
1358 613 1405 650 qui
1417 612 1464 642 dat
1478 612 1604 642 Salutem
1621 612 1755 652 Regibus.
1769 647 1775 653 ι

1304 649 1384 680 Cum
1399 660 1452 691 pro
1466 650 1651 682 subventione
1664 650 1990 690 terraeJerosolymitanae
2007 655 2119 694 (quam,
2135 661 2256 695 peccatis
2270 661 2328 691 exi-

1268 689 1397 728 gentibus
1432 698 1465 719 ex
1480 690 1578 726 majori
1593 698 1668 727 parte
1684 689 1862 730 Paganorum
1882 692 2006 723 incursus
2019 694 2162 734 obtinuit,
2188 700 2221 728 ὃς
2235 700 2331 729 inimi-

1271 737 1374 758 corum
1390 712 1491 758 Crucis
1503 728 1608 759 Christi
1622 729 1726 768 gladius
1740 729 1905 768 devastavit)
1920 730 2092 770 susceptum,
2111 734 2254 774 inspirante
2266 737 2332 768 Do-

1272 767 1370 804 mino,
1385 764 1611 807 peregrinationis
1626 769 1676 799 iter
1691 777 1848 808 ageremus,
1867 778 1916 810 per
1934 778 2036 801 terram
2055 769 2176 802 vestram
2189 776 2331 806 transitum

1272 804 1425 844 facientes,
1455 807 1528 845 apud
1549 806 1707 837 Meffiinam
1724 830 1733 844 ,
1756 807 1909 838 Civitatem
1927 809 2047 840 vestram
2067 833 2077 848 ,
2110 820 2221 842 moram
2241 814 2332 844 facere

1272 843 1410 887 compulsi
1424 844 1532 883 sumuS,
1551 854 1702 876 ventorum
1716 847 1748 877 &
1766 847 1864 885 maris,
1882 847 1916 878 ὃς
1935 849 2069 889 temporis
2090 849 2269 882 inclementia
2284 863 2334 883 na-

1272 881 1420 919 vigationis
1439 883 1543 913 nostrae
1565 885 1737 924 propositum
1757 884 1923 926 detinente,
1947 887 1995 917 ubi
2015 889 2086 918 inter
2107 890 2246 927 populum
2269 901 2334 921 nos*

1271 926 1364 958 trum,
1383 919 1417 950 &
1432 920 1517 951 Cives
1532 923 1654 959 praefatae
1667 923 1741 953 urbis
1761 923 1894 954 leditione
1915 926 1977 956 casu
1999 935 2091 956 exorta
2112 928 2249 959 damnum
2268 928 2336 959 hinc

1271 957 1306 987 &
1319 958 1384 988 inde
1402 961 1521 999 contigit
1535 971 1628 991 rerum
1644 962 1676 993 ὃς
1692 962 1830 992 virorum:
1849 961 1939 994 Unde
1955 964 2046 994 visum
2066 965 2107 995 est
2122 967 2243 1003 pluribus
2257 975 2287 998 ut
2301 977 2335 999 ea

1272 996 1420 1026 occafione
1431 998 1549 1028 fraterna
1561 1000 1633 1029 inter
1644 1010 1696 1029 nos
1710 999 1824 1030 charitas
1839 1001 1872 1031 &
1884 1001 1998 1032 dilectio
2010 1004 2172 1034 turbaretur.

1310 1033 1447 1064 Curantes
1458 1036 1567 1075 itaque,
1585 1045 1616 1067 ut
1629 1037 1768 1075 decebat,
1792 1040 2016 1077 peregrinationis
2035 1041 2140 1073 nostrae
2160 1044 2333 1084 propositum

1271 1080 1419 1111 peragere,
1435 1080 1498 1102 tum
1511 1083 1560 1142 per
1581 1075 1649 1104 Nos
1662 1097 1682 1118 ,⁵
1696 1076 1729 1121 ὃς
1750 1075 1867 1105 dilectos
1882 1087 1914 1107 ac
1935 1078 2189 1122 fidelesfamiliares
2203 1082 2315 1114 nostros
2321 1106 2332 1123 ‚

1271 1117 1335 1140 tum
1348 1120 1398 1149 per
1411 1121 1511 1142 venera
1533 1112 1580 1142 iles
1594 1111 1829 1153 Archiepiscopos
1843 1114 1964 1154 vestrOS,
1983 1117 2102 1158 scilicet,

1310 1187 1476 1217 Richardum
1488 1184 1718 1229 Archiepifiopum
1732 1188 1764 1219 de
1776 1189 1919 1229 Meffizna,
1937 1188 1976 1225 (ᾤ’

1309 1226 1485 1256 Wllielmum
1499 1227 1732 1268 Archiepiscopum
1747 1229 1779 1258 de
1791 1232 1889 1259 Monte
1903 1229 2012 1268 Regali,
2030 1228 2069 1265 &0

1310 1264 1487 1295 Willielmum
1501 1266 1718 1306 Achiepifiopum
1732 1268 1763 1297 de
1775 1266 1857 1306 Risa,
1877 1267 1916 1303 όν
2167 1300 2169 1302 ,

1310 1303 1575 1346 Richardumfilium
1589 1304 1754 1336 Venerabilis
1768 1309 1827 1336 viri
1842 1305 1960 1337 Walteri
1972 1305 2134 1338 cancellarii
2146 1308 2249 1348 vestri,

1272 1379 1306 1411 &
1320 1381 1388 1425 alios
1402 1382 1477 1413 viros
1497 1384 1620 1424 egregios
1634 1381 1730 1414 miffos
1743 1392 1758 1414 a
1772 1381 1856 1415 latere
1873 1382 1983 1425 vestro,
2003 1385 2164 1423 statuimus,
2182 1394 2213 1416 ut
2226 1385 2337 1421 illibatae

1273 1429 1348 1456 pacis
1361 1421 1431 1452 inter
1443 1430 1496 1451 nos
1509 1423 1609 1453 arffius
1631 1422 1737 1453 foedera
1755 1423 1927 1461 firmentur,
1951 1426 2029 1463 cujus
2047 1425 2171 1455 formam
2194 1426 2223 1455 in
2243 1437 2338 1458 aevum

1272 1458 1433 1490 duraturam
1447 1459 1599 1502 Scriptura:
1614 1462 1752 1492 memoria
1767 1463 1935 1492 contineret.

1308 1495 1505 1529 Promiffimus
1520 1510 1588 1540 ergo
1600 1498 1697 1538 vobis,
1717 1501 1750 1531 &
1764 1501 1869 1540 Regno
1890 1499 1985 1531 vestro
2000 1523 2010 1538 ,
2031 1500 2131 1532 &toti
2152 1509 2233 1533 terrae
2246 1502 2340 1534 domi-

1273 1536 1393 1567 nationis
1405 1536 1522 1577 vestrae,
1541 1549 1590 1580 per
1605 1548 1657 1569 nos
1670 1539 1704 1570 &
1716 1539 1826 1569 nostros
1835 1563 1844 1577 ,
1860 1547 1930 1569 terra
1940 1540 1974 1570 ὃς
1988 1540 2057 1568 mari
2076 1550 2174 1577 pacem
2189 1542 2222 1572 ὃ(
2240 1553 2340 1581 perpe-

1274 1581 1352 1605 tuam
1366 1577 1518 1607 amicitiam
1533 1588 1584 1608 nos
1598 1577 1715 1608 fideliter
1729 1578 1897 1616 servaturos,
1914 1577 2007 1615 sopitis
2027 1578 2159 1609 omnibus
2178 1581 2341 1620 quaestioni<

1273 1613 1345 1653 bus,
1364 1624 1430 1654 quas
1444 1624 1506 1645 tum
1521 1615 1558 1646 de
1572 1616 1694 1647 Dotario
1714 1616 1823 1647 Sororis
1837 1617 1941 1647 nostrae
1960 1616 2081 1655 Reginae
2096 1641 2105 1656 ,
2127 1626 2188 1648 tum
2208 1620 2244 1650 de
2258 1621 2341 1651 rebus

1273 1651 1330 1682 aliis
1348 1663 1414 1690 quas
1435 1664 1484 1694 per
1498 1654 1610 1685 nostros
1631 1655 1712 1686 vobis
1732 1654 1863 1686 Nuntios
1881 1656 1996 1695 intelligi
2017 1656 2185 1688 feceramus:
2206 1658 2277 1690 Hoc
2298 1661 2341 1692 ni<

1274 1690 1429 1722 hilorninus
1442 1692 1538 1723 addito
1553 1717 1563 1732 ,
1590 1694 1666 1733 quod
1690 1695 1822 1733 quamdiu
1836 1695 1863 1724 in
1881 1693 1987 1734 Regno
2005 1694 2099 1726 vestro
2111 1704 2221 1728 moram
2242 1698 2340 1729 feceri-

1273 1739 1337 1760 mus
1347 1752 1357 1768 ,
1373 1730 1406 1761 ad
1418 1731 1610 1763 defensionem
1631 1741 1712 1763 terrae
1732 1733 1832 1764 vestrae
1852 1733 2013 1773 ubicunque
2031 1734 2175 1773 praesentes
2191 1737 2341 1777 fuerimus,

1272 1769 1354 1799 vobis
1371 1771 1503 1800 auxilium
1517 1771 1709 1811 praestabimus
1723 1781 1822 1802 contra
1835 1776 2033 1813 quemcunque
2045 1773 2093 1813 qui
2112 1774 2195 1805 vellet
2215 1785 2279 1806 eam
2296 1778 2340 1808 in-

1273 1808 1392 1846 vadere,
1408 1818 1454 1839 aut
1468 1809 1550 1839 vobis
1566 1810 1672 1841 bellum
1686 1810 1795 1842 inferre.

1311 1845 1405 1882 Hujus
1420 1857 1514 1878 autem
1528 1849 1603 1888 pacis
1617 1858 1745 1880 tenorem
1759 1850 1793 1880 δε
1805 1850 1944 1890 formam,
1982 1859 2047 1880 uam
2062 1850 2091 1880 in
2103 1860 2176 1883 voto
2190 1852 2341 1894 habemus,

1273 1884 1307 1916 &
1326 1885 1357 1916 in
1370 1887 1516 1926 proposito
1530 1888 1666 1926 gerimus,
1684 1889 1764 1919 vobis
1777 1889 1811 1919 &
1826 1888 1940 1926 vestris,
1958 1889 2040 1919 ilaesa
2055 1888 2128 1929 fide,
2145 1891 2250 1923 servare
2265 1903 2314 1931 per
2354 1931 2358 1935 .

1313 1961 1467 1992 Walterum
1485 1963 1722 2004 Rothomagensem
1736 1962 1983 2002 Archiepifiopum,

1312 2002 1463 2031 Girardum
1478 2002 1647 2042 Auxiensem
1660 2002 1908 2042 Archiepiscopum,
1927 2002 1965 2039 ὠ
1974 2012 2025 2043 per

1311 2076 1472 2115 Johannem
1485 2078 1672 2119 Ebroicensem
1685 2102 1695 2119 ‚
1719 2076 1758 2114 ὦ·

1312 2118 1487 2149 Bernardum
1498 2118 1687 2157 Baom'cenfi’m
1695 2142 1705 2158 ,
1720 2117 1872 2159 Episcopos,
1893 2116 1931 2154 &⁶
1938 2127 1989 2158 per

1276 2191 1435 2232 Jordanum
1456 2194 1489 2225 de
1511 2196 1621 2225 Humez
1644 2195 1791 2236 Constabu—
1827 2199 1968 2235 Hugonem
1983 2193 2118 2237 Bardoff,
2137 2196 2235 2237 &per

1285 2258 1287 2260 .
1314 2231 1414 2263 larium
1430 2233 1546 2274 nostrum
1556 2257 1565 2272 ,
1584 2231 1622 2269 ὠ·
1635 2242 1683 2272 per
1830 2234 1940 2273 ngan
1953 2236 1985 2265 de
1998 2235 2179 2275 chereshurg,
2199 2236 2237 2272 (ῥ’
2244 2243 2297 2276 pe?

1278 2270 1454 2302 Wllielmum
1470 2274 1501 2302 de
1517 2276 1596 2302 Curti
1628 2271 1667 2308 ῤ’
1680 2280 1728 2312 per
1829 2274 1975 2304 Robertum
1989 2275 2021 2305 de
2036 2275 2181 2315 Wzstuill,
2197 2273 2235 2310 ό·
2242 2284 2294 2315 per

1277 2309 1444 2343 Riehardum
1458 2312 1490 2342 de
1502 2296 1652 2349 camilla,
1671 2311 1768 2351 &per
1829 2315 1970 2350 Hugonem
1983 2312 2008 2343 le
2023 2316 2119 2352 Brun,
2139 2312 2177 2349 όν
2209 2325 2239 2344 er

1277 2350 1428 2379 Girardum
1440 2351 1471 2379 de
1489 2349 1618 2390 Talebot,
1637 2348 1675 2386 (ἐν
1685 2359 1736 2390 per
1829 2351 1990 2392 Johannem
2003 2353 2035 2383 de
2049 2351 2152 2391 Piller,
2221 2362 2270 2392 per

1276 2387 1425 2432 Roberiffum
1439 2390 1471 2418 de
1485 2388 1599 2428 Sablus,
1618 2387 1657 2424 ό»
1664 2398 1716 2428 per
1830 2394 1955 2421 Amastri
1968 2392 2000 2421 de
2014 2390 2174 2430 Muntfort,
2193 2390 2232 2427 &¹
2261 2401 2291 2421 er

1278 2428 1426 2457 Guidonem
1440 2429 1472 2457 de
1487 2432 1600 2467 Croum,
1616 2426 1654 2462 ὠ
1665 2437 1717 2467 per
1830 2431 1978 2459 Andream
1992 2431 2024 2460 de
2036 2430 2182 2460 Chavenni
2190 2453 2199 2469 ,
2232 2447 2237 2453 ·
2264 2439 2315 2469 per

1278 2468 1431 2495 Guarinum
1437 2465 1531 2508 filium
1544 2466 1657 2497 Geraldi
1667 2490 1676 2504 ,
1694 2464 1732 2501 ὠ·
1742 2473 1792 2506 per
1831 2467 2007 2499 W'llielmum
2020 2470 2051 2499 de
2057 2473 2130 2499 Forz
2138 2468 2287 2507 Dulerum‚
2304 2466 2344 2504 &³

1278 2506 1458 2534 Betramnum
1471 2506 1503 2536 de
1517 2506 1638 2543 Pardua,
1658 2502 1696 2540 όν
1706 2513 1754 2544 per

1279 2541 1457 2573 Willielmum
1490 2543 1735 2581 chamberlangum
1761 2544 1792 2574 de

1316 2580 1495 2619 Tantorvile,
1514 2581 1610 2621 &per

1278 2617 1425 2649 Robertum
1439 2621 1471 2650 a'e
1482 2623 1566 2650 Novo
1574 2623 1665 2658 Burgo
1673 2645 1683 2659 ,
1695 2619 1733 2655 ὠ
1741 2628 1792 2659 per

1830 2514 1996 2584 Gagtessidum
2011 2547 2042 2576 de
2054 2549 2183 2578 Rancune
2191 2569 2202 2585 ‚
2220 2545 2258 2582 ὦ·
2266 2554 2318 2586 per

1830 2587 1955 2615 Amastri
1968 2583 2060 2623 Torel,

1278 2695 1312 2727 &
1324 2705 1373 2736 per
1387 2696 1492 2727 multos
1505 2697 1574 2727 alios
1587 2697 1713 2727 Nobiles
1734 2697 1769 2728 de
1788 2698 1890 2730 familia
1910 2698 2004 2729 nostra
2023 2698 2142 2731 fecimus
2154 2722 2164 2740 ‚
2180 2701 2344 2739 juramentis

1277 2734 1404 2770 praestitis
1417 2745 1514 2766 coram
1528 2736 1668 2775 praediCtis
1679 2736 1924 2777 Archiepiscopis,
1941 2737 1975 2768 ad
1990 2738 2046 2769 hoc
2058 2739 2147 2779 ipsum
2160 2738 2343 2770 efficiendum

1277 2773 1292 2802 a
1307 2773 1389 2804 vobis
1404 2773 1544 2804 destinatis
1558 2800 1567 2813 ,
1594 2775 1626 2806 &
1641 2776 1707 2806 viris
1721 2775 1870 2807 illustribus
1884 2776 1980 2807 vestris
1993 2799 2004 2816 ,
2026 2777 2056 2807 in
2074 2778 2198 2809 animam
2218 2778 2344 2809 nostram

1277 2809 1382 2842 firmari
1397 2814 1466 2844 ficut
1480 2813 1646 2854 Capitularis
1658 2814 1749 2844 forma
1762 2817 1898 2846 continet⁷

1315 2849 1362 2881 Ut
1375 2859 1468 2882 autem
1483 2862 1535 2892 pax
1549 2852 1599 2883 ista
1619 2853 1652 2884 δε
1666 2853 1783 2884 fraterna
1797 2854 1912 2885 dileffio
1926 2876 1936 2892 ,
1959 2861 2017 2884 tarn
2035 2853 2184 2893 multiplici
2202 2865 2287 2895 quarn
2300 2865 2344 2887 ar-

1279 2889 1362 2920 ctiori
1382 2891 1500 2922 vinculo
1511 2900 1691 2922 convertatur
1706 2915 1715 2931 ,
1759 2894 1877 2924 raedietis
1892 2892 1990 2923 Curiae
2001 2892 2101 2923 vestrae
2122 2903 2153 2923 m
2209 2895 2298 2925 atibus
2316 2894 2345 2925 id

1278 2937 1313 2958 ex
1325 2937 1401 2969 parte
1414 2929 1504 2960 vestra
1518 2930 1713 2969 tractantibus,
1764 2933 1866 2962 omino
1887 2932 2051 2969 disponente
2064 2954 2074 2969 ,
2098 2941 2155 2963 con
2186 2933 2277 2964 ximus
2299 2934 2344 2964 in-

1278 2975 1320 2997 ter
1347 2966 1505 2999 Arthurum
1528 2969 1673 3009 egregium
1695 2969 1813 3001 Ducem
1834 2970 1984 3001 Britanniae
2010 2969 2184 3001 kariffimum
2206 2980 2344 3012 nepotem

1277 3005 1423 3046 nostrum,
1438 3009 1472 3038 &
1487 3008 1628 3038 haeredem
1637 3008 1673 3047 ,²¹²
1690 3008 1710 3038 si
1725 3008 1799 3039 forte
1815 3009 1869 3038 sine
1882 3009 1960 3048 prole
1973 3018 2024 3038 nos
2036 3008 2118 3039 obire
2130 3011 2298 3050 contigerit,
2307 3012 2341 3042 &

1277 3044 1446 3076 karissimam
1460 3045 1546 3085 filiam
1559 3046 1678 3076 vestram
1698 3048 1912 3078 matrimonium
1925 3048 1955 3077 in
1971 3045 2078 3077 Christi
2099 3050 2218 3084 nomine
2232 3057 2344 3081 contra-

1278 3082 1420 3115 hendum:
1441 3084 1488 3115 Ut
1503 3094 1570 3115 cum
1582 3085 1643 3123 illa,
1660 3084 1729 3115 Deo
1750 3087 1894 3123 propitio,
1922 3085 1956 3116 ad
1976 3085 2084 3116 nubiles
2102 3096 2191 3118 annos
2207 3098 2343 3126 pervene-

1277 3124 1330 3162 rit,
1349 3123 1383 3154 &
1398 3133 1448 3154 vos
1460 3132 1522 3153 eain
1538 3124 1652 3153 mittatis
1665 3123 1699 3153 ad
1721 3123 1818 3154 locum
1830 3147 1840 3163 ,
1867 3125 1917 3155 ubi
1935 3134 1994 3164 pars
2016 3134 2132 3165 utraque
2153 3127 2320 3157 consenserit

1278 3161 1428 3201 praedirstus
1444 3161 1547 3202 Nepos
1562 3161 1656 3191 noster
1675 3170 1737 3191 eam
1758 3161 1830 3192 infra
1852 3162 1909 3193 dies
1928 3162 2092 3203 quindecim
2107 3187 2117 3202 ,
2141 3164 2289 3205 postquam
2308 3149 2344 3196 ad

1278 3210 1344 3230 eum
1359 3202 1483 3239 venerit,
1500 3200 1598 3230 debeat
1610 3201 1640 3230 in
1656 3209 1773 3230 uxorem
1786 3201 1942 3241 legitimam
1954 3201 2137 3241 desponsare3
2163 3212 2226 3242 aut,
2244 3204 2264 3233 si
2285 3203 2343 3233 cel-

1278 3238 1389 3269 situdini
1410 3238 1507 3269 vestrae
1523 3239 1672 3277 placuerit,
1690 3248 1752 3269 earn
1766 3239 1836 3270 infra
1851 3250 1939 3270 annos
1958 3241 2066 3271 nubiles
2086 3241 2256 3280 desponsari,
2270 3250 2343 3280 prae-

1277 3277 1369 3307 dietus
1379 3277 1482 3316 Nepos
1495 3277 1588 3307 noster
1601 3278 1674 3314 juxra
1687 3278 1896 3315 beneplacitum
1917 3279 2041 3311 vestrum
2056 3278 2085 3310 id
2101 3280 2183 3310 faciet
2195 3302 2207 3318 ,
2231 3279 2251 3309 si
2265 3281 2342 3310 ium-

1278 3325 1341 3346 mus
1352 3315 1484 3347 Pontifex
1498 3316 1649 3356 dispensare
1662 3316 1791 3347 voluerit.

1317 3354 1452 3385 Volentes
1467 3362 1561 3385 autem
1574 3355 1617 3393 ei,
1633 3362 1766 3394 tanquam
1780 3353 1877 3386 illustri
1898 3355 2055 3394 Dominae,
2074 3355 2107 3385 &
2122 3354 2266 3394 magnifici
2279 3355 2342 3387 Re-

1276 3392 1318 3432 gis
1332 3392 1414 3432 filiae,
1430 3393 1583 3424 Dotarium
1593 3417 1603 3433 ,
1621 3396 1697 3438 quod
1711 3395 1864 3425 conveniat
1879 3417 1889 3432 ,
1914 3394 2046 3433 designari
2061 3415 2070 3431 ,
2094 3392 2128 3422 de
2145 3393 2261 3437 Ducatu
2275 3395 2342 3426 Ne-

1277 3433 1351 3469 potis
1363 3432 1451 3462 nostri
1464 3432 1517 3462 tale
1532 3431 1687 3463 Dotarrum
1699 3433 1725 3463 ei
1740 3443 1792 3473 pro
1806 3441 1882 3470 parte
1897 3432 1977 3475 ipsius
1996 3431 2120 3470 Nepotis
2133 3431 2238 3475 nostri,
2256 3434 2342 3473 pacis-

1278 3471 1386 3509 cimur,
1405 3471 1437 3502 &
1451 3471 1527 3509 quod
1543 3471 1576 3501 ad
1613 3471 1709 3503 raesens
1723 3482 1772 3512 per
1785 3471 1913 3510 praefatos
1935 3470 2029 3500 ndeles
2047 3469 2158 3500 nostros
2172 3471 2254 3508 jurari
2272 3472 2342 3503 feci·-

1276 3518 1353 3548 mus,
1372 3510 1423 3547 &,
1441 3510 1476 3540 ab
1491 3510 1551 3550 ipso
1602 3519 1685 3548 epote
1697 3510 1794 3540 nostro
1807 3508 1944 3546 concedi,
1962 3510 1976 3538 Ξι
1992 3507 2175 3551 λ’ξιῑςηαῑίϋυε
2188 3508 2228 3540 sui
2242 3509 2342 3542 Duca-

1279 3556 1337 3585 1us,
1356 3547 1503 3589 Episcopis
1518 3549 1551 3580 ὃς
1565 3549 1622 3580 aliis
1637 3550 1702 3580 viris
1714 3548 1864 3579 illustribus
1878 3548 1965 3583 jurare
1978 3546 2119 3591 sacremus.
2160 3585 2165 3591 ¹
2203 3587 2209 3592 ·

1314 3586 1469 3618 Pecuniam
1483 3597 1552 3618 vero
1564 3599 1578 3619 a
1592 3587 1804 3627 Magnificentia
1816 3584 1923 3624 vestra,
1940 3594 1993 3624 pro
2004 3594 2186 3627 matrimonio
2200 3585 2273 3626 isto,
2291 3587 2340 3618 sci·-

1277 3624 1344 3656 licet
1359 3627 1461 3665 viginti
1475 3627 1562 3657 millia
1581 3627 1728 3657 unciarum
1746 3625 1803 3655 auri
1816 3646 1826 3662 ,
1848 3634 1900 3654 nos
1920 3625 2054 3666 recepilie
2074 3623 2108 3654 ad
2125 3634 2197 3662 opus
2214 3625 2340 3665 Nepotis

1278 3664 1367 3695 nostri
1381 3666 1518 3703 fatemur,
1537 3665 1594 3695 hoc
1608 3664 1692 3704 pacto
1710 3662 1928 3701 interveniente,
1943 3670 1991 3701 ut,
2010 3665 2028 3692 ii
2052 3663 2141 3703 (quod
2153 3663 2232 3700 absit)
2246 3674 2340 3695 morte

1278 3702 1386 3734 alterius
1403 3704 1604 3734 interveniente
1619 3725 1629 3740 ,
1653 3710 1699 3732 aut
1717 3700 1799 3739 culpi
1818 3700 1906 3731 nostri
1926 3700 2050 3740 Nepotis
2062 3724 2073 3740 ,
2098 3709 2144 3732 aut
2165 3701 2276 3741 nostri,
2294 3702 2341 3734 vel

1278 3743 1361 3780 partis
1378 3743 1459 3779 ipfius
1477 3739 1699 3772 Matrimonium
1720 3749 1781 3771 non
1799 3738 1894 3777 fieret,
1912 3738 1996 3777 Nos,
2017 3747 2064 3770 aut
2085 3739 2210 3770 haeredes
2228 3741 2340 3779 nostri,

1279 3781 1380 3820 vobis,
1399 3788 1445 3811 aut
1459 3779 1555 3810 vestris
1568 3778 1742 3817 haeredibus,
1760 3778 1942 3818 supradietam
1955 3779 2106 3817 pecuniam
2126 3780 2264 3818 integram
2284 3780 2340 3810 line

1280 3818 1445 3849 difficultate
1456 3818 1487 3847 in
1500 3818 1567 3847 loco
1581 3827 1639 3855 quo
1653 3815 1827 3847 statuerimus
1842 3816 2026 3847 restituemus.

1317 3857 1404 3897 Super
1415 3856 1467 3886 hiis
1480 3863 1573 3885 autem
1588 3855 1719 3885 videlicet
1732 3878 1743 3894 ,
1770 3856 1803 3886 &
1818 3855 1853 3884 de
1868 3864 1936 3895 pace
1958 3865 2042 3896 quam
2057 3855 2205 3886 vobiscum
2220 3855 2342 3885 firmavi-

1281 3904 1362 3934 mus,
1377 3896 1410 3926 &
1426 3895 1461 3924 de
1476 3893 1659 3923 matrimonio
1676 3893 1872 3924 contrahendo
1886 3916 1896 3932 ,
1923 3893 1957 3924 &
1972 3894 2008 3925 de
2022 3894 2142 3935 pecunia
2156 3893 2342 3932 restituenda,

1281 3935 1301 3964 si
1316 3934 1406 3971 forte,
1421 3931 1560 3971 praediffis
1574 3932 1658 3962 CaUfiS
1672 3932 1862 3962 accidentibus
1876 3953 1886 3969 ,
1909 3930 2129 3963 Matrimonium
2147 3941 2207 3961 non
2222 3940 2344 3970 extaret,

1281 3971 1446 4002 Dominum
1461 3969 1564 4010 Papam
1577 3970 1783 4000 &Romanam
1791 3969 1944 4000 Ecclefiam
1960 3972 1989 4001 in
2005 3970 2176 4012 fidejuffione
2189 3971 2340 4011 ponimus,

1281 4018 1331 4048 ut,
1347 4010 1366 4040 si
1382 4009 1454 4039 forte
1468 4030 1478 4046 ,
1500 4008 1576 4047 quod
1592 4008 1672 4039 Deus
1694 4016 1818 4046 avertat,
1844 4018 1877 4038 ex
1898 4018 1974 4049 parte
1996 4009 2090 4040 nostra
2125 4017 2178 4038 acis
2200 4009 2340 4047 integritas

1281 4048 1471 4087 frangeretur,
1489 4045 1656 4085 potestatem
1670 4046 1769 4077 habeat
1785 4047 1917 4077 Romana
1932 4047 2057 4079 Ecclefia
2078 4085 2084 4090 ᾗ
2112 4056 2143 4076 os
2159 4068 2170 4090 9
2192 4047 2225 4078 &
2239 4055 2340 4077 terram

1283 4085 1409 4118 nostram
1423 4084 1573 4119 distristius
1585 4095 1716 4119 coercere
1730 4098 1741 4125 5
1765 4085 1888 4156 [ποῦἓετ
1907 4086 1942 4120 ὃς
1956 4087 1991 4119 ad
2005 4093 2217 4119 matrimonium
2230 4091 2341 4151 ⁶⁰¹1}th

2358 3024 2378 3045 ¹*
2393 3026 2416 3054 1.
2428 3025 2474 3062 67¹
