2570 4261
676 221 787 262 ET
868 220 1135 269 ACTA

0 311 42 334 nn.
51 301 94 332 D.

5 342 72 380 296.

0 386 34 411 (v.
56 389 79 406 1·

288 392 336 424 Dc
355 393 457 424 Terris
476 393 606 424 Patricio
625 390 661 423 de
678 390 808 440 Berl<eley
826 390 990 427 reddendis.

0 500 11 518 ῃ
38 495 83 522 ²4-
119 474 240 537 REX
254 475 427 506 Vicecomiti
442 474 478 504 de
495 474 636 505 Aberden.
654 475 776 505 ialutem.

15 512 48 553 'L
219 514 296 551 Quia
309 514 441 543 Patricius
452 513 488 542 de
501 512 665 552 Berkeleye‚
683 514 797 543 Tenens
810 513 922 553 noster,
940 514 975 545 ad
995 524 1094 553 pacem
1114 523 1169 545 no-

0 573 17 595 »t
46 568 102 591 355-
123 552 208 582 stram
221 551 359 589 existens,
371 552 452 581 nobis
466 550 598 581 fidelitatis
614 551 752 588 praestistit
761 553 968 592 juramentum,
986 554 1111 584 volentes
1131 554 1171 583 ei-

0 586 72 637 2'24,
120 591 194 659 ldum
215 589 339 620 Patricio
354 612 364 628 ,
389 599 505 628 propter
523 589 562 620 sui
585 590 798 628 impotentiam,
822 592 938 630 gratiam
958 592 1052 622 facere
1070 593 1172 630 specia-

130 638 177 659 em

0 664 4 670 ’
28 651 50 668 ¹⁸
66 649 103 668 m·
160 651 231 697 T’ibi
245 667 423 704 praecipimus
440 665 520 703 quod
531 675 632 695 omnes
645 673 727 695 terras
740 667 774 697 δε
785 675 945 698 tenementa
957 668 1038 706 ipsius
1051 668 1173 705 Patricii,

120 706 149 734 in
173 715 258 735 manu
275 704 390 743 nostra,
408 705 436 734 in
457 703 560 734 Balliva
578 703 627 734 tua
645 704 803 743 existentia,
822 706 877 736 una
888 715 956 736 cum
970 707 1087 737 exitibus
1108 705 1174 736 inde

143 753 206 773 erce
216 751 260 773 itis

122 754 141 782 P
161 754 398 812 Eiciem’Patricio
411 779 536 811 reddi&
549 779 692 810 deliberari
706 780 786 811 facias
802 780 931 821 indilat÷3
950 783 985 812 ita
997 782 1075 821 quod
1097 782 1175 812 idem

122 819 258 851 Patricius
272 819 353 849 faciat
364 819 447 848 nobis
463 818 569 849 servitia
581 819 645 849 inde
659 818 751 850 debita
762 820 796 850 &
810 820 947 851 consueta.

162 858 291 888 Retentis
306 865 400 887 tamen
415 856 444 886 in
458 867 544 887 manu
557 856 651 887 nostra
667 856 773 888 Castris
786 858 913 896 praedieti
926 858 1039 890 Patricii
1052 859 1086 891 &
1108 858 1178 890 For-

124 896 238 933 taliciis,
255 904 323 926 cuni
338 895 526 934 pertinentiis,
546 895 566 926 fi
579 905 643 935 quae
653 895 747 927 habet.

164 970 254 1002 Teste
268 971 351 1011 Rege
363 970 435 1011 apud
452 971 514 1002 Ber.
534 972 561 1002 8.
579 971 624 1002 die
636 971 817 1010 Septembris.

10 1058 115 1091 11.729.
168 1047 187 1068 ’¹‘
206 1047 321 1091 Eodem
344 1047 435 1091 modo
456 1048 620 1079 mandatum
639 1048 681 1079 est
702 1049 928 1080 Vicecomitibus
942 1049 1110 1088 subscriptis,
1129 1059 1183 1088 pro

129 1085 251 1155 eoffinn,
266 1085 419 1162 {2355th
431 1086 907 1165 {agganrsejssaagifiairskdessgiffilgrysh'
925 1125 1009 1156 habet
1025 1126 1112 1156 breve
1133 1126 1161 1156 V
1163 1127 1186 1156 i-

131 1164 268 1194 cecomiti
287 1163 323 1193 de
344 1162 534 1203 Edenburgh,
553 1164 589 1194 de
609 1165 784 1203 terris,.quas
803 1172 879 1194 tenet
898 1163 935 1194 de
946 1164 1063 1202 praesato
1080 1164 1187 1203 Johan-

133 1212 177 1232 ne.

138 1329 187 1361 De
197 1325 383 1374 procurando
398 1325 542 1372 quosdam
561 1323 683 1358 Nobiles
702 1325 868 1359 Hollandiie
886 1330 922 1365 (ὰ-
940 1325 1080 1359 Selandiae
1104 1334 1190 1358 veni-

187 1389 218 1409 re
236 1375 280 1407 ad
295 1378 421 1421 Regem,
437 1374 529 1419 sizper
543 1374 725 1420 completione
746 1378 932 1406 matrimonii
948 1378 1024 1407 inter
1048 1377 1190 1407 Comitem

189 1421 355 1458 Hollandiae
370 1425 406 1460 ρὰ·
430 1420 647 1455 Elizabetham
654 1422 758 1468 filiam
778 1426 875 1469 Regis.

0 1513 68 1543 Arm.
83 1509 127 1542 D.
206 1507 265 1538 EX
279 1506 386 1537 dileffis
401 1507 449 1537 sibi
471 1506 641 1546 Batonibus,
660 1506 818 1546 Militibus,
836 1508 980 1545 Scabinis,
997 1507 1196 1550 Baro-ensibus,

16 1550 101 1586 1:95.
224 1546 319 1585 probis
334 1545 514 1583 hominibus,
532 1546 566 1576 ὃς
578 1545 635 1577 aliis
650 1546 781 1577 universis
794 1546 827 1577 δε
842 1546 970 1585 fingulis,
988 1546 1024 1576 de
1076 1549 1197 1577 ciuitati-

0 1587 108 1624 An.‘24.
141 1585 194 1614 bus
213 1586 246 1615 ὃς
269 1585 349 1614 terris
367 1583 535 1622 Holaiidiae‚
553 1584 706 1624 Selandiae,
723 1585 931 1623 Sutholandiae,
950 1584 1198 1624 Kenmeriandiae,

0 1633 23 1656 Ε.
51 1638 74 1655 ι.
143 1623 176 1653 δε
192 1622 367 1661 Frissandiae,
385 1622 519 1653 salutem·

0 1671 55 1695 Par.
66 1674 110 1700 24.
182 1660 303 1691 Sinistris
316 1660 461 1692 intellectis
473 1661 633 1692 rumoribus
644 1661 680 1692 de
694 1669 788 1692 morte
803 1660 953 1699 Florentii,
972 1661 1119 1700 quondam
1138 1661 1201 1693 Co-

0 1709 110 1733 Ε,ι.ιη.
147 1699 221 1743 mitis
244 1698 414 1744 Holandiae,
439 1699 595 1744 doluimus,
619 1700 652 1731 &
671 1700 818 1744 praecipue
834 1699 870 1729 de
890 1701 989 1744 mortis
1009 1700 1090 1739 ipfius
1110 1701 1201 1732 modo

0 1751 28 1779 5·
146 1738 477 1814 ‘³“i1’2t‘e'1‘1'5313i‘32m12233u‘2
487 1737 1046 1807 (ἓὲῙῖἓἚόῑὲἓῗὲὲῖᾞὲἒιὲιῖἷέῑζζάἙὲἓώε
1059 1777 1204 1820 ditiorum

148 1814 348 1845 Comitatuum
363 1815 398 1846 &
410 1822 545 1845 terrarum
562 1815 697 1852 (quorum
706 1814 848 1853 johannes
861 1814 897 1845 de
908 1815 1053 1855 Holland,
1071 1816 1139 1847 dieti
1155 1816 1204 1846 de·

149 1853 241 1884 funeri
252 1852 323 1883 filius
337 1853 371 1884 &
386 1852 488 1891 haeres,
506 1852 683 1884 haereditario
700 1854 780 1891 jure,
798 1852 908 1883 Comes
925 1853 958 1884 δε
979 1853 1127 1886 Dominus
1148 1854 1205 1885 effe

150 1891 315 1928 dinoscitur)
332 1901 431 1922 curam
445 1890 479 1921 &
490 1900 605 1928 operam
619 1890 767 1922 efficacem
780 1901 935 1930 apponere,
954 1901 985 1923 ut:
1005 1902 1149 1924 tenemur:
1167 1892 1206 1924 Et

151 1930 286 1968 quicquid
307 1928 541 1967 tranquilitatem,
558 1930 592 1961 ὃς
612 1939 711 1969 pacem
746 1930 791 1960 seu
813 1930 894 1960 aliam
916 1931 1062 1962 utilitatem
1082 1931 1206 1970 ipsorum

152 1968 351 2000 Comitatuum
367 1968 400 1999 &
414 1975 550 1997 terrarum
562 1967 669 2006 respicit
704 1953 859 2006 diligentius
870 1979 1036 2008 procurare,

191 2006 320 2036 Dileitos
342 2007 376 2036 &
394 2005 488 2036 fideles
510 2006 638 2046 nostros,
657 1991 848 2038 Christianum
870 2007 905 2037 de
920 2008 966 2038 Ra
986 2008 1082 2046 hurst,
1102 2008 1135 2038 &
1148 2007 1209 2038 Re-

153 2044 296 2082 ginaldum
319 2044 354 2074 de
369 2044 519 2083 Jermeny,
538 2044 663 2075 Milites·
686 2044 855 2084 Magistrum
876 2045 963 2077 Ricar
985 2057 1034 2077 um
1055 2046 1090 2077 de
1112 2045 1209 2076 Have-

154 2086 233 2151 ἕως,
250 2084 284 2114 &
298 2083 461 2114 walterum
474 2083 510 2113 de
523 2082 627 2124 Bruges
641 2069 786 2122 Clericos,
806 2083 841 2114 ad
856 2094 907 2116 vos
920 2085 1048 2116 duximus
1069 2085 1210 2115 destinam

175 2132 224 2158 os,

193 2160 241 2190 Ut
253 2159 289 2190 de
303 2159 506 2198 ptaediC'oerum
520 2159 718 2191 Comitatuum
732 2160 766 2191 &
778 2169 914 2192 terrarum
929 2161 1050 2199 qualibet
1062 2161 1141 2192 bonit
1148 2161 1212 2192 Vil-

155 2197 183 2228 li
197 2197 285 2236 duos,
299 2198 345 2228 vel
361 2199 450 2236 plures
462 2199 606 2229 homines:
625 2200 658 2230 ὃς
681 2199 717 2228 de
738 2200 860 2237 qualibet
880 2200 972 2230 Patria
991 2208 1060 2238 treS,
1077 2201 1123 2231 vel
1145 2210 1212 2238 qua-

156 2245 241 2275 tuor,
259 2244 305 2266 aut
326 2237 416 2274 plures
438 2237 568 2268 homines
593 2237 734 2274 Nobiles,
752 2248 805 2275 pro
819 2238 943 2275 ipsorum
955 2239 1084 2277 arbitrio,
1102 2239 1139 2269 de
1160 2249 1213 2276 po-

158 2276 324 2305 tentioribus
338 2277 370 2306 δε
385 2275 591 2306 discretioribus
608 2275 746 2306 villarum
759 2276 792 2306 ὃ(
807 2275 959 2307 Patriarum
973 2278 1093 2314 partium
1115 2277 1214 2315 praedi-

157 2314 286 2381 ἂετυὲῃ,
303 2313 338 2343 ad
358 2323 411 2344 nos
431 2314 462 2343 in
481 2313 615 2353 Angliam
632 2315 728 2345 venire
746 2324 898 2352 procurent
911 2316 984 2353 apud
998 2315 1135 2346 San&um
1156 2314 1214 2345 Ed-

159 2361 229 2382 mun
251 2361 317 2389 um,

196 2389 238 2420 Ita
254 2389 332 2428 quod
346 2390 397 2420 sint
410 2389 518 2420 ibidem
532 2389 600 2420 infra
613 2390 727 2421 Festum
744 2390 838 2421 Sancti
853 2390 971 2422 Martini
981 2414 990 2429 ,
1009 2392 1143 2429 proximo
1154 2392 1214 2430 jam

161 2437 330 2466 venturum,
353 2438 421 2458 cum
443 2427 580 2465 potestate
600 2428 721 2466 plenaria
740 2431 774 2460 ὃς
796 2429 944 2467 mandato,
962 2440 1011 2467 per
1029 2440 1131 2460 omnes
1150 2430 1217 2461 alios

160 2467 298 2497 didtarum
314 2467 433 2503 partium
448 2466 585 2496 conceffis
599 2467 632 2497 &
645 2467 713 2497 datis
729 2467 851 2504 eisdem,

200 2504 420 2542 consentiendi,
438 2504 629 2542 approbandi,
647 2506 680 2535 &
701 2505 847 2544 firmandi,
874 2516 927 2543 pro
949 2506 1011 2543 ipsis
1030 2506 1063 2536 &
1083 2507 1218 2536 omnibus

161 2542 219 2573 aliis
239 2544 359 2581 partium
380 2542 560 2580 earumdem,
579 2553 610 2573 ea
631 2553 694 2581 quae
714 2543 862 2581 praedffitus
883 2543 1008 2582 Comes,
1037 2544 1073 2573 de
1093 2545 1218 2582 ipsorum

163 2581 354 2652 {unciorum
369 2581 487 2612 consilio
498 2582 531 2612 δε
544 2581 665 2620 aisensu,
682 2582 762 2619 super
775 2581 846 2613 statu
862 2581 1007 2612 dic'torum
1023 2582 1219 2613 Comitatiium

211 2627 364 2656 terrarum,

203 2657 333 2688 Necnon
348 2658 425 2695 super
442 2657 635 2695 completione
650 2658 683 2689 ὃς
697 2657 871 2696 perfectione
885 2660 1073 2697 matrimonii,
1092 2660 1164 2689 inter
1179 2660 1221 2697 ip-

165 2695 226 2726 sum
242 2696 393 2727 Comitem
407 2697 440 2726 &
454 2695 646 2727 Elizabetham
660 2696 744 2726 filiam
758 2696 884 2727 nostram
907 2697 1108 2736 contrahendi,
1125 2698 1223 2728 secun-

167 2734 239 2764 dum
254 2735 476 2772 conventiones,
493 2735 565 2765 inter
579 2745 631 2765 nos
644 2736 677 2766 δε
692 2735 840 2775 praefatum
851 2734 1027 2766 Florentium
1039 2736 1102 2766 alias
1121 2736 1224 2774 praelo-

168 2781 246 2803 cums
255 2786 265 2811 3

208 2811 252 2841 Ac
271 2811 349 2851 ssipet
367 2809 524 2841 firmatione
545 2811 578 2841 δε
599 2810 793 2841 observatione
815 2813 1042 2843 conventionum
1063 2812 1223 2852 hujusmodi

169 2848 277 2880 duxerit
292 2850 417 2880 facienda
431 2849 478 2879 seu
491 2851 575 2879 etiam
592 2848 753 2880 ordinanda.

209 2887 340 2918 Vestram
353 2887 575 2918 benivolentiam
590 2890 757 2925 requirentes
770 2890 900 2919 attentius
922 2890 955 2920 &
974 2897 1118 2928 rogantes,
1136 2890 1226 2928 quati-

171 2936 223 2956 nus
235 2927 440 2964 praenominatis
454 2925 552 2956 nostris
565 2926 689 2957 Nunciis
702 2928 731 2955 in
742 2926 810 2964 hiis,
828 2936 904 2970 quae¹
913 2927 992 2966 super
1014 2927 1172 2966 praemiffis,
1192 2929 1225 2959 &

173 2974 204 2994 ea
218 2965 409 3003 tangentibus,
427 2963 472 2994 vel
486 2973 519 2994 ex
539 2975 615 3002 parte
637 2964 732 2995 nostrii
750 2963 879 2996 duxerint
895 2965 1065 3004 intimanda,
1083 2966 1173 2998 velitis
1194 2966 1228 2996 fi-

174 3002 243 3033 dem
255 3002 396 3033 credulam
411 3002 550 3033 adhibere.

212 3077 281 3108 Dat.
300 3078 372 3119 apud
385 3077 522 3118 Berewyk
534 3078 612 3117 super
623 3078 763 3110 Twedam
772 3103 782 3118 ,
804 3068 849 3119 14.
868 3079 913 3110 die
926 3080 1106 3119 Septembris.

181 3204 229 3235 De
236 3201 326 3248 fhlvo
343 3201 489 3236 Condnffo
502 3213 557 3249 pro
576 3200 734 3283 Nobilibbus
750 3204 914 3238 Hollandiae
929 3204 973 3238 ad
988 3208 1095 3253 Regem
1110 3210 1231 3239 venien-

659 3261 684 3282 τι
704 3264 748 3288 us.

183 3334 297 3391 REX
317 3334 423 3366 dilectis
442 3336 475 3366 &
496 3335 622 3365 fidelibus
634 3334 704 3374 suis,
722 3335 883 3370 Christiano
895 3338 931 3370 de
945 3339 1104 3378 Raphurst,
1124 3340 1157 3370 ὅ(
1171 3339 1233 3370 Re-

257 3373 367 3412 ginaldo
380 3373 415 3404 de
425 3373 577 3412 Jerrneny,
597 3373 751 3404 Militibus:
773 3376 911 3416 Magistro
933 3378 1062 3409 Ricardo
1081 3379 1117 3408 de
1138 3378 1235 3408 Have-

182 3411 259 3449 ring,
278 3411 312 3442 &
325 3411 456 3442 Waltero
471 3412 507 3442 de
520 3412 623 3451 Bruges
638 3411 772 3450 Clericis,
791 3415 913 3445 salutem.

219 3446 298 3479 Cum
319 3459 371 3479 nos
392 3450 425 3480 ad
441 3460 528 3487 partes
540 3449 718 3488 Hollandiae,
736 3450 900 3492 zelandiae,
919 3454 1134 3493 Suthollandise,
1155 3453 1235 3484 Ken-

185 3487 363 3525 merlandiae,
381 3489 413 3519 &
434 3488 611 3527 Frissandiae,
628 3497 675 3527 ut,
697 3489 734 3519 de
754 3491 876 3527 qualibet
897 3493 973 3523 bona
995 3493 1068 3523 Villa
1090 3494 1122 3525 ὃς
1143 3493 1235 3524 Patria

185 3534 320 3556 terrarum
340 3526 549 3563 praedictarum,
571 3526 661 3563 plures
682 3527 790 3557 nobiles
810 3530 956 3569 homines,
973 3532 1006 3562 &
1024 3532 1091 3562 alios
1111 3532 1146 3562 ad
1167 3542 1233 3569 nOS,

186 3574 220 3594 ex
233 3565 310 3596 certzi
325 3564 422 3602 causa,
441 3566 470 3594 in
486 3564 602 3603 Anglia,
620 3565 692 3602 apud
705 3566 841 3597 &initum
861 3567 1064 3608 Edmundum,
1080 3571 1149 3600 infra
1171 3580 1235 3607 pro-

185 3604 294 3633 ximum
313 3602 425 3633 Festum
446 3602 541 3633 Saneti
558 3601 691 3642 Martini,
707 3606 804 3636 venire
824 3608 994 3646 procuretis,
1011 3618 1063 3640 vos
1085 3609 1236 3647 specialiter

186 3641 316 3672 duximus
331 3640 527 3680 destinandos,

225 3679 335 3709 Damus
351 3681 384 3711 ὃ(
396 3680 605 3710 committimus
614 3680 697 3710 vobis
711 3679 835 3720 plenam,
853 3689 951 3714 tenore
972 3685 1165 3723 praesentium,
1183 3695 1237 3724 po-

185 3717 317 3748 testatem
331 3717 493 3756 praestandi,
511 3718 627 3748 nomine
640 3717 758 3757 nostro,
776 3720 894 3756 praefatis
913 3722 1091 3761 hominibus,
1110 3734 1180 3762 quos
1200 3723 1237 3754 de

186 3756 329 3794 praediffis
343 3755 420 3787 Villis
432 3757 466 3787 &
478 3757 575 3793 terris,
590 3755 625 3786 ad
639 3756 729 3786 nostri
748 3756 904 3789 instantiam
923 3761 957 3792 &
977 3769 1123 3800 rogatum,
1138 3763 1184 3792 vel
1202 3763 1236 3792 ad

186 3794 352 3826 mandatum
368 3795 469 3825 nobilis
481 3795 534 3825 viri
545 3793 680 3831 johannis
695 3793 819 3825 Comitis
835 3795 1013 3837 Hollandiae,
1031 3802 1180 3839 contigerit
1199 3801 1236 3831 fic

191 3834 303 3871 venire,
322 3844 355 3864 ac
377 3833 501 3871 familiis,
524 3832 557 3864 ὃ(
579 3832 659 3863 rebus
681 3832 822 3871 ipsorum,
839 3834 945 3865 salvum
963 3837 996 3867 &
1017 3837 1145 3868 securum
1167 3848 1238 3869 con-

41 3872 175 3912 ⁰11.730.
191 3868 329 3909 duCtum,
345 3881 402 3902 tam
419 3872 447 3901 in
462 3872 480 3891 *Ε
496 3870 637 3901 veniendo
654 3872 682 3900 in
698 3871 829 3911 Angliam
843 3873 877 3902 ad
890 3873 989 3905 locum
1002 3876 1188 3916 praedictum,
1204 3879 1238 3909 δί

187 3907 299 3939 ibidem
311 3909 465 3948 morando,
482 3909 568 3948 quarn
581 3909 681 3939 exinde
693 3910 728 3940 ad
741 3911 850 3950 propria
865 3911 1018 3943 redeundo.

38 3355 115 3387 Ann.
125 3354 167 3385 D.

67 3394 150 3434 1296.

39 3438 93 3460 An.
115 3442 159 3468 ²4·

39 3493 95 3536 Ruit.
108 3494 167 3536 „¹412-

39 3556 110 3574 man.
126 3556 172 3582 24.

40 3588 70 3612 Ξ.
92 3593 119 3615 1.
134 3595 171 3613 m.

42 3630 88 3658 ¹5·

231 3983 266 4014 In
279 3985 373 4024 cujus,
392 3987 452 4018 &c.
472 3986 556 4025 usque
571 3985 605 4017 ad
615 3984 730 4018 Festum
744 3986 853 4018 Natalis
869 3986 992 4018 Domini
1011 3991 1146 4030 proximo
1166 3991 1243 4023 fiitu-

195 4031 260 4052 rum
273 4022 421 4056 duraturas.

232 4096 302 4132 Dat.
319 4098 392 4141 apud
402 4099 538 4147 Berewyk
551 4101 629 4141 super
644 4101 804 4142 wedam,
825 4102 870 4134 16.
884 4101 930 4134 die
944 4101 1121 4143 Septembris.

1220 216 1691 263 PUBLICA.

2182 241 2199 268 ι
2209 231 2234 267 6
2239 240 2264 278 5

2270 308 2346 338 Anti.
2355 306 2398 339 D.

2295 347 2380 386 1296.

1258 385 1316 419 Ad
1331 385 1547 433 thphardum
1561 389 1598 422 de
1611 391 1745 436 Barfizlio
1755 391 1847 439 fhper
1865 395 2002 441 Negotiis
2015 394 2192 431 Hollandiae.
2266 386 2334 413 Edv.
2357 395 2381 414 ¹·

1203 469 1316 526 REX
1335 469 1440 501 Nobili
1461 472 1540 511 viro,
1558 472 1719 513 Wulpharo
1737 475 1773 507 de
1786 476 1922 518 Barsalee,
1942 477 2075 511 Domino
2089 479 2125 512 de
2139 480 2254 512 Zande-
2270 475 2384 537 *pff-1²4·

1274 509 1366 548 burgh
1377 532 1386 547 ,
1403 509 1524 540 salutem.

1243 546 1379 591 LitteraS,
1397 557 1462 585 quas
1473 549 1584 579 noviter
1595 549 1687 581 vestra
1699 551 1888 584 benivolentia
1908 556 1990 586 nobis
2010 556 2098 596 misit,
2116 557 2253 589 intellexi·
2272 551 2327 575 Rst.
2343 546 2402 573 ‘¹¹²‘

1207 592 1269 614 mus
1281 585 1443 622 diligenter:
2274 596 2343 615 man.
2359 593 2406 618 ²4·

1245 622 1283 666 Et
1295 623 1375 661 super
1387 624 1454 661 hiis,
1474 633 1537 663 quae
1552 625 1615 663 ipsae
1636 626 1734 657 litterae
1755 629 1936 660 continebant
1971 631 2143 664 voluntatem
2164 634 2196 666 &
2214 634 2258 664 in-
2276 630 2304 654 Ε·
2324 632 2346 650 ¹‘
2362 630 2397 649 m·

1208 670 1365 692 tentionem
1388 661 1512 692 nostram
1533 664 1707 702 exposuimus
1729 665 1835 696 dileffis
1856 668 1889 698 &
1911 654 2036 699 fidelibus
2059 671 2160 701 nostris
2173 672 2260 703 Chri-
2283 664 2323 692 ²⁶·
2337 663 2364 691 ὦ

1210 698 1299 729 stiano
1312 699 1347 743 de
1364 699 1520 739 Rapliurst,
1538 703 1572 732 &
1589 702 1745 741 Reginaldo
1764 704 1800 734 de
1818 704 1967 746 Jermeny,
1985 706 2139 739 Militibus:
2161 710 2260 748 Magi-

1210 736 1268 767 stro
1284 737 1410 768 Ricardo
1424 739 1459 768 de
1470 739 1634 778 Havering,
1651 740 1683 772 &
1698 741 1827 773 Walter-o
1838 743 1874 773 de
1893 743 2012 783 Bruges,
2033 746 2170 787 Clericis‚
2189 758 2262 787 quos

1211 775 1355 820 ad‘partes·
1364 775 1481 813 vestras,
1500 787 1614 816 propter
1626 780 1682 809 hoc
1695 779 1844 818 specialiter
1861 781 2045 813 destinamus:

1250 813 1444 844 Dilectionem
1465 815 1585 846 vestram
1604 819 1772 854 requirentes
1791 821 1918 850 attentius
1935 820 1969 850 ὅ(
1987 829 2116 860 rogantes
2131 845 2140 860 ,
2167 833 2262 861 quate-

1213 861 1264 882 nus
1283 861 1343 894 ea,⁴
1356 862 1419 890 quse
1437 853 1536 892 vobis,
1561 863 1595 884 ex
1614 864 1688 892 parte
1706 856 1820 894 nostra,
1847 867 1895 895 per
1913 859 2027 889 eosdem
2047 859 2081 889 N
2084 862 2181 891 uncios
2200 872 2264 891 nos-

1214 898 1272 920 tros
1298 894 1448 920 reserentur
1501 892 1535 922 &
1561 903 1610 929 per
1628 893 1770 924 Nobilem
1791 896 1883 926 virum
1897 920 1906 934 ,
1935 897 2098 934 Johannem
2116 898 2267 929 Comitem

1215 927 1395 972 Honllandice,
1414 914 1537 960 velitum
1556 930 1738 970 Dominum,
1757 934 1977 974 mandabantur,
1994 936 2085 967 velitis
2097 939 2190 975 operis
2205 947 2269 968 exe-

1215 974 1330 997 cutione
1348 967 1501 1004 complere.

1252 1003 1320 1035 Dat.
1338 1004 1411 1042 apud
1424 1005 1560 1045 Berewyk
1577 1006 1655 1044 super
1672 1007 1828 1046 Twedam,
1851 1010 1893 1039 16.
1912 1010 1957 1041 die
1975 1011 2156 1049 Septembris.

1267 1080 1437 1125 Consimiles
1463 1080 1730 1125 literaendiriguntur
1753 1083 1884 1115 Waltero
1909 1085 1945 1116 de
1967 1086 2136 1128 Crumughe
2161 1091 2195 1122 &
2219 1090 2274 1121 toti

1222 1118 1431 1151 Commumtati
1450 1118 1604 1150 Zelaiidiae.

1259 1157 1348 1196 Item,
1371 1157 1530 1188 consimiles
1549 1159 1647 1190 litterae
1665 1158 1820 1198 diriguntur
1837 1160 2020 1201 Burgensibus
2039 1165 2072 1194 ὃς
2095 1166 2192 1202 probis
2208 1166 2277 1197 Ho-

1224 1197 1346 1227 minibus
1363 1195 1399 1226 de
1418 1194 1530 1226 Zierixe
1548 1197 1575 1227 in
1594 1196 1756 1229 Hollandia.

1262 1233 1527 1278 Item,·confimiles
1543 1235 1642 1266 litterae
1659 1236 1815 1275 diriguntur
1832 1237 1971 1277 Scabinis,
2000 1238 2187 1280 Consulibus,
2211 1243 2278 1273 toti-

1225 1283 1281 1312 que
1298 1272 1482 1303 Univerfitati
1500 1274 1595 1312 oppidi
1614 1273 1824 1306 Dordracensis.

1264 1310 1530 1379 ItemAXconfimiles
1547 1312 1645 1343 litterae
1661 1313 1818 1352 diriguntur
1837 1314 1917 1345 Loef
1929 1314 1966 1345 de
1983 1315 2092 1354 Cleve,
2109 1333 2122 1340 -
2141 1334 2159 1345 —<
2172 1317 2280 1348 Domi·

1227 1359 1266 1380 no
1284 1349 1320 1379 de
1378 1348 1437 1386 cle,
1455 1367 1468 1372 -
1485 1368 1498 1372 -
1517 1368 1530 1374 -
1547 1369 1560 1374 -
1585 1349 1718 1381 Domino
1737 1352 1772 1382 de
1791 1352 1902 1391 Leeka,
1926 1352 2080 1385 Militibus:
2107 1354 2282 1394 Cunetisque

1227 1387 1392 1418 hominibus
1410 1387 1508 1418 inclitis
1526 1389 1609 1419 totius
1628 1388 1791 1422 Comitatus
1808 1390 1979 1422 Hollandiae.

1566 1516 1623 1546 Pro
1644 1516 1755 1547 Comite
1772 1516 1944 1550 Hollandiae.

1234 1596 1346 1655 REX
1365 1598 1454 1628 nobili
1472 1598 1559 1636 Viro,
1585 1598 1663 1628 Loef
1677 1598 1714 1629 de
1732 1599 1841 1639 Cleve,
1866 1600 1977 1632 Comiti
1995 1601 2030 1632 de
2047 1601 2203 1635 Cirkerode
2216 1627 2226 1643 ,
2250 1604 2285 1635 &
2306 1593 2431 1625 Μηθ-

1245 1674 1285 1704 h
1306 1636 1440 1668 Domino
1457 1637 1494 1667 de
1510 1637 1721 1676 Toeneborch,
1738 1638 1852 1669 salutem
1870 1640 1903 1670 &
1920 1640 2032 1671 sincerae
2050 1642 2206 1673 dilectionis
2216 1642 2286 1674 affe-
2303 1634 2409 1699 A¹29⁶·

1237 1684 1253 1704 c
1287 1685 1325 1704 m.
2331 1684 2343 1699 h
2373 1682 2417 1707 24.

1276 1713 1402 1751 Litteris,
1423 1724 1488 1752 quas
1506 1713 1588 1743 nobis
1605 1712 1728 1752 misistis,
1746 1723 1882 1754 gratanter
1900 1718 2033 1756 receptis,
2050 1718 2132 1748 vobis
2142 1719 2288 1750 referimus
2303 1713 2333 1736 E.
2356 1720 2378 1737 ¹·

1239 1752 1339 1782 multas
1356 1760 1443 1790 grates
1460 1762 1518 1783 tam
1535 1752 1571 1782 de
1588 1753 1657 1790 hiis,
1676 1762 1738 1790 quae
1756 1754 1892 1784 curialiter
1909 1756 1992 1786 nobis
2008 1756 2158 1787 mandastis
2170 1767 2220 1796 per
2234 1769 2289 1796 eas,
2306 1754 2361 1776 ΚΝ·
2376 1746 2437 1776 ‘¹¹²‘

1240 1790 1325 1827 quani
1344 1791 1425 1820 etiam
1443 1790 1478 1821 de
1497 1791 1573 1821 bona
1590 1791 1734 1822 voluntate
1752 1793 1784 1822 &
1803 1792 1953 1824 affee‘tione
1964 1817 1973 1832 ,
1993 1804 2077 1831 quam
2095 1795 2130 1825 ad
2148 1806 2201 1826 nos
2219 1798 2291 1834 geri—
2309 1796 2378 1814 man.
2392 1794 2439 1820 ²4·

1240 1829 1272 1858 tis
1287 1829 1320 1859 &
1337 1829 1460 1866 habetis,
1487 1838 1573 1867 quam
1591 1829 1721 1868 quidem,
1748 1833 1902 1868 quaesumus
1921 1834 2114 1863 continuatam
2131 1834 2293 1873 subsistere,
2310 1829 2338 1851 E.
2354 1835 2375 1851 ¹*
2386 1834 2422 1850 '⁰’

1236 1868 1313 1906 juxta
1332 1867 1407 1905 quod
1426 1866 1564 1897 credimus
1582 1868 1615 1898 δε
1632 1868 1782 1905 speramus:
2313 1861 2424 1900 ¹⁶·d07fi

1278 1905 1452 1935 Intendimus
1468 1907 1559 1944 itaque
1576 1906 1659 1936 talem
1677 1906 1709 1936 ad
1727 1917 1794 1942 VOS,
1820 1907 1868 1938 suo
1886 1907 1953 1939 loco
1972 1909 2006 1940 &
2024 1917 2168 1950 tempore,
2192 1911 2294 1942 habere

1241 1942 1397 2011 resigeetum
1410 1968 1420 1982 ,
1452 1945 1531 1982 quod
1555 1944 1715 1982 hujusmodi
1739 1945 1840 1976 vestra:
1865 1947 2013 1977 voluntatis
2031 1947 2148 1979 affeffio
2163 1949 2296 1982 adveniet

1243 1992 1282 2013 vo
1305 1992 1325 2012 is
1364 1991 1427 2012 rata.

1281 1992 1428 2051 Caetgeriim
1446 2019 1564 2050 dileetos
1583 2020 1616 2050 &
1635 2020 1727 2051 fideles
1745 2021 1871 2060 nostros,
1889 2022 2079 2054 Christianum
2097 2024 2133 2055 de
2146 2024 2299 2067 Raphurst,

1245 2059 1278 2088 &
1297 2058 1486 2097 Reginaldum
1504 2059 1540 2088 de
1553 2058 1687 2097 Jemieny
1702 2083 1712 2097 ,
1739 2059 1847 2090 Milites
1863 2071 1869 2090 z
1897 2061 2068 2100 Magistrum
2087 2063 2244 2095 Ricardum
2263 2065 2300 2095 de

1245 2095 1407 2135 Havering,
1425 2097 1458 2128 &
1476 2096 1638 2127 Walterum
1655 2097 1690 2127 de
1707 2096 1828 2138 Bruges,
1846 2098 1993 2139 Clericos,
2011 2101 2046 2131 ad
2063 2111 2132 2140 voe,
2157 2102 2191 2132 ad
2210 2111 2300 2142 partes

1245 2134 1424 2172 I-lollandiae,
1443 2134 1625 2173 destinantes,

1285 2173 1478 2204 Nobilitatem
1493 2173 1613 2204 vestram
1632 2182 1763 2212 rogamus
1776 2199 1785 2212 ,
1811 2177 1938 2213 quatinus
1957 2186 2003 2215 ea,
2028 2187 2093 2215 quae
2110 2177 2198 2209 iidem
2213 2178 2304 2209 Nun-

1248 2212 1285 2242 cii
1303 2211 1389 2241 nostri
1414 2222 1465 2242 vos
1484 2221 1517 2241 ex
1536 2221 1610 2249 parte
1628 2212 1722 2242 nostra
1742 2215 1884 2251 requirent
1899 2238 1909 2252 ,
1938 2215 2026 2245 velitis
2045 2226 2115 2246 cum
2151 2218 2303 2254 romptitu-

1249 2249 1314 2280 dine
1331 2249 1423 2280 facere
1439 2250 1472 2280 &
1491 2250 1650 2288 complere,
1668 2250 1724 2282 una
1742 2261 1810 2281 curn
1826 2252 1876 2281 hiis
1892 2262 1957 2290 quae
1974 2253 2093 2283 Nobilis
2140 2255 2178 2293 ir,
2192 2255 2304 2293 Johan-

1249 2298 1299 2357 3OE
1316 2287 1425 2319 Comes
1442 2287 1604 2320 Hollandiae
1617 2311 1627 2328 ‚
1652 2289 1733 2322 vobis
1751 2299 1800 2328 per
1816 2288 1917 2321 litteras
1932 2290 1989 2322 suas
2006 2292 2114 2324 duxerit
2133 2292 2306 2325 demandan-

1272 2337 1297 2358 a.

1290 2402 1358 2434 Dat.
1375 2403 1448 2440 apud
1463 2402 1599 2442 Berewyk
1612 2402 1691 2442 super
1703 2403 1864 2442 Twedam,
1886 2404 1930 2435 16.
1948 2405 1995 2436 die
2010 2405 2188 2444 Septembris.

1500 2527 1685 2560 aremoriale
1697 2538 1752 2573 pro
1769 2529 1874 2561 Santra
1892 2527 2060 2564 Cuthberw.

1258 2610 1369 2668 IREX
1389 2611 1542 2649 omnibus,
1559 2610 1593 2641 ad
1613 2608 1701 2650 quos,
1717 2613 1777 2643 δίς.
1797 2611 1920 2644 salutem.
2327 2629 2394 2661 An„
2415 2626 2448 2658 D

1348 2649 1394 2680 Ut
1413 2648 1543 2679 Creatori
1561 2649 1658 2680 nostro
1675 2651 1705 2681 in
1725 2650 1865 2681 beneficiis
1880 2652 2067 2692 gratificemur
2083 2655 2221 2692 acceptis,
2242 2652 2312 2684 San·
2353 2652 2427 2705 12ρό
2449 2650 2458 2657 '

1258 2686 1319 2718 &os
1337 2688 1413 2726 suos,
1432 2696 1504 2726 quos
1522 2687 1602 2725 ipsius
1619 2688 1742 2719 honorat
1760 2689 1902 2729 dignatio,
1920 2692 1953 2722 ὃς
1971 2693 2000 2721 in
2019 2693 2119 2730 quibus
2137 2703 2203 2724 eum
2216 2693 2311 2724 hono·
2324 2710 2367 2735 A„
2398 2690 2444 2741 ²4·-

1258 2736 1315 2760 rare
1329 2726 1479 2764 jubemur,
1502 2728 1639 2764 promptis
1656 2727 1816 2759 devotionis
1835 2728 1965 2760 humanae
1981 2739 2034 2761 nos
2051 2729 2133 2762 decer
2150 2731 2244 2762 studiis
2259 2732 2314 2762 ho-
2328 2751 2349 2774 E
2371 2730 2401 2772 ἰ,

1259 2774 1374 2795 norare:

1298 2802 1352 2841 Et,
1367 2803 1438 2833 inter
1453 2802 1535 2841 alios,
1553 2804 1695 2841 praecipue
1707 2803 1821 2834 beatum
1835 2804 2025 2837 Cutliberturn
2034 2830 2044 2845 ,
2060 2807 2215 2846 gloriosum
2229 2807 2315 2838 Chri-

1261 2840 1295 2871 sti
1313 2841 1532 2879 Confefforem²
1549 2843 1586 2872 eo
1605 2842 1632 2872 d'
1653 2843 1714 2873 nius
1731 2845 1873 2882 venerari,
1890 2847 1950 2883 quo
1969 2854 2044 2883 pater
2062 2856 2200 2884 aeternus,
2218 2847 2266 2884 qui
2284 2847 2314 2876 in

1261 2879 1368 2910 Sanctis
1387 2879 1438 2910 suis
1456 2889 1521 2911 vere
1540 2880 1669 2910 mirabiis
1682 2904 1692 2918 ,
1724 2881 1812 2918 ipsum
1831 2883 1968 2920 majorum
1994 2884 2139 2921 splendore
2163 2884 2314 2915 miraculo-

1263 2928 1326 2950 rum
1343 2918 1496 2957 illustrans,
1520 2917 1666 2948 manifeste
1683 2919 1849 2952 monstravit
1868 2931 2004 2959 quantum
2021 2921 2072 2952 fibi
2086 2922 2202 2953 honoris
2221 2923 2254 2954 &
2272 2932 2318 2954 re-

1262 2958 1394 2988 verentiae
1410 2956 1553 2987 debeatur.

1303 2994 1436 3025 Volentes
1448 2995 1530 3033 igitur
1547 3001 1578 3024 ut
1591 2995 1745 3034 aeternum,
1763 2997 1793 3026 in
1808 2995 1931 3027 Ecclesia
1945 2996 2147 3037 Dunelmenfi,
2161 2999 2190 3029 in
2203 2998 2260 3037 qui
2273 2999 2318 3037 ip—

1265 3033 1317 3064 sius
1330 3033 1423 3063 Sanffl
1436 3042 1536 3070 corpus
1550 3034 1708 3075 venerabile
1732 3035 1892 3074 requiescit,
1912 3037 2074 3067 memoriale
2093 3046 2250 3077 remaneat,
2267 3047 2318 3076 per

1266 3071 1344 3111 quod
1357 3071 1454 3102 futuris
1468 3080 1526 3101 tem
1548 3070 1643 3101 ot1bus
1656 3071 1744 3102 nostri
1758 3073 1916 3104 recordatio
1930 3075 2021 3114 vigeat
2033 3076 2061 3105 in
2076 3075 2188 3106 eadem:

1302 3110 1321 3130 ³*
1331 3109 1378 3140 Ad
1392 3110 1501 3141 laudem
1550 3110 1592 3147 ei,
1610 3109 1643 3139 &
1656 3110 1776 3148 ejusdem
1790 3111 1902 3149 glorioii
1917 3110 2094 3144 Confefforis
2106 3113 2146 3144 sui
2153 3113 2319 3153 cuthberti,
2334 3122 2345 3139 ⁹
2358 3121 2463 3157 11.731.

1266 3147 1455 3179 concessimus
1478 3157 1531 3185 pro
1552 3148 1633 3177 nobis
1647 3169 1656 3183 ‚
1680 3149 1714 3179 δε
1732 3149 1888 3180 haeredibus
1910 3150 2010 3181 nostris
2024 3174 2034 3190 ,
2057 3151 2164 3182 dileffis
2187 3152 2269 3183 nobis
2289 3154 2319 3183 in

1267 3185 1404 3225 Christo,
1422 3183 1515 3216 Priori
1537 3188 1570 3216 &
1591 3184 1754 3217 Conventui
1777 3187 1862 3218 dietae
1883 3187 2017 3220 Ecclesiae
2030 3189 2233 3228 Dunelmensi,
2251 3201 2318 3229 qua-

1266 3225 1390 3264 draginta
1410 3225 1507 3262 libras,
1532 3223 1643 3260 singulis
1663 3226 1757 3263 annis,
1775 3224 1809 3255 ad
1829 3225 2005 3258 Scaccarium
2025 3227 2153 3259 nostrum
2174 3229 2318 3266 Berewyci

1267 3263 1345 3301 super
1360 3262 1500 3294 Twedam
1513 3260 1622 3292 duobus
1635 3264 1758 3305 terminis
1773 3265 1978 3304 percipiendas,
1997 3277 2083 3296 unam
2106 3266 2235 3297 videlicet
2255 3277 2317 3296 me-

1266 3301 1396 3332 dietatem
1411 3301 1444 3331 ad
1461 3300 1573 3330 Festum
1589 3300 1683 3330 Sanffh
1694 3300 1811 3332 Martini
1825 3302 1974 3340 hyemalis:
1988 3303 2027 3335 Et
2041 3305 2120 3335 aliam
2135 3305 2315 3334 medietatem

1268 3339 1303 3370 ad
1326 3339 1440 3369 Festum
1460 3338 1652 3368 Peiitecostes:
1674 3340 1818 3377 quousque
1841 3351 1890 3380 per
1909 3352 1978 3380 nos,
1997 3343 2039 3372 vel
2053 3342 2174 3372 haeredes
2187 3341 2316 3381 nostros,

1268 3378 1369 3408 eisdem
1385 3378 1471 3407 Priori
1486 3378 1518 3407 ὃς
1533 3375 1713 3414 Conventui,
1730 3378 1774 3409 vel
1790 3388 1890 3409 eorum
1903 3380 2118 3418 successoribus,
2135 3380 2171 3410 de
2195 3390 2315 3418 compe-

1269 3418 1339 3448 tenti
1360 3415 1555 3446 Ecclesiastico
1578 3415 1734 3458 beneficio,
1754 3426 1787 3446 ex
1800 3427 1859 3455 quo
1874 3419 2050 3458 quadi-aginta
2061 3419 2142 3448 libras
2157 3420 2316 3457 annuatim,

1269 3454 1393 3485 deduCtis
1407 3455 1558 3491 sumptibus
1574 3454 1606 3484 δε
1621 3457 1761 3493 expeniiS,
1778 3456 1934 3494 percipere,
1954 3457 1986 3488 &
2000 3457 2102 3487 habere
2123 3457 2247 3494 valcant,
2264 3459 2319 3487 im-

1270 3502 1434 3531 perpetuum
1449 3494 1476 3522 in
1493 3492 1597 3530 Regno
1612 3490 1716 3522 Scoriae
1731 3492 1763 3523 sit
1778 3494 1930 3530 provisum*

1309 3532 1414 3599 Qla‘g'e
1416 3530 1536 3598 1quidem
1551 3527 1761 3561 conceffionein
1777 3532 1894 3562 facimus
1909 3532 2117 3564 conditionibus
2126 3542 2189 3572 quae
2201 3533 2322 3572 sequun-

1271 3578 1315 3601 tur
1350 3579 1378 3599 νι
1425 3577 1494 3606 icet,

1308 3593 1400 3647 Q⁷uod
1413 3607 1531 3647 praefati,
1549 3605 1631 3636 Prior
1645 3607 1678 3637 &
1694 3606 1879 3647 Conventus,
1893 3609 1926 3639 δε
1941 3618 2041 3639 eorum
2053 3609 2219 3640 successores
2228 3632 2239 3649 ,
2251 3620 2319 3648 qua-

1271 3647 1338 3677 libet
1354 3646 1471 3676 duarum
1485 3644 1676 3674 Festivitatum
1688 3645 1782 3675 Sancti
1804 3645 1956 3677 Cuthberti
1966 3670 1975 3684 ,
1989 3647 2110 3685 scilicet,
2128 3648 2157 3678 in
2176 3649 2321 3688 principali

1273 3684 1445 3722 Festivitate,
1472 3684 1503 3713 δε
1523 3684 1552 3712 in
1573 3682 1656 3714 Festo
1679 3682 1858 3714 transsationis
1879 3685 2000 3722 ejusdem
2049 3684 2212 3718 distribuant
2232 3688 2320 3718 tribus

1273 3724 1394 3754 millibus
1410 3731 1575 3760 pauperum,
1594 3722 1722 3758 cuilibet,
1737 3722 1884 3760 videlicet,
1902 3733 1990 3753 unum
2003 3708 2162 3754 d’enarium:

1309 3761 1346 3794 Et
1368 3762 1464 3791 babeat
1484 3759 1560 3789 idem
1578 3758 1764 3798 Conventus,
1784 3761 1812 3790 in
1832 3760 1952 3798 qualibet
1971 3761 2089 3799 ipsarum
2108 3761 2322 3803 Festivitatum‚

1274 3801 1472 3839 quinquaginta
1484 3797 1584 3827 solidos
1599 3806 1652 3836 pro
1667 3799 1779 3835 pitantia
1791 3798 1852 3828 sua:

1311 3838 1349 3868 Et
1368 3837 1447 3875 quod
1472 3835 1612 3873 praediffi,
1630 3835 1711 3866 Prior
1732 3838 1766 3867 &
1787 3836 1969 3875 CoiiventuS,
1987 3837 2021 3868 &
2042 3847 2142 3870 eorum
2155 3838 2324 3872 succeffores

1274 3877 1433 3913 inveniant,
1450 3874 1530 3904 dietis
1545 3872 1760 3912 Festivitatibus,
1777 3874 1849 3904 duos
1862 3884 1979 3912 magnos
1992 3885 2103 3915 cereos,
2118 3878 2274 3915 quemlibet
2287 3879 2324 3910 de

1275 3915 1374 3955 viginti
1388 3914 1460 3943 libris
1475 3922 1547 3943 cerae
1557 3913 1634 3950 juitta
1648 3922 1785 3952 magnum
1800 3913 1899 3956 altare,
1914 3922 1977 3943 ante
1988 3913 2122 3945 feretrum
2134 3915 2204 3947 dicti
2226 3917 2322 3948 Sanffi

1276 3951 1549 3996 decenter-polim,
1574 3951 1607 3981 δε
1626 3950 1766 3995 ardentm,
1791 3952 1926 3989 quamdiu
1948 3951 2052 3996 Missa,
2077 3953 2122 3984 vel
2144 3954 2217 3985 aliud
2240 3956 2324 3985 obse-

1278 3993 1376 4036 quium
1414 4000 1444 4019 in
1465 3989 1568 4020 eisdem
1589 3988 1800 4027 festivitatibus,
1816 3989 2001 4021 celebrabitur
2020 3990 2066 4022 seu
2084 3991 2274 4024 decantabitur
2292 3994 2322 4024 in

1280 4013 1403 4060 hcclesi’a
1417 4027 1580 4065 supradicta:

1319 4067 1449 4097 Necnon
1463 4065 1604 4095 inveniant
1617 4065 1688 4096 duos
1703 4066 1826 4096 minores
1841 4076 1954 4104 cereOS,
1971 4066 2072 4099 formae
2086 4068 2132 4100 seu
2145 4069 2255 4099 stamrae
2274 4066 2324 4099 de-

1281 4106 1370 4138 centis
1380 4127 1390 4145 2
1406 4105 1438 4136 &
1452 4103 1583 4143 ponderis
1596 4105 1871 4183 congruentis-&agre
1886 4105 2017 4138 vexillum
2028 4106 2112 4146 ipfius
2126 4107 2333 4174 Sandtifflrzuet

2328 2789 2385 2812 Par.
2396 2792 2441 2818 24.

2330 2827 2359 2850 Ε.
2375 2829 2444 2849 μω.

2331 2870 2360 2896 4.
