2570 4261
696 128 809 170 ET
891 129 1163 171 ACTA

0 211 118 250 Ann.D-
173 213 318 246 Praesentis
339 214 430 253 scripti
447 222 562 252 tenore,
579 221 690 245 certum
704 214 737 245 &
750 214 908 246 veridicum
921 215 1115 247 testimonium
1134 225 1196 254 per-

18 257 101 294 1289.
134 253 283 292 hibernus,
301 253 378 292 quod
395 253 543 292 praedictus
559 252 704 283 Dominus
721 252 786 283 Rex
794 253 949 290 Jerusalem
962 256 996 286 &
1010 254 1130 291 Siciliae,
1148 254 1195 284 fir-

0 299 55 327 de.
78 305 101 322 i.
134 302 182 322 ma
201 293 300 323 notitia
320 293 402 322 nobis
422 301 507 322 notus
520 315 530 330 2
550 291 682 329 praedicta
697 290 743 321 die
754 291 853 321 ultima
867 291 1003 323 Octobris
1038 293 1071 323 ad
1083 292 1196 323 dictum

134 331 235 361 locum
249 354 258 368 ,
282 332 331 369 qui
352 330 454 361 dicitur
474 331 546 361 inter
567 328 683 359 Collem
703 329 740 359 de
759 328 927 360 Paniczariis
948 331 981 362 &
997 316 1195 369 sunakeriam,

134 378 200 400 ante
214 369 315 400 horam
327 369 541 407 tertiam‚venit
560 368 671 398 inermis
685 390 694 406 ‚
707 369 741 398 δε
756 377 824 398 cum
841 369 954 399 modica
967 378 1052 408 gente
1064 369 1109 400 sua
1123 370 1197 399 iner-

135 408 177 438 mi
193 408 334 445 similiter,
350 408 401 444 δε,
418 408 447 436 in
461 406 541 436 dic‘to
554 406 622 436 loco
634 406 720 443 usque
735 405 769 436 ad
781 407 843 437 solis
855 407 988 438 occasum
1003 418 1197 445 commoraris,

136 446 303 484 praedictam
329 444 563 482 protestationem
590 445 623 475 δε
649 445 824 475 oblationem
851 455 949 476 coram
970 447 1053 476 nobis
1078 447 1147 477 fecit
1168 447 1197 476 in

136 484 188 516 scri
210 485 260 522 tis,
280 485 313 515 &
326 483 522 521 subsequenter
535 481 698 512 immediate
710 483 827 514 oraculo
837 485 914 514 vivae
927 486 1019 515 vocis:

202 532 232 552 er
242 521 391 562 praefatum
406 531 477 552 vero
491 521 612 559 ejusdem
626 520 682 550 diei
694 521 809 558 spatium
825 523 975 560 praedidius
989 523 1136 554 Dominus
1150 522 1201 552 Al-

138 560 234 591 fonsus
252 559 287 589 ad
308 561 548 597 praenominatum
569 559 669 589 locum
689 569 749 589 non
771 562 872 598 venit,
908 571 962 592 nec
984 562 1136 592 Nuncium
1155 570 1202 592 aut

137 598 361 630 Procuratorem
374 598 535 635 transmisit,
555 598 603 635 qui
615 607 663 635 per
679 608 730 628 nos
742 598 792 628 visi
806 599 908 630 fuerint
928 600 973 630 vel
995 600 1095 638 auditi,
1115 602 1201 630 maxi-

138 646 187 667 me
206 646 276 668 cum
297 647 347 676 per
367 637 484 668 diversas
503 643 592 674 partes
606 635 664 666 loci
677 636 804 674 praedicti
817 637 970 669 discursum
983 638 1082 676 saepius
1097 639 1203 669 facere-

137 685 215 706 mus·

175 699 285 752 U’nde,
302 713 336 743 ad
349 713 474 744 futuram
490 714 677 750 memoriam,
695 714 728 745 &
740 713 863 753 ejusdem
878 714 1004 747 Domini
1016 715 1105 755 Regis
1122 715 1205 755 Jeru-

138 752 223 783 salem
244 753 278 783 &
301 752 404 782 Siciliae
424 752 579 789 cautelam,
598 752 716 789 praesens
735 753 871 791 scriptum
892 753 1011 784 fecimus
1034 755 1204 792 appenfione

140 791 295 836 sigillorum
311 789 475 820 nostrorum
510 790 692 828 endcntium‚
711 792 744 822 &
759 791 893 822 nostrsim
916 794 965 830 qui
986 792 1082 831 supra,
1096 792 1206 831 johan-

139 839 185 860 nis
205 828 243 859 de
255 827 355 866 Capua
371 829 405 859 ὃς
417 829 464 859 Ta
492 830 552 868 uri,
568 828 734 866 Apostolica
747 830 912 861 au&0ritate
923 831 1124 869 pupplicorum
1139 830 1208 861 No-

144 868 300 905 tariorum,
316 867 536 905 subscriptorum
555 869 731 898 roboratum.

179 905 273 944 Qiod
294 905 385 942 scripsi
406 915 461 946 ego
480 905 629 943 praedietus
645 905 790 944 Johannes
810 906 847 937 de
864 907 978 946 Capua,
998 907 1144 946 pupplicus
1167 907 1208 938 A-

142 943 284 982 postolicfi
297 944 462 974 auctoritate
476 944 631 982 Notarius,
648 946 696 982 qui
717 945 858 982 praedietis
881 947 1016 977 omnibus
1036 955 1148 985 rogatus
1167 948 1209 976 in-

142 982 246 1021 terfui3
264 992 352 1020 eaque
373 983 400 1012 in
420 983 495 1014 hanc
517 983 679 1021 pupplicam
698 983 862 1022 scripturam
878 984 991 1025 redegi,
1008 985 1042 1017 ὃς
1055 994 1123 1015 meo
1137 994 1209 1016 con-

141 1020 221 1052 sueto
235 1021 314 1061 slgno
330 1021 444 1059 fignavi.

144 1096 293 1166 kessgtim
315 1098 345 1128 in
365 1097 504 1137 praediCto
522 1098 608 1137 loco,
624 1099 696 1130 inter
715 1098 832 1130 Collem
857 1099 892 1131 de
914 1099 1082 1131 Paniczariis
1095 1099 1127 1131 &
1139 1100 1214 1138 Jun-

259 1159 269 1175 ‚
314 1167 317 1171 .

189 1212 375 1244 Praesentibus
382 1238 391 1251 ,

182 1285 284 1312 Fratre
303 1284 468 1321 Berengario
489 1281 607 1310 Abbate
628 1284 735 1311 Montis
752 1284 848 1312 Sancti
868 1282 1012 1313 Michaelis
1032 1283 1063 1312 de
1085 1283 1216 1322 cuffiam,

219 1322 321 1350 ordinis
335 1320 430 1349 Sancti
451 1320 608 1357 Benedicti,

191 1357 462 1436 FratresMontafim
477 1357 595 1387 Abbate
609 1356 770 1397 Monasterii
784 1361 890 1388 Montis
903 1360 1006 1397 Frigidi
1018 1360 1117 1390 ordinis
1128 1359 1217 1400 Cyste-

226 1408 283 1426 ΠΜ
297 1419 303 1424 .

190 1439 290 1465 Fratre
303 1434 446 1463 Bernardo
460 1433 577 1464 Abbate
589 1437 695 1464 Montis
707 1435 740 1464 de
754 1438 875 1476 Sinaqua
889 1436 991 1466 ordinis
1006 1436 1156 1476 Cysternen.

186 1471 441 1550 FratreHArnal-ejlo
464 1475 557 1503 Priore
577 1476 656 1503 Mon.
675 1474 784 1504 Santtae
806 1477 885 1504 Mar.
905 1475 937 1504 de
960 1479 994 1505 A
987 1474 1094 1514 spiran.
1116 1476 1216 1507 ordinis

222 1515 278 1542 San
308 1514 318 1540 i
330 1514 415 1548 Augu
439 1514 480 1541 ini

191 1553 293 1580 Fratre
311 1553 389 1579 Arn.
407 1550 440 1579 de
458 1536 621 1589 Timicella,
647 1552 807 1589 Praeceptor.
826 1554 930 1582 Domus
949 1552 1102 1593 Maufidei,
1119 1553 1220 1583 ordinis

232 1588 348 1619 Militiae
363 1587 463 1626 Templi
470 1611 481 1627 ‚

195 1630 296 1658 Fratre
307 1628 484 1657 Gaucerando
499 1628 531 1657 de
543 1629 609 1657 Tous
620 1630 699 1657 Mon.
717 1629 882 1660 Sanctarum
894 1632 1018 1659 Crucium
1026 1652 1038 1668 2

190 1668 308 1696 Domino
321 1664 437 1696 Albert.
456 1665 577 1695 Archid.
597 1665 745 1695 Arelaten.

192 1704 330 1744 Magistro
344 1703 497 1733 Guillielmo
511 1704 544 1733 de
556 1703 683 1743 Romans
697 1704 762 1744 offic.
779 1705 942 1745 Nomausen.

193 1742 331 1782 Magistro
344 1744 441 1771 Pontio
453 1742 570 1782 Rynard
579 1741 645 1780 offic.
662 1740 700 1777 &
717 1747 849 1774 canonico
863 1747 984 1783 Agacin.

192 1780 329 1820 Inagistro
341 1779 495 1810 Guillielmo
509 1779 630 1819 Sacrrsta
644 1783 742 1819 Regen.

195 1821 313 1849 Domino
324 1817 436 1850 Amelio
449 1818 567 1858 Sacrrsta
578 1822 690 1859 Aquen.

197 1856 501 1936 llslassstr‘kGssliffssnffl
512 1858 545 1888 de
560 1859 588 1887 V
588 1858 653 1888 iridi
668 1861 766 1897 Campo
780 1861 910 1889 Canonico
925 1859 1047 1889 Eborum
1061 1861 1170 1890 Nuncio
1187 1857 1223 1890 il-

240 1907 257 1926 u
281 1907 305 1925 r.
351 1919 357 1925 .
412 1907 430 1925 n
458 1906 497 1926 or.
1236 1911 1240 1917 ·

194 1937 311 1965 Domino
325 1907 483 1964 Bertraffzdo
496 1937 625 1965 Coronati
638 1938 768 1965 Canonico
783 1934 946 1976 Nomaufi’n.

196 1972 333 2013 Magistro
346 1972 481 2011 Johanne
495 1974 618 2003 Fickeria
635 1973 782 2013 Maffilien.

196 2015 313 2041 Domino
324 2014 437 2049 Hugone
454 2013 486 2041 de
497 2014 615 2050 Baucio,

192 2051 310 2080 Domino
324 2050 355 2079 de
370 2054 556 2091 Mayranicis‚

195 2092 311 2119 Domino
327 2090 485 2119 Bertrando
496 2089 529 2119 de
542 2091 661 2128 Baucio,

197 2130 315 2158 Domino
330 2129 416 2157 Berre
424 2150 434 2165 ‚

201 2168 319 2196 Domino
330 2167 483 2206 Reymundo
497 2167 529 2196 de
545 2168 661 2205 Baucio,

200 2207 318 2234 Domino
332 2205 409 2234 Podii
425 2205 550 2236 Riccardi

198 2246 317 2273 Domino
330 2242 448 2283 Alfiafio
461 2244 493 2273 de
506 2227 633 2280 Saffano,

198 2284 316 2314 Domino
330 2280 457 2322 Auficfii,

201 2323 319 2350 Domino
333 2319 469 2361 Reynala'o
477 2318 643 2350 Porcelletto
651 2343 660 2356 ‚

200 2362 319 2388 Domino
332 2362 439 2389 Sonatii

1243 130 1725 178 PUBLICA.
2249 147 2297 194 53

2314 249 2391 280 Arm.
2406 248 2448 281 D.

1334 311 1485 354 Consimile
1501 313 1750 358 Certificatori'um
1769 316 1805 350 de
1818 321 1916 363 primo
1934 317 1982 351 die
2002 316 2196 351 Novembris.
2317 290 2431 355 222891.

1280 401 1314 432 N
1331 406 1450 435 nomine
1464 405 1588 438 Domini
1602 409 1692 440 nostri
1703 409 1777 448 Jehu
1792 410 1898 441 Christi
1914 412 2020 443 Amen.
2319 415 2372 439 An.
2392 421 2434 446 ¹7·

1311 441 1399 486 Anno
1412 443 1575 488 Nativitatis
1587 448 1708 485 ejusdem
1722 449 1870 479 milleiimo
1891 449 2085 481 ducentesimo
2105 449 2298 488 oCfflagesxmo
2321 455 2350 477 Ε.
2374 459 2398 477 ¹-

1244 487 1341 525 110120,
1360 480 1406 510 die
1428 492 1530 527 primo·
1542 486 1645 515 mensis
1664 486 1860 524 Novembris,
1879 490 1967 518 territe
1981 489 2161 527 Indictionis,
2180 489 2300 519 Pontifi-
2321 493 2352 516 L.
2371 492 2400 515 Β,
2408 486 2437 524 f.

1242 525 1321 547 catus
1343 518 1468 565 Domini
1487 522 1626 565 Nicliolai
1646 524 1731 562 Papae
1753 527 1841 562 quarti
1861 535 1936 556 anno
1951 527 2091 565 secundo,
2110 538 2161 557 nos
2176 527 2301 571 Rostag·
2327 536 2387 562 ¹¹3·
2406 536 2434 552 a.

1244 565 1314 594 nim,
1332 557 1426 588 divtna
1442 562 1640 600 permistione,
1658 563 1892 600 Archiepiscopus
1913 564 2094 603 Arelatensis,
2111 566 2194 597 frater
2215 565 2302 596 Guil-
2321 566 2456 596 Panaca}

1246 593 1345 638 lelmus
1365 596 1400 625 de
1422 597 1546 629 Vilareto
1565 599 1647 630 Prior
1666 600 1816 639 Hospitalis
1830 601 1925 631 saneti
1940 601 2165 641 EgidiiJerlitan.
2185 605 2212 633 in
2229 604 2302 634 Pro·
2327 612 2420 631 merar.

1245 642 1353 671 VinCia,
1376 635 1460 666 frater
1479 637 1658 677 Berengarius
1675 638 1771 669 Abbas
1791 638 1960 669 Monasterii
1981 640 2076 671 Sancti
2097 641 2246 672 Michaelis
2266 642 2303 672 de

1247 669 1360 715 Cassenr.
1378 673 1482 704 ordinis
1496 676 1590 706 saneti·
1610 676 1769 715 Benedieti,
1787 678 1821 708 &
1842 677 1924 708 frater
1942 677 2096 709 Bernardus
2116 680 2212 710 Abbas
2232 679 2304 711 Mo-

1248 709 1357 740 nasterii
1371 710 1406 740 de
1419 712 1539 751 Sinaqua
1553 714 1658 744 ordinis
1670 714 1774 746 Cister.

1287 747 1342 778 Per
1358 750 1474 786 praesens
1487 753 1620 789 scriptum
1631 761 1736 783 notum
1757 753 1817 784 fieri
1833 754 1966 786 volumus
1986 755 2137 794 universis,
2156 755 2235 794 quod
2255 765 2308 786 nos

1248 786 1282 816 ad
1299 790 1443 833 precesm&
1456 791 1667 828 requisitionem
1680 792 1767 824 incliti
1780 792 1918 830 Principis
1934 793 2056 824 Domini
2070 793 2170 824 Karoli
2185 794 2309 832 secundi,

1251 824 1310 854 Del
1324 833 1409 869 grassla
1418 851 1426 865 ‚
1441 827 1594 865 Jerusalem
1607 831 1641 861 &
1654 830 1757 860 Siciliae
1770 830 1857 869 Regis
1870 830 1996 871 illustris,
2015 832 2187 863 contulimus
2208 842 2260 862 nos
2280 833 2309 862 in

1251 861 1429 909 Cataloniam
1444 876 1511 897 cum
1524 867 1642 906 eodem,
1661 869 1733 898 inter
1747 867 1864 899 Collem
1884 870 1921 900 de
1941 869 2110 901 Paniczariis
2131 872 2164 902 ὃς
2181 869 2308 909 Juncke-

1250 911 1337 945 riam,
1356 911 1443 941 magis
1456 915 1546 942 prope
1557 906 1832 944 ipsamJunckeriam
1841 930 1850 945 ,

1254 979 1259 983 ¹
1290 939 1391 983 Ibique
1404 943 1541 978 pi·aed16to
1554 944 1600 974 die
1619 946 1714 982 primo
1733 945 1930 985 Novembris,
1948 947 1978 976 iri
1999 947 2144 985 praesentia
2163 945 2260 977 nostra
2277 947 2311 978 δί

1252 978 1492 1016 infrascriptorum
1515 982 1700 1013 Praelatorum
1714 1007 1724 1021 ,
1755 983 1930 1022 aliorumque
1951 986 2079 1016 virorum
2100 984 2315 1016 Ecclesiastico-

1254 1026 1337 1061 rum,
1360 1025 1418 1047 tam
1439 1019 1651 1058 religiosorum,
1679 1022 1766 1059 quam
1786 1021 1968 1060 secularium,
1986 1022 2147 1062 Baronum,
2165 1023 2316 1061 Militum,

1255 1055 1433 1094 aliorumque
1447 1057 1618 1097 Nobilium,
1632 1059 1770 1097 johannis
1783 1060 1819 1089 de
1840 1059 1937 1097 Capua
1957 1062 1990 1090 δι·
2009 1061 2141 1099 Taffuri,
2159 1062 2195 1091 de
2215 1060 2316 1092 eadem

1256 1094 1532 1161 “arm-Apostolica
1543 1097 1709 1128 auetoritate
1721 1097 1932 1136 Notariorum,
1949 1099 1983 1129 &
1998 1099 2118 1129 aliorum
2132 1099 2255 1137 plurium
2277 1100 2317 1130 ibi

1258 1143 1274 1162 a
1300 1142 1426 1172 antium,

1296 1170 1378 1201 Idem
1391 1171 1457 1202 Rex
1467 1173 1619 1211 Jerusalem
1636 1175 1670 1206 &
1685 1174 1789 1205 Siciliae
1803 1174 1961 1212 praesentari
1973 1173 2040 1204 fecit
2054 1174 2114 1205 duo
2126 1174 2241 1215 scripta,
2256 1185 2320 1213 quae

1259 1210 1371 1240 oculata
1387 1210 1442 1241 fide
1454 1212 1659 1251 perspeximus,
1676 1223 1737 1243 non
1752 1213 1920 1251 cancellata,
1939 1223 2000 1243 non
2013 1212 2123 1250 abrasa,
2141 1222 2202 1242 non
2216 1214 2321 1244 abolita

1259 1257 1314 1278 nec
1328 1249 1357 1292 in
1372 1258 1472 1280 eorum
1485 1259 1563 1288 parte
1576 1251 1666 1290 aliqua
1676 1252 1785 1290 vitiata,
1803 1261 1929 1290 quorum
1943 1260 2033 1281 unum
2047 1252 2078 1280 in
2092 1251 2214 1281 modum
2233 1251 2321 1282 Ciro-

1257 1287 1372 1324 graphi,
1391 1287 1450 1321 &a
1470 1296 1500 1317 ut
1513 1292 1541 1318 in
1548 1290 1683 1328 superiore
1696 1288 1774 1329 usque
1787 1289 1844 1320 haec
1857 1289 1964 1327 verba,
1981 1291 2044 1319 viz.

1295 1324 1434 1356 Praedieta
1452 1327 1499 1357 die
1519 1329 1609 1366 prima
1629 1327 1809 1360 Novembris
1831 1329 1860 1358 in
1873 1327 1990 1366 Campis
2005 1328 2076 1358 inter
2090 1326 2207 1357 Collem
2220 1327 2256 1358 de
2269 1327 2323 1358 Pa—

1261 1364 1388 1431 niclzariis
1402 1366 1435 1396 ὃς
1445 1365 1628 1433 ἐυηεὶζεήαω
1641 1367 1783 1405 quandam
1797 1366 2032 1405 protestationem
2049 1367 2079 1397 in
2098 1366 2206 1404 scriptis
2223 1366 2327 1406 optulit

1260 1412 1290 1432 in
1309 1411 1379 1432 iunc
1393 1413 1444 1433 mo
1467 1413 1524 1434 um.

1299 1478 1388 1523 Anno
1409 1477 1534 1522 Domini
1553 1481 1704 1513 millesimo
1723 1482 1917 1514 ducentesimo
1937 1481 2116 1522 ostogefimo
2142 1490 2225 1512 nono
2239 1505 2249 1520 ‚
2278 1480 2325 1512 die

1263 1528 1354 1555 prima
1377 1519 1477 1548 meniis
1498 1519 1698 1560 Novembris,
1716 1523 1805 1552 tertiae
1824 1521 2007 1559 Indistionis,
2024 1530 2121 1551 coram
2142 1520 2226 1551 vobis
2240 1529 2327 1551 vene-

1264 1556 1396 1587 rabilibus
1410 1555 1553 1596 Patribus,
1571 1558 1709 1598 praelatis,
1726 1559 1873 1599 Religiosis
1886 1559 2029 1597 Personis‚
2046 1559 2184 1589 annotatis
2197 1558 2328 1596 inferius,

1264 1596 1297 1626 δε
1307 1594 1454 1632 Notariis,
1471 1597 1636 1628 auctoritate
1657 1598 1840 1638 Apostolica,
1856 1599 1891 1629 &
1913 1598 1970 1628 aliis
1983 1597 2159 1635 infrascriptis
2193 1597 2330 1628 Testibus

1265 1633 1470 1671 praesentialiter
1492 1634 1540 1666 hic
1559 1636 1753 1676 existentibus,
1771 1647 1826 1668 nos
1847 1635 1970 1668 Karolus
1981 1635 2136 1674 secundus,
2155 1621 2215 1666 Dei
2227 1635 2328 1676 gratia,

1266 1670 1328 1708 &a
1347 1671 1426 1713 nsque
1436 1672 1493 1702 haec
1508 1685 1567 1714 quae
1570 1673 1733 1715 sequuntur.

1302 1756 1372 1787 Nos
1388 1758 1495 1796 itaque,
1514 1759 1563 1796 qui
1577 1758 1671 1797 supra,
1689 1759 1869 1798 Rostagnus,
1886 1759 1983 1791 divina
1996 1758 2178 1796 permissione
2212 1758 2334 1790 Archie-

1266 1795 1397 1839 piscopus
1413 1795 1595 1840 Arelatensis,
1612 1798 1696 1828 frater
1710 1798 1882 1828 Guilielmus
1895 1797 1932 1828 de
1944 1797 2071 1828 Vilareto
2084 1797 2167 1840 Prior
2179 1783 2334 1837 Hospitalis

1267 1833 1604 1876 SanetiaEgidiijerlitan.
1624 1838 1653 1865 in
1669 1836 1835 1875 Provincia,
1850 1836 1935 1867 frater
1951 1835 2131 1875 Berengarius
2146 1835 2243 1865 Abbas
2259 1835 2333 1865 Mo-

1266 1872 1377 1902 nasterii
1396 1874 1494 1903 Saneti
1516 1874 1667 1905 Michaelis
1689 1875 1725 1905 de
1745 1874 1859 1906 Caffen.
1879 1874 1986 1905 ordinis
2009 1874 2106 1904 Sancti
2119 1873 2281 1912 Benedicti,
2299 1875 2333 1904 δε

1267 1910 1351 1954 frater
1364 1910 1517 1943 Bernardus
1530 1912 1626 1944 Abbas
1641 1913 1810 1944 Monasterii
1822 1913 1858 1943 de
1872 1913 1994 1951 Sinaqua
2009 1911 2113 1943 Cister.
2124 1912 2230 1942 ordinis
2239 1936 2248 1951 ,
2263 1922 2336 1950 prae-

1268 1950 1350 1981 sentis
1370 1949 1462 1987 scripti
1484 1958 1601 1990 tenore,
1619 1961 1729 1982 certum
1751 1953 1785 1983 &
1806 1951 1982 1982 Veredicum
1995 1950 2192 1981 testimonium
2204 1951 2335 1989 perhibe-

1270 1997 1334 2019 mus
1349 1988 1428 2025 quod
1442 1989 1592 2026 praedictus
1605 1989 1750 2021 Dominus
1765 1991 1832 2021 Rex
1842 1989 1993 2029 Jerusalem
2007 1990 2041 2020 &
2052 1989 2171 2027 Siciliae,
2185 1989 2267 2020 firma
2279 2000 2335 2020 no-

1271 2027 1330 2057 titia
1352 2027 1435 2057 nobis
1455 2035 1552 2065 notus,
1571 2028 1704 2065 praedidta
1724 2028 1770 2059 die
1788 2031 1879 2067 prima
1892 2028 2076 2059 Novembris
2109 2027 2144 2057 ad
2157 2028 2270 2058 dietum
2292 2028 2336 2058 lo-

1271 2075 1359 2102 cum,
1374 2066 1423 2103 qui
1436 2065 1538 2096 dicitur
1553 2067 1624 2097 inter
1639 2066 1756 2097 Collem
1770 2067 1806 2098 de
1830 2066 1999 2098 Paniczariis
2020 2067 2053 2097 &
2072 2050 2255 2105 junckeriam
2275 2075 2339 2097 ante

1272 2103 1375 2149 horam
1396 2105 1506 2135 tertiam
1527 2106 1606 2136 venit
1626 2108 1769 2145 enermis,
1793 2105 1854 2141 &in
1868 2112 1952 2145 prout
1973 2111 2039 2135 ante
2060 2105 2138 2145 usque
2157 2105 2214 2135 haec
2232 2105 2342 2144 verba,

1272 2152 1335 2171 vlz.

1313 2222 1333 2242 ¹*
1353 2220 1463 2252 Aetam
1477 2223 1507 2253 in
1520 2223 1659 2261 praedicto
1673 2225 1742 2255 loco
1750 2248 1759 2263 ‚
1777 2226 1851 2255 inter
1864 2223 1983 2254 Collem
1996 2223 2033 2254 de
2046 2223 2214 2254 Paniczan'is
2225 2224 2259 2255 ὃς
2269 2223 2341 2263 Jun-

1275 2260 1400 2298 keriam,
1415 2271 1509 2301 anno,
1527 2263 1639 2302 mense,
1658 2263 1704 2294 die
1717 2264 1751 2295 &
1768 2263 1926 2295 indictione
1939 2262 2108 2300 supradietis.

1317 2337 1512 2369 Praesentibus.

2365 2226 2497 2262 *114394

22 2848 157 2889 {11.438.

204 2400 321 2427 Domino
334 2382 467 2435 Johanrt’e
481 2397 513 2426 de
524 2394 663 2463 RoulZsio²
674 2394 793 2435 seniore,

203 2438 322 2465 Domino
335 2434 487 2465 Guillielmo
502 2437 591 2465 Feran
611 2437 639 2470 i,

206 2476 326 2504 Domino
339 2472 461 2512 Philippo
476 2474 508 2503 de
524 2475 663 2510 Lavona,

206 2515 325 2543 Domino
338 2515 419 2541 Corre
428 2534 438 2550 ,

204 2554 322 2581 Domino
336 2550 493 2587 Burgundio
508 2550 546 2583 de
555 2549 636 2579 Podio
651 2547 778 2578 Oliverii.

208 2591 326 2618 Domino
341 2589 498 2618 Bertrando
511 2589 544 2618 de
558 2587 695 2618 Mentiliis
703 2611 713 2625 ,

211 2630 330 2657 Domino
344 2627 486 2657 Ynardode
496 2629 628 2657 Pontenos
635 2626 760 2666 juniore,

211 2669 328 2695 Domino
344 2665 494 2705 Reymundo
508 2667 615 2704 Durgi,

212 2706 332 2734 Domino
347 2704 471 2733 Gilberto
484 2704 517 2733 de
528 2703 689 2732 Barbaran.

216 2745 333 2773 Domino
344 2745 427 2772 Petro
439 2742 470 2771 de
486 2741 618 2771 Fonelleto
627 2764 638 2780 ,

211 2784 329 2811 Domino
342 2785 419 2811 Arn.
438 2781 471 2810 de
485 2784 557 2817 Saga

212 2821 233 2840 *
255 2822 372 2849 Domino
385 2823 462 2849 Arn.
481 2803 578 2857 Bajuli
589 2819 663 2856 juris
674 2818 775 2855 perito,

214 2858 339 2889 Gerardo
354 2859 386 2888 de
402 2856 528 2898 Batruſss
541 2861 610 2888 Cive
623 2854 662 2891 &
677 2858 832 2885 Mercatore
847 2857 954 2885 Lucan.

188 2934 254 3004 ‘bEt
267 2934 392 2973 pluribus
406 2934 463 2965 aliis
477 2933 596 2966 Clericis
610 2933 645 2964 &
658 2932 750 2965 Laicis
765 2931 800 2963 ad
813 2932 874 2962 hoe
885 2931 992 2964 vocatis
1007 2931 1041 2964 &
1055 2932 1158 2972 rogatis
1172 2931 1246 2963 Tes-

174 2983 195 3006 U
218 2983 257 3004 US.

179 3087 206 3119 fa
217 3048 254 3094 ln
269 3057 394 3088 quorum
407 3049 541 3080 omnium
555 3047 751 3081 testimonium
765 3049 800 3081 &
814 3047 983 3080 evidentiam
992 3047 1167 3086 pleniorem,
1176 3056 1246 3086 prae-

206 3095 228 3119 ti

180 3168 283 3196 Frater
302 3166 338 3194 Β.
355 3163 458 3194 Abbas
479 3167 558 3195 Mon.
578 3163 610 3193 de
628 3167 696 3194 Cas-
732 3164 768 3202 J.
785 3165 817 3194 de
831 3166 947 3194 Ponteus
955 3165 1067 3203 junior,

212 3203 278 3242 san.
732 3206 766 3232 R.
782 3205 873 3240 Durgi
882 3226 892 3241 ,

180 3244 282 3272 Frater
296 3243 339 3270 A.
359 3242 440 3271 Prior
454 3243 534 3271 Mon.
552 3241 584 3270 de
610 3239 696 3279 Aspi-
733 3244 769 3271 G.
787 3242 819 3271 de
830 3240 991 3270 Barbaran.

220 3290 282 3311 ran.
733 3281 767 3308 P.
786 3280 818 3309 de
835 3278 986 3318 FeneHeto,

183 3321 285 3348 Frater
296 3320 340 3347 A.
355 3319 504 3357 Praeceptor
519 3320 599 3347 Dom.
609 3319 696 3347 Mau·
733 3320 776 3348 A.
794 3318 825 3348 de
841 3322 930 3356 Saga,

213 3355 296 3398 fidii,
734 3358 768 3385 R.
787 3357 819 3386 de
833 3357 954 3386 Burbon.
974 3355 1100 3386 Milites:

185 3396 299 3425 Domini
311 3396 355 3423 A.
374 3393 495 3424 Archid.
513 3393 661 3424 Arelatem.
735 3396 771 3423 G.
790 3397 898 3433 Amici,

185 3436 230 3464 A.
247 3431 365 3472 Sacrtsta
378 3435 490 3471 Aquen.
736 3434 773 3461 G.
791 3433 823 3461 de
834 3436 971 3471 Summa,

185 3470 319 3511 Magister
332 3473 368 3500 G.
386 3473 510 3500 Nuncius
522 3472 556 3499 R.
573 3468 698 3509 Angliae,
736 3473 772 3500 G.
791 3468 983 3510 Aldermarzt,

187 3513 300 3540 Domini
316 3511 356 3538 H.
375 3509 408 3539 de
420 3511 541 3545 Baucio,

185 3551 222 3580 R.
238 3549 271 3579 de
285 3550 396 3577 Baucio.

186 3590 233 3618 A.
251 3588 283 3617 de
298 3585 420 3625 Sabina,

187 3629 223 3659 R.
241 3624 414 3664 Porcelletti‚

189 3665 227 3703 J.
246 3665 278 3694 de
294 3663 433 3703 Bullafio,

187 3705 223 3734 Ρ.
241 3704 274 3733 de
290 3705 399 3733 Lauon.

737 3511 773 3538 G.
793 3509 825 3538 de
840 3509 964 3550 Baccufis
974 3533 984 3548 ‚
999 3508 1039 3544 ῤ’

738 3549 838 3577 Frater
856 3547 989 3578 Robertus
1011 3550 1090 3578 Prior
1109 3547 1142 3577 de
1153 3545 1249 3576 Ulma-

775 3588 812 3615 tis
819 3608 830 3624 ,
843 3588 893 3625 qui
904 3586 1046 3625 praediffis
1057 3585 1192 3618 omnibus
1205 3586 1251 3615 in-

777 3624 874 3655 terfuit
909 3635 943 3655 ac

741 3663 778 3692 G.
794 3649 912 3702 Sacrzsta
924 3667 1022 3703 Regen.

189 3778 361 3856 ΡοΙῖῑκΓεῐῖῑί
380 3778 501 3816 scripto,
518 3777 574 3809 una
591 3785 660 3808 cum
681 3775 770 3816 sigillis
792 3775 912 3816 nostris,
933 3777 979 3810 sua
999 3777 1084 3820 sigilla
1104 3777 1253 3818 pendentia

239 3827 327 3849 uerun
342 3841 349 3848 .

224 3893 361 3934 consimile
382 3893 609 3936 Certificatorium
622 3891 779 3933 fiaeccedente
798 3892 842 3925 die
854 3916 866 3932 ‚
900 3895 963 3925 viz,
981 3896 1070 3934 primo
1087 3893 1255 3926 Novembri,

182 3927 315 3971 s‘ril’mm
326 3932 543 3973 &publicatum
548 3930 619 3972 fuit.

1279 2416 1380 2443 Fratre
1388 2413 1518 2445 Arnaldo
1524 2416 1555 2446 de
1562 2415 1689 2446 Tanicela
1696 2441 1706 2454 ,
1717 2418 1794 2446 Prae-

1318 2459 1422 2483 centore
1442 2454 1545 2483 Domus
1564 2455 1699 2495 Maufidei
1721 2455 1795 2484 ordi-

1315 2494 1357 2519 nis
1372 2490 1487 2521 Militia
1500 2492 1617 2531 Templi,

1282 2531 1384 2558 Fratre
1406 2532 1585 2561 Ganterando
1601 2533 1633 2561 de
1647 2535 1715 2561 Tous
1731 2535 1795 2560 ino-

1321 2566 1406 2597 nacho
1442 2568 1591 2608 Monaster.
1631 2571 1796 2600 Sanctarum

1322 2608 1446 2635 Crucium
1459 2608 1559 2637 ordinis
1575 2607 1672 2676 Cyller.

1285 2646 1402 2711 Domli'no
1411 2644 1531 2676 Alberto
1539 2650 1600 2676 Arc
1621 2647 1739 2677 idiacono
1748 2649 1798 2676 A·

1324 2693 1353 2711 re
1365 2688 1440 2713 aten-

1289 2720 1423 2760 Magistro
1444 2721 1575 2753 Guilelmo
1599 2722 1718 2763 Sacristd
1745 2726 1799 2753 Re-

1322 2771 1382 2796 gen.

1288 2800 1405 2828 Domino
1419 2798 1529 2829 Amelio
1542 2799 1659 2841 Sacrista
1667 2803 1780 2840 Aquen.

1288 2836 1423 2876 Magistro
1454 2837 1605 2868 Guillielmo
1643 2840 1675 2869 de
1712 2838 1800 2868 viridi

1325 2879 1425 2914 Campo
1468 2881 1600 2907 canonico
1649 2876 1798 2907 Eboracen.

1324 2916 1432 2945 Nuncio
1460 2914 1568 2954 illustris
1588 2918 1667 2954 Regis
1692 2914 1802 2955 Angla-

1325 2962 1400 2990 rum,

1290 2993 1407 3021 Domino
1419 2991 1576 3030 Raymundo
1588 2992 1620 3021 de
1633 2993 1750 3031 Baucio,

1290 3032 1406 3061 Domino
1420 3031 1498 3060 Podii
1514 3030 1626 3059 Ricardi
1634 3053 1644 3068 ,

1290 3071 1406 3098 Domino
1422 3068 1539 3109 Alfiafio
1551 3069 1583 3098 de
1595 3068 1737 3108 sabrano,

1290 3110 1408 3137 Domino
1421 3106 1533 3146 Ansufii
1539 3129 1549 3145 ‚

1291 3148 1407 3176 Domino
1418 3149 1462 3176 Ra
1458 3145 1559 3186 ynaldo
1572 3144 1731 3175 Porcellet‘lo
1740 3168 1750 3184 ,

1291 3186 1408 3214 Domino
1423 3188 1526 3215 Senacii
1535 3207 1544 3222 ‚

1290 3225 1407 3253 Domino
1438 3223 1572 3263 Johanne
1602 3222 1635 3252 de
1660 3221 1779 3263 Bullafio
1793 3244 1803 3261 ,

1324 3264 1430 3291 Seniore

1290 3302 1406 3330 Domino
1420 3285 1572 3330 G'uillielmo
1589 3299 1729 3337 mirandi,

1290 3341 1408 3369 Domino
1422 3338 1543 3377 Philippo
1559 3338 1590 3367 de
1607 3340 1748 3375 Lavena,

1291 3380 1409 3407 Domino
1424 3382 1521 3415 Corn,

1291 3418 1408 3483 Domino
1429 3415 1584 3453 Burgundio
1604 3415 1636 3444 de
1657 3414 1740 3443 Podio
1764 3416 1805 3444 0-

1339 3464 1421 3485 ivern

1294 3495 1411 3523 Domino
1424 3478 1579 3522 bertrando
1593 3491 1624 3520 de
1641 3490 1788 3529 Montiliis,

1294 3533 1411 3562 Domino
1425 3530 1557 3571 Junardo
1571 3529 1604 3559 de
1616 3531 1734 3559 Ponteue
1746 3529 1807 3568 Ju-

1332 3581 1407 3600 more

1295 3611 1411 3640 Domino
1416 3594 1582 3648 ’Raymundo
1595 3608 1694 3645 Turgi,

1833 2416 1950 2445 Domino
1986 2414 2120 2454 Johanne
2155 2413 2279 2445 Gilberto
2310 2415 2342 2445 de

1872 2453 2025 2483 Barbaran
2033 2476 2042 2491 ‚

1834 2495 1950 2522 Domino
1965 2494 2047 2521 Petro
2062 2491 2093 2521 de
2112 2490 2271 2531 Foneletto,

1834 2534 1950 2560 Domino
1966 2529 2098 2559 Arnaldo
2110 2528 2142 2559 de
2156 2533 2228 2567 Saga
2237 2555 2247 2568 ,

1834 2571 1950 2598 Domino
1963 2567 2095 2598 Arnaldo
2110 2568 2205 2608 Bajult
2215 2569 2291 2608 juris
2297 2576 2347 2608 pe-

1872 2610 1927 2636 rito

1835 2629 1952 2675 Domin³o
1967 2645 2124 2685 Raymundo
2139 2645 2170 2675 de
2184 2645 2329 2685 Barbam,

1836 2688 1937 2715 Fratre
1956 2684 2098 2713 Bernardo
2119 2684 2151 2712 de
2170 2686 2207 2713 Ri
2222 2687 2245 2713 1¹5
2265 2683 2347 2715 Altis

1874 2723 1975 2752 ordinis
1991 2721 2105 2751 Militiae
2119 2692 2236 2760 Templi,

1837 2764 1938 2790 Fratre
1960 2758 2151 2790 Bartholomeo
2169 2760 2306 2791 Monacho
2317 2762 2349 2792 de

1876 2798 1996 2838 Populer.

1838 2841 1954 2868 Domino
1968 2839 2114 2867 Aumerico
2127 2837 2159 2867 de
2173 2837 2292 2867 Narbon
2302 2841 2348 2868 Se-

1877 2887 1951 2906 more
1959 2898 1969 2913 ‚

1840 2917 1956 2945 Domino
1970 2917 2135 2952 Berengario
2157 2914 2190 2944 de
2213 2915 2296 2945 Podio
2319 2915 2351 2945 de

1877 2957 2000 2991 Songuer.

1840 2994 1956 3021 Domino
1969 2989 2076 3030 Jacobo
2089 2990 2121 3021 de
2135 2991 2278 3022 Moradin.

1840 3033 1959 3060 Domino
1971 3032 2136 3067 Berengario
2149 3030 2182 3060 de
2192 3029 2330 3060 Galderiis
2343 3053 2353 3069 ,

1840 3072 1958 3108 Domino
1972 3071 2137 3105 Berengario
2149 3068 2182 3098 de
2195 3067 2298 3107 Ulmis,

1840 3109 1957 3137 Domino
1969 3105 2123 3137 Guillielmo
2137 3107 2169 3136 de
2183 3110 2269 3146 Sona,

1840 3148 1957 3175 Domino
1971 3144 2123 3176 Guillielmo
2138 3146 2170 3175 de
2183 3144 2320 3175 Alaman.

1841 3185 1958 3214 Domino
1972 3184 2129 3225 Raymundo
2143 3184 2175 3214 de
2189 3187 2217 3213 V
2217 3187 2309 3220 inaco,

1842 3225 1959 3253 Domino
1983 3223 2124 3253 Arnando
2136 3222 2167 3252 de
2182 3224 2268 3252 Petra
2286 3223 2352 3251 Per-

1842 3261 1970 3329 Gecrz'qzkdo
1985 3302 2084 3337 Anni,

1843 3341 1960 3368 Domino
1975 3337 2075 3376 Thon,

1843 3377 1970 3406 Gerunda
1983 3376 2015 3405 de
2030 3378 2163 3411 Somana,

1843 3418 1959 3445 Domino
1974 3412 2049 3451 Cassse
2064 3424 2161 3451 novae,

1843 3453 1970 3482 Gerando
1983 3451 2129 3481 Aldemar.

1844 3495 1960 3522 Domino
1973 3491 2006 3520 de
2022 3487 2159 3519 Montiliis

1844 3530 1969 3561 Gerardo
2005 3528 2036 3557 de
2063 3530 2156 3555 Batru
2167 3536 2190 3556 ts
2220 3529 2287 3558 Cive
2315 3524 2353 3562 ἀ·

1884 3571 2038 3598 Mercatore
2052 3568 2159 3595 Lucan.

1333 3686 1373 3717 Et
1387 3685 1510 3724 pluribus
1522 3683 1579 3714 aliis
1593 3682 1713 3714 Clericis
1726 3684 1760 3715 ὃς
1774 3683 1867 3715 Laicis
1879 3682 1914 3713 ad
1926 3682 1990 3712 haec
2005 3681 2113 3713 vocatis
2126 3681 2160 3713 δε
2175 3681 2277 3722 rogatis
2283 3680 2357 3712 Tes-

1296 3724 1379 3756 tibus.

1297 3839 1346 3872 fati

1298 3921 1401 3962 Frater
1411 3919 1453 3946 A.
1464 3916 1597 3945 Praecent.
1607 3914 1712 3945 Dormis
1727 3918 1813 3945 Mau-

1303 3955 1422 4026 Dssssi,
1430 3995 1471 4023 A.
1491 3990 1612 4022 Archia.
1630 3991 1778 4024 Arelaten.

1304 4036 1347 4065 A.
1366 4030 1473 4071 Sacrist.
1488 4034 1600 4076 Aquen.

1826 4069 1896 4108 03

1336 3801 1370 3832 In
1385 3807 1510 3838 quorum
1520 3799 1653 3829 omnium
1665 3797 1861 3830 testimonium
1873 3797 1907 3828 &
1918 3796 2088 3829 evidentiam
2109 3795 2269 3834 pleniorem
2287 3804 2359 3835 prae-

1851 3912 1986 3953 Magister
2006 3914 2041 3944 G.
2060 3914 2185 3944 Nuncius
2195 3913 2273 3949 Regis
2293 3911 2361 3940 An-

1853 3951 1967 4060 DZizoirni
1992 3993 2152 4032 Aymm'cus
2171 3988 2203 4019 de
2225 3984 2363 4018 Narbona

1913 4039 2002 4061 emor.

2333 4045 2415 4092 R..
