2570 4261
671 128 1128 183 ErACTA

1210 135 1683 178 PUBLVICA.
2189 149 2244 188 49

0 239 28 260 n.
40 229 80 260 D.
97 229 153 265 eius
167 229 266 259 locum
283 236 444 266 tenentem,
462 222 558 267 cadat,
573 227 620 258 vel
632 227 803 266 annulletur,
823 227 856 258 &
871 227 886 256 a
899 226 980 257 die'tis
993 226 1090 264 Bajulis
1112 223 1146 254 ad
1183 227 1251 252 rnen
1273 221 1351 252 suurn
1373 223 1503 253 nondum
1523 223 1711 265 exprimebat,
1730 223 1813 253 vobis
1834 222 1972 254 concessit
1991 222 2110 253 liberam
2124 221 2241 252 faculta-

0 268 61 306 289.

0 316 15 335 '-
37 316 60 334 Ι.

0 1762 96 1797 i1.427.

96 268 284 299 Senescailuin
300 268 428 298 nostrum
442 267 555 305 Agenn.
570 266 616 297 vel
628 265 761 304 Judicem
775 266 855 296 suurn
875 272 961 304 tunc,
981 265 1036 295 fine
1057 264 1151 301 aliquo

98 306 215 344 medio,
233 306 399 345 appelletur;

134 343 172 374 Et
188 344 264 382 quod
273 367 281 382 ,
298 354 346 381 per
359 342 472 381 aliquod
487 341 648 380 exple&um
660 341 756 372 talium
768 340 1001 379 appellationum,
1010 350 1072 379 quae
1085 338 1153 368 fient

93 382 111 411 ὲ
124 382 205 412 dietis
220 382 334 420 Bajulis,
352 381 538 418 imposterum
547 403 555 417 ,
572 380 607 410 ad
619 379 810 417 deputandum
825 380 841 408 a
854 380 936 409 nobis
950 380 982 409 &c
996 379 1105 409 dictum
1113 376 1152 406 E-

94 421 260 458 piscopum,
278 420 359 449 nobis
374 420 420 448 vel
435 419 645 448 Successbribus
659 417 761 447 nostris
776 427 834 447 non
847 416 946 455 poffit‚
965 427 1063 448 contra
1079 417 1153 453 hoc,

95 459 142 490 vel
154 459 233 496 super
247 459 323 495 hoc,
340 456 455 495 aliquod
470 455 666 494 praejudicium
686 456 820 495 generari.

132 534 222 572 Super
241 533 346 570 injuriis
367 540 460 562 autem
480 533 513 562 ὃς
536 531 660 568 delictis,
679 542 728 568 per
750 531 875 570 Bajulum
891 531 1022 562 nostrum
1037 530 1148 570 Agenn.

97 571 312 604 committendis
324 570 398 608 apud
413 570 524 600 Avenn.
541 571 570 599 in
575 569 769 607 jurisdictione
782 571 945 600 communi·

135 609 333 640 concedimus
345 608 423 646 quod
434 596 469 638 d³e
482 607 656 645 commissis,
675 618 739 645 quae
752 618 801 645 per
812 608 922 638 dicium
938 595 1064 646 bajulum
1086 606 1154 636 fient

96 647 171 686 apud
186 647 296 687 Agenn.
313 648 344 676 in
355 646 557 684 Jurisdic'tione
572 648 738 684 communi,
757 646 863 677 utendo
878 645 978 676 officio
998 646 1064 683 suo,
1082 654 1152 683 cog-

96 686 215 716 noscant
229 686 262 716 &
272 685 416 723 judicent,
433 683 625 721 ficutJudices
639 694 809 715 communes
825 685 936 723 Agenn.
951 685 1049 721 aliquis
1064 682 1153 720 depu-

98 724 196 754 tandus
212 723 227 753 a
240 724 338 761 nobis,
355 723 400 753 vel
414 722 570 752 senescallo
586 722 685 752 nostro
697 722 808 790 Agenn.
824 724 857 753 ὃς
871 721 1026 760 Episcopus
1041 721 1153 761 Agenn.

97 762 144 794 vel
158 761 295 792 Officialis
309 761 388 798 sum,
407 760 452 790 vel
464 761 499 790 ab
511 770 613 790 eorum
622 760 708 790 altero
744 760 903 798 eputandus.

136 799 175 830 Et
181 823 191 838 ,
206 800 226 830 fi
240 799 406 829 Senescallus
421 798 531 838 Agcnn.
546 798 591 829 vel
601 798 693 836 Judex
709 800 765 836 ejus
779 799 858 836 super
868 799 926 828 hoc
947 797 1094 833 adeantur,
1112 805 1157 825 re-

99 839 213 868 mittent
234 837 345 867 causam
364 836 399 866 ad
419 836 583 874 deputatum
599 837 634 866 ad
645 837 704 867 hoc
721 839 736 866 a
752 837 848 875 nobis,
868 837 901 867 &
913 836 947 866 ad
962 836 1154 874 Episcopum,

100 875 147 907 vel
165 876 265 905 locum
286 876 343 913 ejus
365 883 526 913 tenentem,
545 875 614 905 sicut
636 874 671 905 ad
691 874 836 905 Dominos
859 885 1028 906 communes
1043 874 1156 913 Agenn.

99 912 236 951 quamdiu
248 913 306 943 hoc
321 914 472 951 poterimus
488 914 545 944 fine
559 913 686 951 periculo
700 914 826 944 tolerare.

141 989 192 1020 De
208 989 421 1020 committendis
435 992 506 1021 vero
523 989 596 1028 apud
611 989 722 1029 Agenn.
738 991 766 1020 in
776 989 976 1029 Jurisdiffione
989 988 1159 1025 communi,

104 1035 154 1068 per
172 1028 301 1066 nostros,
319 1028 353 1058 &
372 1027 458 1066 Bajuli
479 1028 568 1059 nostri
589 1027 736 1059 servientes
757 1029 792 1058 de
815 1028 925 1067 Agenn.
941 1027 1047 1058 utendo
1061 1035 1162 1056 eorum

103 1065 221 1104 officio,
240 1065 414 1106 cognoscent
426 1064 494 1097 diffi
507 1067 610 1106 Bajuli,
626 1075 672 1097 aut
685 1067 810 1097 Domini
821 1065 998 1097 eorumdem.

139 1142 190 1174 De
207 1143 265 1173 aliis
283 1150 376 1172 autern
396 1141 503 1173 delictis
523 1144 556 1174 δε
576 1140 747 1182 excessibus,
765 1152 815 1180 per
833 1141 944 1172 distum
957 1141 1085 1180 Bajulum
1099 1149 1164 1170 nos-

104 1189 199 1219 trum,
218 1183 251 1212 &
265 1180 392 1218 nostrOS,
411 1182 444 1212 ¹&
461 1181 530 1211 dieti
546 1181 631 1218 Bajuli
643 1181 732 1211 nostri
745 1181 890 1211 servientes
905 1180 942 1210 de
955 1179 1065 1219 Agenn.
1079 1188 1164 1208 com-

105 1219 249 1250 mittendis
261 1218 334 1257 ap-id
350 1219 460 1258 Agenn.
474 1221 503 1249 in
513 1219 704 1257 jurisdictione
719 1218 886 1256 communi,
903 1217 1056 1257 cognoscat
1076 1217 1110 1247 &
1120 1217 1166 1254 ju-

105 1258 183 1288 dicet
198 1258 270 1288 solus
283 1257 450 1288 Senescallus
464 1257 575 1295 Agenn.
593 1257 638 1287 vel
658 1257 845 1294 Deputandus
859 1257 894 1286 ab
911 1266 963 1293 eo,

142 1294 222 1326 Sicut
235 1295 382 1334 cognoscit
397 1296 430 1326 &
440 1294 565 1332 judicat,
581 1295 614 1325 δε
629 1295 803 1334 cognoscere
816 1293 984 1332 &judicare
1005 1292 1166 1330 consuevit,

106 1335 261 1374 cognoscet
275 1335 307 1365 &
318 1333 454 1371 judicabit
469 1333 505 1362 de
518 1333 625 1363 deliffis
637 1334 670 1364 δε
686 1332 840 1363 excessibus
864 1331 985 1361 aliorum
1006 1330 1168 1368 Bajulorum

108 1373 143 1404 ὅτ
165 1381 414 1410 quorumcumque
433 1369 556 1401 aliorum*
573 1370 740 1401 officialium
761 1370 923 1400 nostrorum
936 1393 946 1407 ,
979 1370 1013 1400 &
1031 1369 1144 1399 suorum
1159 1392 1169 1407 ,

108 1409 266 1441 commistis
277 1410 306 1438 in
316 1408 499 1447 justiciatibus
512 1408 679 1440 immediatis
690 1409 848 1447 nobilium,
865 1408 899 1438 &
910 1408 1030 1438 aliorum
1039 1406 1170 1444 justicia-

116 1449 226 1479 'riorum
240 1454 321 1478 terrae
335 1447 445 1486 Agenn.
582 1450 587 1452 ”

146 1524 263 1556 Βεὶἰᾶα
277 1533 347 1556 vero
360 1525 396 1555 &
409 1524 550 1563 excessuS,
569 1534 619 1563 per
634 1523 761 1564 Bajulum
774 1523 907 1592 Episcopi
924 1521 1038 1562 Agenn.
1059 1522 1093 1553 &
1114 1521 1170 1566 ser-

109 1561 219 1593 vientes
232 1562 313 1601 ipsius
328 1563 430 1601 Bajuli,
450 1563 690 1601 qualitercumque
703 1570 873 1594 committen
893 1560 989 1599 iapud
1007 1560 1119 1600 Agenn.
1142 1570 1171 1589 m

107 1601 299 1639 jurisdiffitione
312 1603 478 1639 communi,
494 1601 527 1631 ad
541 1611 579 1632 co
599 1602 737 1632 uitionem
750 1600 891 1638 nostram,
910 1601 943 1630 δε
963 1598 1031 1628 disti
1053 1597 1171 1635 Episco-

111 1641 156 1677 pi,
175 1640 222 1670 vel
241 1640 340 1670 locum
359 1640 489 1670 nostrum
508 1639 554 1670 vel
594 1640 642 1669 iffi
657 1638 789 1677 Episcopi
803 1639 978 1676 tenentium,
995 1638 1169 1675 pertineant,

112 1678 148 1708 &
162 1687 212 1714 per
227 1678 300 1715 ipsos
313 1679 505 1717 communiter
519 1677 685 1712 iudicentur.

149 1715 235 1747 Salvo
253 1714 340 1745 nobis
360 1716 394 1746 &
409 1715 490 1746 dieto
508 1715 652 1753 Episcopo
670 1717 699 1745 in
719 1715 852 1745 omnibus
867 1715 948 1745 omni
957 1714 1037 1752 jure,
1057 1713 1076 1743 fi
1090 1712 1170 1751 quod

113 1753 198 1791 posfit
215 1752 326 1783 ostendi
341 1777 351 1790 ,
384 1764 433 1791 per
458 1762 588 1784 tenorem
610 1755 709 1784 litterae
764 1754 839 1793 riagii
853 1777 863 1790 ,
892 1753 972 1790 super
987 1749 1008 1772 ³*
1025 1752 1103 1781 dieto
1123 1761 1173 1788 pa-

113 1793 201 1830 riagio
222 1791 383 1830 confectae,
406 1800 569 1830 competere
588 1792 666 1823 alteri
684 1764 818 1822 milium
840 1799 938 1823 contra
958 1789 1090 1823 velultra
1102 1799 1174 1827 prae-

113 1829 204 1860 milla.

0 2293 43 2314 nn.
52 2282 94 2314 D.

0 2324 72 2362 ’289-

0 2373 22 2391 il.
40 2371 82 2396 17.

0 2423 26 2465 it.
40 2421 102 2465 'Vas-

0 2487 22 2503 n.
40 2485 81 2510 ¹7·

0 2520 106 2550 .1.p.1.

0 2941 60 2963 mn.
74 2930 107 2960 D

0 2970 83 3006 1289.

0 3011 30 3036 ln.
48 3018 90 3044 ¹7·

3 3067 10 3074 .
28 3056 51 3075 1.

0 3087 36 3112 ot.
53 3087 112 3111 Par.

1 3132 26 3157 7.
41 3126 70 3149 Ε.
91 3131 113 3149 ι.

0 3170 17 3188 ³.
35 3169 76 3197 ¹3·

0 3526 118 3558 AnnD.

13 3567 97 3603 1289.

0 3608 44 3632 an.
62 3613 104 3639 ¹7·

0 3647 23 3670 Ε.
47 3652 70 3669 1.

0 3684 33 3707 Ex
46 3682 104 3707 Au-

0 3725 59 3755 togr.

151 1906 190 1975 11}
210 1906 334 1944 quo'rum
355 1906 553 1938 testimonium
573 1905 702 1947 Sigillum
721 1905 851 1938 nostrum
872 1903 1052 1947 praesentibus
1072 1903 1113 1935 est
1127 1914 1177 1942 ap·-

115 1955 172 1984 pen
186 1955 244 1975 um.

153 2021 222 2052 Dat.
235 2021 308 2060 apud
324 2020 515 2052 Gundamum
529 2030 576 2061 24.
590 2022 636 2052 die
643 2020 719 2061 Julii.

163 2154 214 2186 De
222 2151 437 2198 pardonationc
452 2164 508 2199 pro
524 2151 668 2200 Johanne
684 2155 770 2186 Duce
787 2156 946 2186 Britannice
963 2156 999 2191 (ῤ’
1017 2156 1131 2186 Comite

540 2199 755 2236 Richmundiae.

120 2282 243 2347 REX
262 2283 397 2317 omnibus
412 2285 445 2317 ad
460 2294 548 2324 qum,
567 2287 627 2317 &c.
643 2285 769 2317 salutem.

221 2324 317 2355 Sciatis
331 2325 409 2363 quod
425 2325 640 2363 pardonavimus
652 2325 756 2355 dilesto
771 2324 804 2355 &
825 2322 898 2354 fideli
922 2321 1038 2362 nostro,
1053 2323 1178 2362 johanni

120 2361 156 2391 de
178 2362 317 2393 Britannia
331 2387 340 2400 ‚
358 2363 436 2394 Duci
455 2363 602 2393 Britanniae
616 2386 626 2402 ,
644 2364 678 2394 ἃ
701 2362 813 2393 Comiti
832 2361 1051 2392 Richemundiae
1066 2385 1076 2400 ,
1094 2371 1181 2393 trans-

141 2399 310 2439 ressronem,
330 2411 415 2439 quam
429 2402 496 2431 fecit
508 2411 568 2430 non
584 2400 714 2431 faciendo
729 2402 811 2431 nobis
824 2401 966 2431 servitium
980 2400 1062 2430 suum
1080 2401 1109 2429 in
1132 2400 1180 2431 tri-

144 2449 174 2469 us
188 2439 308 2478 guerris,
326 2440 429 2469 ultimo
446 2440 544 2469 habitis
557 2440 587 2468 in
600 2439 718 2469 Wallia:

161 2477 206 2507 Ac
227 2479 312 2507 eriam
333 2486 422 2507 totam
446 2478 611 2515 pecuniam,
631 2487 694 2515 quae
707 2477 742 2506 ab
757 2476 860 2507 eodem
875 2473 978 2514 Duce,
997 2476 1030 2507 &
1045 2475 1180 2512 Comite,

122 2515 157 2546 ὅς
171 2515 222 2545 suis
236 2517 353 2555 exigitur
367 2515 402 2545 ad
415 2526 486 2552 opus
499 2515 629 2546 nostrum
644 2525 695 2552 pro
708 2515 844 2552 scut-avio,
862 2515 945 2545 nobis
959 2515 1057 2544 debito
1070 2525 1122 2554 pro
1131 2515 1180 2544 tri-

122 2553 175 2583 bus
207 2554 290 2583 uerris
303 2553 465 2591 antediem,
482 2554 516 2584 &
529 2553 618 2591 ipsam
633 2554 755 2584 omnino
772 2564 786 2583 a
808 2552 940 2584 solvimus
953 2552 988 2582 de
1000 2553 1117 2582 eisdem:

195 2591 301 2621 olentes
315 2591 393 2630 quod
405 2592 481 2621 idem
495 2591 563 2621 Dux
577 2592 611 2622 &
625 2591 751 2629 Comes,
769 2591 816 2622 vel
824 2590 947 2621 haeredes
961 2591 1016 2629 sui,
1032 2590 1182 2621 occafione

122 2629 336 2668 transgressionis
357 2632 390 2661 δε
411 2630 534 2669 Scutagii
554 2629 750 2667 praedietarum
762 2654 772 2667 ,
796 2630 841 2660 vel
859 2629 1155 2660 alterius-eorumdem
1171 2653 1180 2666 ,

123 2677 174 2705 per
190 2677 260 2706 nOS,
279 2668 324 2699 vel
346 2668 470 2698 heredes
492 2667 621 2706 nostros,
638 2668 872 2706 Thesaurarium,
887 2666 1077 2706 Justiciarios,
1095 2666 1184 2704 Vice-

124 2707 261 2743 comites‚
279 2706 326 2736 seu
338 2703 405 2736 aiios
419 2707 614 2744 quoscumque
627 2706 776 2738 Ministros
791 2705 903 2738 nostros
918 2705 984 2736 inde
1000 2705 1185 2737 'occafionen-

124 2752 169 2774 tur
183 2745 211 2773 in
224 2744 336 2787 aliquo,
354 2745 400 2775 vel
413 2753 571 2784 graventur.

162 2781 198 2812 In
212 2792 305 2822 cujus,
324 2784 385 2814 &Q

162 2858 251 2890 Teste
264 2860 348 2900 Rege
361 2861 434 2898 apud
448 2861 581 2892 Ambian.
596 2861 643 2891 28.
658 2858 704 2891 die
711 2859 787 2900 Julii.

128 2934 389 2994 MEmorandum
411 2937 497 2977 quod,
514 2938 555 2967 die
575 2941 699 2977 Veneris,
712 2941 833 2977 proximo
853 2944 920 2968 ante
941 2933 1045 2978 Festum
1059 2933 1187 2977 Affitmp-

223 2977 302 3003 tionis
314 2974 399 3016 baatae
413 2978 534 3014 zuariae,
551 2977 693 3016 videlicet,
713 2977 859 3006 duodecimo
883 2977 925 3006 die
938 2975 1071 3016 Augusti,
1090 2979 1188 3012 Anno,

129 3010 189 3058 &a
210 3011 305 3078 deci'gno
319 3012 451 3057 septimo,
468 3016 528 3042 Rex
550 3014 675 3053 applicuit
695 3016 768 3054 apud
779 3017 900 3045 Dovorr.
916 3015 948 3045 de
956 3014 1082 3053 partibus
1093 3012 1187 3052 Vasio-

130 3061 183 3080 ntae
273 3056 378 3079 rancia

131 3091 173 3118 Et
186 3086 349 3129 Venerabilis
363 3072 448 3118 P’ater
461 3091 495 3118 R.
509 3089 696 3131 Bathonienfis
710 3089 748 3126 ὠ
762 3090 898 3132 Wllenfis
919 3088 1058 3130 Epifiopus
1078 3088 1188 3124 Canceb

168 3125 253 3156 larius
272 3126 337 3164 suus
356 3126 482 3165 applicuit
505 3127 545 3156 die
569 3132 699 3159 Mercurii
709 3134 834 3168 proxima
843 3131 1010 3168 praecedente
1024 3129 1055 3158 de
1062 3127 1189 3168 partibux

161 3164 325 3204 fiapradidi‘is
333 3188 344 3202 ,
359 3175 416 3195 cum
429 3176 523 3203 magno
537 3165 626 3204 Sigillo
643 3167 718 3207 tpfius
731 3171 819 3206 Regis.

134 3295 225 3329 Bulla
249 3294 286 3328 de
310 3296 498 3340 transtatione
524 3293 662 3329 Abbatiae
687 3295 723 3330 de
749 3296 949 3348 Abercomvey
968 3324 977 3340 ‚
1001 3299 1037 3336 ὠ
1067 3297 1104 3330 de
1130 3298 1192 3330 Va-

185 3341 303 3376 liditate
330 3344 510 3386 Quarum,
536 3356 556 3376 a
585 3344 722 3389 Pontifice
743 3347 871 3379 nondum
891 3345 1036 3379 beneditio
1057 3350 1093 3385 ω’*
1127 3357 1193 3377 con-

172 3392 290 3437 ftcraro
306 3391 523 3436 confhffarnm,
548 3404 584 3425 ac
602 3393 698 3426 Elefz‘i
714 3406 819 3426 nomen
839 3395 1008 3428 nullatenus
1028 3398 1194 3440 exprimen-

182 3450 273 3473 tium.

216 3525 324 3556 Icolaus
337 3524 363 3555 E
385 3524 492 3564 iscopus
503 3525 596 3556 servus
611 3525 756 3556 servorum
770 3526 844 3566 Dei,
860 3526 966 3558 dilestis
981 3526 1042 3558 filiis
1121 3525 1195 3563 ,Ab-

236 3565 291 3594 bati
308 3565 341 3594 &
384 3565 520 3595 onventui
535 3563 703 3594 Monasterii
717 3563 755 3593 de
769 3564 996 3598 Aberconewete
1018 3568 1047 3597 in
1070 3564 1195 3603 Wallia,

140 3601 333 3673 gestzmignfis
344 3602 463 3641 ordinis,
479 3601 658 3642 Bangorenfis
673 3600 943 3641 Diocefis,salutem
956 3604 1195 3643 &Apostolicam

166 3653 218 3672 ene
239 3652 266 3671 ic
280 3650 384 3672 ionem.

181 3680 226 3711 Ex
240 3688 315 3718 parte
327 3678 456 3709 carissimi
471 3679 501 3708 in
517 3677 698 3709 Christofilii
710 3678 797 3708 nostri
818 3679 951 3712 Edwardi
971 3680 1060 3720 Regis
1086 3680 1196 3720 Angliae

144 3718 271 3756 illustris,
289 3718 340 3749 fuit
363 3717 536 3755 propositum
558 3726 657 3747 coram
677 3717 774 3754 nobb,
795 3717 873 3754 quod
888 3743 898 3757 ,
915 3719 1003 3749 felicis
1022 3718 1199 3749 recordatio-

144 3757 188 3786 nis
202 3780 211 3794 ,
229 3756 378 3786 Honorius
398 3755 472 3793 Papa
485 3780 495 3794 ,
513 3753 705 3785 Praedeceffor
727 3753 823 3784 noster
837 3779 846 3792 ,
869 3764 933 3787 ante
954 3758 1200 3788 consecrationem

145 3795 180 3825 &
192 3794 420 3825 benedictionem
432 3794 508 3824 suam
517 3817 527 3833 ,
542 3793 700 3830 intelledm,
709 3792 787 3830 quod
802 3793 1010 3826 Monasterium
1023 3794 1150 3826 vestrum
1158 3795 1199 3826 ob

145 3840 234 3899 cegtgs
245 3833 333 3863 causas
346 3832 520 3863 rationabiles
532 3833 561 3861 in
575 3831 659 3870 loco,
677 3832 726 3861 ubi
741 3839 809 3861 tunc
829 3839 904 3871 erat,
915 3842 975 3863 non
994 3841 1102 3872 poterat
1117 3843 1201 3865 com—

147 3879 180 3900 m
220 3879 236 3898 e
249 3879 392 3901 remanere
553 3884 555 3887 ·

186 3906 318 3938 Praefatus
340 3895 547 3946 Prae’deceffor,
567 3907 697 3938 nondum
718 3906 882 3938 benedictus
902 3909 936 3940 &
959 3909 1151 3948 consecratus,
1168 3909 1202 3940 ad

149 3945 376 3983 devotamipfius
387 3947 476 3987 Regis
491 3945 693 3986 supplicationis
713 3945 886 3985 instantiam,
904 3947 1084 3978 transferendi
1103 3948 1205 3986 praesa-

153 3991 216 4014 tum
240 3982 448 4015 Monasterium
469 3985 505 4015 de
529 3984 672 4023 praemisso
691 3983 758 4014 loco
780 3983 814 4013 ad
827 3983 944 4021 locum,
963 3986 998 4015 in·
1028 3996 1067 4016 uo
1080 3995 1157 4017 nunc
1170 3984 1206 4016 fi-

152 4019 464 4091 mssoziseldissosgifflr,
481 4033 531 4063 per
545 4024 646 4057 litteras
667 4022 740 4060 suaS‚
758 4022 871 4060 bullatas
891 4022 968 4055 bulla
987 4023 1051 4063 sua,
1069 4034 1134 4063 quae
1152 4034 1206 4055 no-

1188 268 1263 290 tem:
1302 261 1406 298 Sicque
1421 272 1470 290 vos
1484 262 1636 291 litterarum
1650 262 1768 300 iplarurn
1784 261 1961 300 annositate,
1980 262 2049 292 sicut
2064 261 2191 298 aneritis,
2204 259 2240 290 de

1189 299 1274 335 priori
1288 299 1355 328 loco
1370 299 1515 336 praefatum
1533 298 1741 329 Monasteriuin
1757 299 1935 329 transtulistis.

1228 336 1310 366 Licet
1325 337 1406 375 igitur
1420 336 1512 374 quoad
1525 336 1683 374 hujusmodi
1698 338 1811 374 afflun,
1829 337 1873 367 seu
1888 338 2020 375 gratiam,
2039 335 2147 367 eredem
2169 335 2243 365 litte-

1189 384 1244 412 rae,
1263 375 1300 404 iic
1321 375 1446 412 bullatae,
1464 374 1592 412 plenam,
1611 375 1703 404 immo
1724 375 1910 412 pleniffimam
1930 377 1959 405 in
1980 375 2006 405 se
2027 376 2146 405 habeant
2161 383 2243 412 pote-

1192 412 1307 451 statem,
1326 413 1449 442 maxime
1470 421 1538 442 cum
1560 411 1643 441 Sedes
1664 412 1826 449 Apostolica
1840 437 1850 450 ,
1868 421 1931 443 anre
1951 412 2189 443 consecrationem
2211 412 2244 442 δε

1192 450 1421 481 benedictionem
1433 450 1523 480 Elceti
1534 451 1562 479 in
1576 449 1719 480 summum
1732 450 1919 489 Pontificem,
1937 461 2005 482 cum
2019 451 2160 481 defectiva
2180 450 2244 479 bul-

1191 488 1234 527 la,
1253 488 1344 519 Eleffl
1358 499 1465 519 nomen
1480 487 1633 518 nullatenus
1646 489 1835 527 exprimente,
1855 489 1959 519 bullare
1973 489 2073 519 litteras
2097 490 2153 519 suas
2171 497 2244 519 con-

1193 527 1311 558 sueverit
1326 528 1362 557 ab
1375 529 1509 565 antiquo,

1230 565 1277 596 Ut
1297 575 1392 595 tamen
1409 565 1445 594 de
1465 565 1604 594 mentibus
1627 563 1739 593 rudium
1759 573 1835 593 error
1856 564 1948 593 omnis
1963 564 2082 594 totaliter
2096 564 2246 603 evellatur,

1192 602 1288 633 vestris
1304 604 1337 633 &
1350 604 1430 640 iplius
1445 602 1533 642 Regis
1552 602 1660 632 devotis
1679 601 1922 638 supplicationibus
1941 602 2081 640 inclinati,
2097 603 2175 640 quod
2198 613 2248 641 per

1192 641 1301 671 easdem
1313 642 1413 671 litteras
1429 641 1508 678 super
1527 641 1546 660 ²*
1564 641 1622 670 hoc
1635 639 1744 669 facitum
1755 639 1795 668 est
1810 648 1901 669 ratum
1917 639 1949 669 &
1964 639 2079 670 firmum
2093 641 2244 679 habentes,

1192 680 1237 717 id,
1255 689 1339 718 prout
1351 689 1496 717 tenemur>
1515 679 1678 708 aufitoritate
1689 676 1854 715 Apostolica
1867 677 2070 716 approbamus,
2090 678 2249 717 &praesen-

1192 719 1225 748 tis
1241 718 1333 754 scripti
1347 719 1503 755 patrocinio
1519 717 1740 747 communimus.

1229 755 1444 785 Nichilominus
1465 755 1632 785 declarantes
1651 754 1696 784 seu
1717 753 1898 784 decernentes
1916 753 2075 792 hujusmodi
2097 754 2250 785 transsatio-

1194 803 1263 823 nem
1276 792 1343 823 dieti
1359 792 1527 823 Monasterii
1562 791 1681 822 eandem
1696 793 1775 830 vim,
1794 791 1970 829 eandemque
1986 793 2116 831 vigorem
2129 792 2249 831 habere,

1195 842 1228 862 ac
1241 832 1260 861 fi
1275 841 1324 869 per
1337 831 1437 862 litteras
1449 831 1516 862 dieti
1529 816 1759 868 sraedeceffons,
1776 830 1883 869 integra
1895 830 1971 861 bulla
1987 831 2115 868 bullatas,
2134 831 2195 862 alias
2207 839 2249 862 ta-

1197 879 1264 899 men
1280 870 1404 913 legitime
1419 870 1490 899 fadla
1504 869 1582 900 effer.

1234 907 1320 938 Nulli
1333 917 1418 947 ergo,
1437 909 1499 939 &c.

1201 1023 1217 1053 s
1236 983 1305 1052 Da}i
1324 980 1424 1014 Reatae
1446 992 1490 1012 12.
1513 981 1653 1014 Kalendas
1672 978 1858 1021 Septembris,
1873 982 2060 1015 pontificatus
2075 983 2165 1015 nostri
2174 969 2250 1015 anno

1212 1032 1285 1053 ecun
1305 1032 1334 1052 0.

1233 1097 1287 1128 Sub
1293 1096 1353 1139 filis
1370 1095 1457 1136 [bricis
1464 1095 1543 1135 flavi
1556 1095 1680 1137 rubeique
1694 1096 1791 1126 coloris.

1203 1225 1392 1256 Innovantur
1419 1225 1525 1256 Literae
1549 1224 1638 1269 Regis
1662 1220 1788 1266 Alfonsb
1815 1223 1888 1266 Regi
1907 1197 2066 1266 Araganiae
2085 1209 2260 1268 abligatoriae

1524 1281 1581 1316 pro
1604 1270 1709 1302 Carolo
1725 1272 1801 1316 Rege
1820 1269 1936 1302 Siciliae.

1205 1355 1419 1415 EDwardus,
1438 1355 1496 1385 Dei
1515 1354 1620 1395 gratia,
1637 1354 1703 1385 Rex
1723 1353 1834 1393 Angliae
1848 1377 1858 1392 ,
1877 1353 2022 1384 Dominus
2043 1353 2209 1394 Hiberniae,
2227 1356 2261 1387 ὅ(

1281 1394 1350 1425 Dux
1367 1394 1538 1432 Aquitaniae,
1557 1393 1707 1431 omnibus,
1725 1391 1758 1422 ad
1774 1402 1845 1430 quos
1859 1392 2002 1429 praesentes
2024 1392 2140 1424 Litterae
2159 1404 2260 1431 perve-

1204 1434 1313 1471 nerint,
1330 1432 1453 1464 salutem.
1488 1452 1491 1454 -
1974 1464 1976 1466 v
2026 1446 2029 1449 ⁴

1244 1471 1343 1501 Sciatis
1377 1470 1450 1508 uod,
1468 1479 1537 1501 cum
1550 1467 1780 1508 consanguineus
1800 1468 1896 1499 noster
1914 1467 2094 1508 Cariffimus,
2112 1469 2259 1502 Dominus

1206 1509 1344 1547 Karolus‚
1380 1508 1471 1539 erusal.
1485 1509 1519 1539 &
1532 1508 1634 1538 Sicilice
1649 1507 1713 1538 Rex
1727 1506 1856 1545 illustris,
1870 1506 1950 1544 super
1963 1508 2080 1538 traitatu
2091 1508 2260 1540 liberationis

1207 1548 1278 1585 suae,
1296 1547 1463 1586 ptomififfet
1477 1545 1635 1586 Magnifico
1648 1545 1770 1583 Principi
1805 1545 1939 1576 Domino
1947 1545 2084 1584 Alfonso,
2103 1546 2263 1587 Aragoniae,

1207 1585 1410 1623 Majoricarum
1425 1586 1459 1617 &
1473 1584 1610 1615 Valentiae
1625 1568 1811 1624 Regi'illuss’rri
1820 1608 1829 1622 ‚
1843 1593 1876 1614 ac
1891 1582 2001 1614 Comiti
2013 1583 2206 1616 Barchinoniae
2235 1597 2264 1616 a·-

1207 1624 1264 1661 pud
1280 1623 1446 1654 Romanam
1460 1622 1596 1661 Curiam,
1615 1627 1729 1653 necnon
1741 1621 1814 1660 apud
1828 1621 1991 1652 Dominum
2006 1622 2188 1663 Philippum,
2202 1609 2264 1655 Re-

1206 1671 1272 1706 gem
1288 1661 1411 1691 Franciae
1425 1661 1575 1699 illustrem,
1593 1661 1626 1692 ὃς
1642 1660 1805 1691 Dominum
1822 1658 1964 1690 Karolum
1978 1660 2092 1691 fratrem
2104 1663 2183 1693 suum
2216 1664 2262 1693 in-

1207 1703 1247 1730 fra
1261 1699 1375 1741 Festum
1389 1701 1522 1730 omnium
1535 1698 1724 1737 Sandtorum,
1742 1699 1871 1737 proxime
1888 1698 2013 1739 futurum
2021 1721 2032 1738 ,
2044 1709 2097 1740 pro
2110 1700 2169 1738 ipso
2181 1686 2263 1741 Rege

1210 1738 1252 1768 Ar
1287 1739 1361 1768 oniae
1373 1738 1407 1768 ali
1429 1748 1463 1768 ua
1476 1739 1639 1776 impetrare:
1659 1761 1661 1763 .
2057 1769 2059 1771 ¹

1284 1776 1370 1814 osque
1385 1776 1413 1806 di
1444 1787 1463 1806 o
1476 1776 1553 1813 Regi
1568 1776 1719 1812 Aragoniae
1734 1776 1813 1806 variis
1826 1774 1934 1813 modis,
1954 1785 2006 1812 pro
2021 1775 2124 1806 eisdem
2138 1786 2267 1808 conven-

1210 1815 1334 1846 tionibus
1345 1838 1355 1854 ‚
1372 1814 1516 1845 fuissemus
1531 1814 1590 1846 obli
1610 1814 1663 1851 ati,
1681 1823 1765 1851 prout
1778 1815 1806 1843 in
1823 1813 1943 1852 Literis,
1959 1815 2102 1852 utrimque
2115 1816 2268 1855 confeffis,

1209 1854 1310 1884 Sioillis
1324 1853 1425 1883 nostris
1441 1853 1565 1892 signatis,
1581 1862 1599 1892 p
1611 1852 1687 1882 enisis
1700 1853 1860 1882 continetur
1868 1858 1879 1880 ι·
2036 1885 2037 1888 Ἰ

1240 1878 1285 1922 cEt
1304 1901 1374 1930 nos,
1392 1899 1426 1921 ex
1447 1891 1531 1921 causis
1549 1889 1701 1928 aliquibus,
1719 1890 1945 1928 requisiverimus
1964 1887 2076 1933 dissum,
2089 1889 2206 1931 Regem
2220 1901 2268 1930 ut,

1209 1930 1246 1960 de
1261 1929 1307 1960 su&
1322 1928 1408 1967 gratia
1422 1930 1454 1960 &
1469 1928 1629 1959 liberalitate
1643 1928 1735 1967 mera,
1753 1928 1861 1958 diCmm
1875 1929 2029 1959 terminum
2049 1930 2182 1960 'omniurn
2200 1930 2270 1960 San-

1210 1969 1325 1999 &torum
1339 1968 1424 2006 usque
1437 1967 1472 1998 ad
1483 1967 1604 2005 aliquem
1618 1966 1780 1997 ulteriorem
1794 1967 1947 1997 terminum
1957 1989 1967 2004 ,
1985 1976 2072 2005 quem
2093 1969 2164 1998 inter
2183 1970 2273 2006 ipsum

1211 2008 1246 2038 ὃς
1260 2014 1452 2037 memoratum
1466 2006 1580 2046 Regem
1594 2004 1844 2044 consanguineum
1859 2003 1988 2035 nostrum
2013 2007 2183 2036 concordari
2200 2017 2274 2038 con-

1211 2046 1319 2085 tigerit,
1339 2044 1388 2075 fibi
1401 2044 1507 2082 placeat
1521 2043 1686 2082 prorogare3
2259 2065 2262 2082 ζ

1251 2083 1320 2114 Nos
1331 2082 1423 2113 'eidem
1437 2082 1514 2120 Regi
1529 2082 1677 2121 Aragoniae
1692 2081 1781 2111 teneri
1793 2078 1925 2111 volumus
1939 2079 1973 2110 ad
1994 2082 2165 2120 terminum,
2183 2092 2272 2121 quem

1212 2132 1290 2153 nunc
1310 2120 1470 2152 concedere
1489 2121 1628 2158 voluerit,
1642 2120 1779 2150 omnibus
1800 2119 1893 2149 modis
1916 2119 1949 2149 δε
1972 2120 2185 2151 conditionibus
2204 2121 2273 2159 illis,

1214 2161 1315 2199 quibus
1328 2160 1361 2190 ad
1376 2161 1499 2197 priorem
1513 2160 1668 2190 terminum
1684 2158 1847 2188 tenebamur
1861 2156 1973 2194 eidem3
1989 2158 2022 2188 &
2037 2158 2071 2188 ad
2085 2159 2143 2189 hoc
2158 2169 2211 2190 nos
2223 2169 2273 2200 per

1213 2199 1359 2241 praesentes
1375 2199 1481 2228 Literas
1495 2198 1661 2237 obligamus.

1252 2237 1386 2268 Volentes
1399 2236 1598 2267 nichilominus
1613 2234 1692 2273 quod
1708 2243 1810 2265 omnes
1825 2233 1928 2263 Literae
1949 2233 2142 2273 obligatoriae,
2163 2246 2230 2274 quas
2245 2245 2278 2266 a-

1213 2276 1261 2307 lias
1276 2276 1394 2305 fecimus
1408 2274 1487 2305 dieto
1502 2274 1577 2314 Regi
1594 2272 1848 2310 Aragoniae,super
1863 2271 2057 2314 liberationem
2066 2272 2274 2314 Consanguinei

1215 2314 1303 2344 nostri
1315 2313 1447 2343 antedicti
1455 2336 1465 2351 ,
1482 2313 1512 2342 in
1526 2312 1576 2343 suo
1589 2311 1694 2341 robore
1708 2319 1905 2348 permaneant,
1922 2309 2002 2340 dieto
2014 2313 2140 2342 termino
2153 2321 2277 2343 tanturn·-

1216 2352 1307 2383 modo
1321 2360 1488 2390 prorogato:
1938 2377 1941 2379 .

1255 2391 1288 2420 ln
1310 2391 1387 2428 cujus
1409 2390 1449 2419 rei
1468 2387 1664 2419 testimonium
1684 2386 1814 2426 Sigillum
1836 2384 1967 2416 nostrum
1981 2385 2156 2424 praesentibus
2171 2387 2213 2418 est
2228 2397 2275 2427 ap-

1218 2429 1345 2467 pensum.

2260 220 2335 250 Ilm-3.
2350 218 2379 248 ξ’)

2282 260 2365 287 ];ῑίι),

2340 288 2350 296 ι

2262 301 2315 326 Ed}
2350 306 2373 323 t,

2267 647 2282 664 ὖ
2292 639 2398 680 1142&v

2281 1360 2354 1391 Arm.
2368 1360 2415 1391 D:

2302 1401 2384 1438 1289.

2280 1442 2333 1467 An.
2351 1448 2393 1474 ¹7·

2280 1482 2310 1505 Ε.
2328 1484 2363 1504 ι.“

2281 1521 2311 1544 r..
2326 1519 2356 1542 B.
2364 1513 2392 1551 f.

2288 1564 2318 1581 ιο
2325 1563 2347 1580 ι.

2281 1596 2352 1620 Penes
2360 1594 2413 1618 ca·-

2280 1639 2374 1659 merar.

1257 2503 1366 2534 Datum
1382 2498 1454 2540 apud
1470 2501 1611 2541 Rayleigh
1623 2501 1726 2532 ultimo
1740 2500 1786 2530 die
1801 2499 1937 2539 Augusti,
1953 2505 2028 2530 anno
2043 2495 2167 2532 Domini
2188 2500 2278 2533 mille-
2318 2488 2321 2504 ⁵

1219 2542 1291 2572 simo
1307 2565 1317 2580 ,
1333 2540 1526 2571 ducentesimo
1538 2564 1550 2579 ,
1567 2539 1745 2580 odtogefimo
1759 2561 1769 2576 ,
1789 2548 1870 2569 nono
1885 2560 1896 2576 ‚
1921 2538 1954 2568 &
1977 2548 2053 2569 anno
2077 2539 2172 2580 Regni
2190 2540 2279 2572 nostri

1219 2581 1335 2611 decimo
1349 2580 1477 2617 septimo.

1441 2711 1528 2745 Bulla
1546 2708 1582 2743 de
1595 2707 1714 2756 lugubri
1721 2700 1808 2752 statu
1824 2711 1919 2742 Terra
1935 2708 2055 2742 Sanffae.

1226 2793 1413 2858 Nlcolaus
1431 2795 1603 2834 Episcopus,
1620 2794 1712 2825 servus
1732 2793 1877 2825 servorum
1892 2792 1967 2831 Dei,
1984 2792 2136 2824 Carissimo
2150 2794 2180 2824 in
2194 2793 2281 2825 Chri-

1321 2836 1365 2866 sto
1375 2835 1434 2865 filio
1527 2834 1603 2872 Regi
1616 2833 1726 2872 Angliae
1739 2832 1836 2864 illustri
1844 2855 1854 2870 ‚
1865 2832 1979 2863 salutem
1992 2832 2025 2862 &
2039 2831 2223 2869 apostolicam
2231 2834 2281 2863 be-

1225 2874 1426 2905 nedictionem.

1264 2913 1345 2943 Dura
1359 2914 1443 2942 nimis
1457 2911 1490 2941 &
1503 2919 1595 2940 amara
1607 2909 1687 2941 valde
1699 2919 1788 2948 nuper
1802 2908 1838 2939 de
1851 2908 1884 2939 U
1887 2908 2050 2938 ltramarinis
2064 2908 2186 2945 partibus
2206 2919 2282 2941 nova

1224 2953 1400 2989 percepimus
1409 2974 1418 2989 ,
1433 2949 1603 2979 dileetorum
1617 2947 1741 2978 filiorum
1757 2946 1788 2977 H
1827 2948 1890 2977 onis
1903 2946 1938 2976 de
1952 2945 2105 2976 Matiscon.
2123 2947 2157 2977 &
2172 2947 2282 2985 johan-

1225 2991 1267 3019 nis
1281 2989 1386 3020 ordinis
1401 2987 1635 3026 prtedicatorum,
1650 2986 1727 3016 Petri
1740 2985 1775 3016 de
1787 2957 1940 3023 ffezquam
1961 2984 2098 3022 hospitalis
2117 2984 2214 3016 Sanffl
2230 2986 2286 3025 Jo—

1226 3028 1340 3066 hannis,
1357 3028 1390 3058 &
1410 3024 1566 3062 Hertandi‚
1584 3023 1703 3054 Domus
1725 3024 1840 3054 Militiae
1857 3023 1975 3060 Templi
1991 3022 2208 3061 Jerosolimitani
2228 3025 2284 3056 sra-

1227 3074 1318 3104 trum,
1337 3066 1458 3096 latorum
1471 3063 1662 3101 praesentium,
1680 3061 1814 3092 relatione
1828 3062 1914 3091 flebili
1928 3063 2109 3098 exprimente.

1265 3104 1406 3134 Sensimus
1428 3102 1542 3141 quidem
1563 3102 1592 3130 in
1614 3102 1717 3131 intimis
1738 3100 1790 3130 diri
1810 3099 1915 3130 doloris
1931 3100 2038 3138 istum,
2057 3108 2114 3130 tam
2133 3102 2283 3140 gravibus,

1228 3152 1287 3173 tam
1306 3142 1445 3180 tristibus,
1465 3139 1623 3171 rumoribus
1642 3139 1803 3176 ilitelledtis,
1822 3138 1954 3177 lugubri,
1972 3138 2005 3168 ὃς
2026 3138 2062 3168 ab
2083 3138 2153 3168 olim
2173 3141 2286 3177 pericu-

1228 3180 1288 3211 loso
1297 3203 1306 3218 ‚
1324 3180 1462 3210 dietarum
1478 3179 1596 3217 partium
1608 3176 1688 3207 statui
1702 3185 1818 3215 paterno
1830 3178 2033 3214 compatientes
2045 3175 2166 3215 affecstu‚

1268 3218 1348 3249 Cum
1370 3219 1398 3247 in
1418 3227 1513 3248 earum
1534 3215 1658 3253 Incolas,
1678 3216 1781 3253 (prout
1802 3215 1946 3245 dierorum
1959 3215 2075 3245 fratrum
2091 3215 2193 3245 moesta
2207 3220 2284 3252 patess

1231 3257 1299 3287 fecit
1320 3256 1455 3293 assertio)
1475 3253 1583 3293 pridem
1597 3277 1607 3291 ,
1632 3254 1701 3284 ficut
1718 3254 1776 3291 jam
1796 3253 1959 3283 intellexisse
1975 3261 2004 3283 te
2025 3252 2166 3283 credimus
2178 3276 2187 3290 ,
2213 3253 2284 3283 saeva

1230 3305 1329 3325 manus
1348 3296 1457 3325 irruerit
1478 3294 1648 3330 impiorum,
1667 3300 1731 3329 quae
1742 3317 1752 3331 ,
1770 3291 1921 3329 nephandis
1942 3291 2045 3321 assueta
2062 3290 2207 3320 sceleribus
2221 3315 2231 3328 ,
2248 3292 2283 3322 δε

1231 3333 1444 3370 redemptorum
1465 3332 1626 3361 sanvruinem
1648 3329 1738 3360 sitiens
1754 3353 1764 3369 ,
1782 3331 1855 3361 aetati
1871 3330 1916 3360 vel
1929 3329 2001 3359 sexui
2015 3339 2074 3358 non
2096 3329 2234 3367 pepercit,
2252 3330 2283 3360 in

1230 3370 1365 3412 grandem
1380 3371 1470 3401 nostri
1481 3355 1665 3406 redemptoris
1678 3369 1825 3406 injuriam,
1840 3377 1974 3407 magnum
1997 3366 2208 3396 Christianitatis
2229 3367 2285 3396 ob-

1232 3410 1381 3448 probrium
1394 3410 1428 3440 &
1440 3416 1655 3444 contemptum,
1673 3416 1706 3436 ac
1717 3408 1873 3437 animarum
1892 3406 1926 3436 &
1947 3413 2103 3442 corporum
2124 3403 2286 3435 Incolarum

1234 3449 1358 3487 ipsorum
1372 3447 1564 3484 gravissimum
1577 3443 1788 3475 detrimentum.

1271 3486 1352 3517 Cum
1366 3487 1459 3524 itaque
1471 3484 1536 3514 dicti
1551 3482 1645 3513 fratres
1657 3482 1691 3512 ad
1706 3483 1876 3522 praesentiam
1892 3489 1968 3512 tuam
1983 3481 2009 3511 se
2019 3488 2165 3521 propterea
2185 3481 2286 3512 confe-

1235 3533 1314 3563 rant,
1329 3524 1504 3555 confidenter
1517 3521 1720 3551 Excellentiam
1733 3521 1854 3561 Regiam
1869 3519 2020 3559 rogandam
2032 3526 2135 3549 attente
2155 3518 2287 3550 duximus

1234 3565 1267 3595 δε
1286 3562 1453 3593 hortandam
1472 3560 1615 3599 quatinus,
1632 3560 1733 3589 intuitu
1755 3559 1814 3589 Dei
1835 3559 1925 3597 (cujus
1944 3559 1973 3587 in
1988 3558 2040 3587 hac
2053 3565 2129 3594 parte
2142 3559 2290 3596 negotium

1235 3602 1336 3642 agitur)
1361 3601 1393 3632 ὃ(
1417 3609 1469 3638 pro
1488 3597 1651 3636 apostolicae
1670 3596 1737 3627 sedis
1748 3607 1780 3627 ac
1793 3597 1887 3627 nostra
1899 3596 2068 3633 reverentia,
2086 3594 2177 3625 dictos
2195 3595 2291 3628 fratres

1236 3641 1357 3679 benigne
1378 3639 1528 3676 recipiens,
1546 3636 1579 3666 &
1600 3634 1719 3665 honeste
1739 3636 1906 3673 pertrac'tans
1921 3658 1931 3671 ,
1953 3633 2107 3664 clementer
2129 3633 2237 3674 audias,
2255 3636 2289 3666 &

1237 3679 1371 3717 intelligas
1382 3676 1526 3714 diligenter
1539 3683 1586 3711 ea,
1605 3683 1670 3711 quae
1683 3672 1719 3703 de
1744 3673 1814 3703 statu
1835 3672 1973 3702 dinatum
1992 3672 2010 3692 ²*
2030 3672 2166 3710 partium,
2184 3673 2218 3704 &
2237 3678 2290 3711 pro

1236 3717 1313 3755 ipso,
1330 3718 1359 3746 in
1374 3714 1514 3753 praesentia
1527 3711 1618 3751 Regia
1631 3711 1759 3742 duxerint
1774 3709 1974 3749 proponenda,

1276 3756 1383 3792 Tuque
1401 3753 1437 3783 de
1458 3751 1542 3781 celeri
1562 3749 1724 3780 adhibendo
1747 3751 1776 3779 in
1796 3749 1848 3778 hac
1867 3756 1945 3786 parte
1964 3748 2092 3779 remedio
2105 3770 2116 3788 ‚
2147 3756 2293 3788 tamquam

1241 3793 1375 3834 Princeps
1387 3790 1540 3821 catholicus
1551 3809 1561 3825 ‚
1577 3788 1694 3818 sollicite
1709 3789 1832 3827 cogitare
1846 3795 1994 3824 procures:
2014 3785 2062 3817 Co
2083 3787 2180 3818 inarum
2200 3788 2294 3827 hujus-

1242 3831 1322 3862 modi
1338 3829 1435 3860 festina
1449 3827 1620 3858 exhibitione
1634 3827 1743 3863 operis,
1761 3833 1845 3865 prout
1866 3823 1995 3863 expedit,
2012 3834 2065 3862 pro
2076 3825 2224 3865 equendo3
2242 3836 2296 3864 ne,

1241 3869 1319 3909 quod
1333 3868 1417 3906 absit,
1435 3864 1594 3904 hujusmodi
1607 3872 1761 3904 prorogato
1781 3862 1916 3901 subsidio,
1933 3871 2036 3894 terram
2057 3864 2133 3895 illam
2151 3864 2296 3896 absorbeat

1242 3906 1395 3939 execranda
1408 3905 1544 3936 voracitas
1555 3903 1680 3941 inimici,

1279 3947 1326 3977 Sic
1342 3954 1369 3976 te
1382 3944 1523 3974 habiturus
1536 3940 1688 3971 efficaciter
1701 3941 1730 3970 in
1745 3940 1797 3970 hac
1811 3946 1942 3978 parte‚ut
1954 3939 2054 3971 exinde
2066 3942 2215 3979 praernium
2224 3947 2295 3969 con-

1245 3985 1362 4023 sequaris
1384 3983 1400 4012 a
1421 3980 1572 4018 Domino,
1588 3979 1666 4017 quod
1688 3986 1742 4017 pro
1764 3979 1814 4016 piis
1828 3978 1935 4008 aeribus
1949 3980 2161 4018 recompensam
2179 3979 2212 4009 &
2226 3987 2299 4015 prae-

1247 4032 1289 4056 ter
1306 4021 1391 4054 laudis
1410 4020 1540 4051 humanae
1562 4018 1764 4085 praeconiumG,
1789 4016 1840 4047 tibi
1861 4016 1983 4058 proinde
2001 4025 2209 4057 proventurum
2220 4038 2230 4055 ‚
2242 4025 2301 4085 l{os

2274 4063 2302 4084 β

2297 2790 2372 2826 ΑιιηΔ
2388 2791 2431 2828 D.-

2321 2836 2404 2874 1289.

2298 2877 2350 2901 An.
2372 2884 2413 2910 ¹7·

2299 2916 2328 2939 Ε,
2352 2922 2375 2939 1.

2300 2954 2340 2976 Ex
2354 2953 2411 2977 Au*

2300 2996 2365 3025 togr.

2308 3677 2323 3694 ”
2334 3679 2361 3706 11
2373 3685 2440 3713 429.
