2570 4261
23 284 99 320 Ann.
108 285 149 317 D.

43 326 128 356 1226.

22 370 85 394 Hm.
105 374 118 401 3
125 386 131 391 .

20 443 75 470 An.
93 448 135 466 11.

21 483 57 506 H.
77 487 102 514 3.

22 520 80 543 Par.
108 524 150 542 ii.

18 558 136 590 H.3.m.

24 600 67 619 ιι.

8 1830 84 1864 Ann.
96 1830 137 1862 D.

33 1871 119 1900 1226.

5 1913 60 1938 An.
79 1919 87 1937 i
97 1919 106 1937 1
114 1931 120 1937 .

5 1989 65 2015 ΡΜ.
97 1996 139 2016 11.

8 2029 44 2052 H.
61 2034 86 2062 3.
103 2035 140 2054 m.

0 2480 16 2514 3
34 2494 132 2533 I.289.

743 168 852 216 ET
935 169 1202 215 ACTA

482 345 531 377 De
551 345 628 377 Dote
646 346 759 390 Reginae
775 341 913 388 Isbzbellae.

170 426 301 483 REX
323 428 457 458 omnibus
469 451 479 466 ,
509 427 543 457 ad
565 437 636 465 quos
658 428 802 465 praesentes
822 426 910 457 literae
929 429 1107 465 pervenerint
1122 452 1131 467 ,
1156 428 1225 459 salu-

243 474 311 496 tem.

206 503 303 534 Sciatis
317 503 394 541 quod
409 504 558 542 volumus,
576 505 609 534 &
627 514 676 540 per
686 504 878 541 juramentum
891 500 1021 535 nostrum
1041 504 1223 543 corporaliter

189 541 323 572 raestitum
344 541 535 580 firmavimus,
552 541 668 572 reddere
689 540 837 572 kariffimae
860 543 941 572 mani
963 542 1083 581 nostrae,
1104 542 1223 573 Isabellae

167 551 308 619 Reginae,
328 581 362 610 ὃ(
375 580 534 611 Comitiffae
547 579 717 619 Engolismi,
735 587 824 610 totam
842 580 940 610 dotem
963 581 1055 619 suam,
1071 591 1154 619 quam
1175 582 1223 611 ha-

167 614 254 656 buit,
287 619 321 649 &
340 618 443 649 habere
458 618 542 649 debet
563 619 592 648 in
613 618 713 656 Anglia
728 641 738 656 ‚
769 617 839 649 ficut
857 618 987 657 assignata
1008 619 1060 650 fuit
1072 620 1223 649 ‘Alienorae

167 656 315 726 quongaam
328 656 410 687 Aviae
422 655 543 695 nostrae,
561 658 595 688 &
609 657 678 687 sicut
690 655 775 686 Carta
788 656 910 687 Domini
920 656 1057 695 Johannis
1070 659 1151 695 patris
1158 668 1224 688 nos*

165 700 203 726 tri
217 702 245 726 te
286 703 338 726 tur.

204 733 405 765 Conceffimus
419 734 502 764 etiam
515 732 626 771 eidem,
645 733 695 764 sub
708 733 810 764 eodem
820 734 999 771 juramento,
1017 733 1108 764 facere
1132 735 1156 765 ei
1179 744 1221 764 ra-

165 772 301 803 tionabile
318 772 489 802 escambium
508 770 581 802 dotis
595 795 605 810 ‚
638 782 724 810 quam
740 773 842 802 habere
862 771 958 802 debuit
977 773 1006 801 'm
1024 772 1223 810 Normannia‚

169 809 350 849 Andegavia‚
366 810 400 841 &
416 809 556 847 Pictavia,
574 820 624 848 per
637 811 829 841 rationabilem
841 810 931 840 visum
951 811 1108 848 proborum
1129 812 1161 841 &
1183 810 1222 840 le—

166 849 273 893 galium
285 850 430 887 virorum,
450 849 497 886 qui
510 848 543 878 ad
560 848 617 879 hoc
629 849 688 879 tam
701 857 735 878 ex
759 858 836 886 parte
854 848 963 886 nostra,
983 849 1069 887 quarn
1090 858 1123 878 ex
1146 857 1222 886 parte

166 898 175 916 1
197 886 248 917 fius
262 911 273 924 ,
295 886 432 926 eligentur
444 911 454 925 ,
480 886 576 924 quous
591 897 626 917 ue
645 887 806 924 praedistam
826 887 924 916 dotem
945 888 969 917 ei
990 887 1219 917 deliberavimus:

194 934 206 956 t
240 924 298 955 uod
308 924 346 963 ,de
361 924 501 955 escambio
514 925 562 955 illo
596 925 703 963 ecidat,
722 926 791 956 sicut
803 927 958 963 poterimus
971 933 1059 963 partes
1077 924 1148 954 illius
1168 924 1222 954 do-

165 964 200 994 tis
210 973 225 993 a
259 973 330 1001 opus
345 962 474 992 nostrum
489 964 521 993 ὃς
536 963 615 993 suum
627 964 802 1002 conquirere.

203 1000 238 1031 In
261 1002 338 1040 cujus
358 1003 399 1031 rei
419 1001 614 1032 testimonium
634 1003 680 1032 has
699 1003 800 1034 litteras
820 1001 926 1032 nostras
947 1008 1070 1039 patentes
1083 999 1141 1030 fieri
1153 999 1222 1030 feci-

164 1048 237 1071 mus.

200 1114 335 1147 Testibus
348 1119 552 1150 venerabilibus
565 1118 684 1157 patribus
692 1141 701 1157 ,

708 1194 759 1224 Th.
779 1193 901 1221 Norwic.
917 1191 1011 1221 EleHo
1018 1215 1027 1229 ,

163 1196 190 1223 S*
211 1197 345 1225 cantuum
358 1196 554 1234 Anoepdwpo’
709 1235 748 1261 H.
769 1231 801 1259 de
815 1233 905 1266 Burgo
919 1230 1077 1270 Justiciario
1090 1227 1194 1267 nistra,

164 1233 200 1261 E.
221 1233 343 1262 London.

163 1272 196 1299 P.
216 1272 338 1301 Wnton.
709 1272 744 1299 R.
765 1272 865 1298 Comite
879 1269 959 1307 Cellr.
976 1267 1014 1303 ὠ·
1029 1267 1155 1297 Lincoln.

161 1308 198 1347 J.
217 1309 305 1339 Rath.
709 1311 744 1336 G.
766 1311 837 1335 Com.
852 1304 946 1335 Glouce
970 1317 993 1335 r.
1007 1303 1196 1345 &Hertford.

161 1349 201 1376 H.
221 1346 342 1378 Lincoln.
705 1343 827 1382 Philippo
841 1344 872 1373 de
888 1343 933 1372 Al
951 1347 1052 1381 iniaco,

161 1388 194 1415 R.
212 1390 317 1415 Sarum.
705 1382 845 1420 Radulpho
848 1381 912 1422 filio
926 1381 1054 1412 Nicholai
1068 1381 1212 1422 Senescallo

742 1420 826 1461 nostro
834 1445 843 1458 ‚

158 1426 193 1453 R·
213 1423 317 1464 cmstn
332 1423 369 1459 ῥ’
383 1422 546 1454 cancellario
561 1421 646 1462 nostro
655 1445 666 1461 ³
703 1463 817 1497 Hugone
830 1455 971 1498 Dispeflft’r

161 1463 207 1492 W
225 1459 338 1492 carleol.
352 1461 492 1502 Epistopis.

195 1539 270 1570 Data
302 1550 331 1570 er
344 1549 462 1570 manum
477 1537 604 1577 praedie‘ti
618 1535 736 1568 Cicestr.
758 1536 890 1574 Episcopi
911 1535 1077 1567 Cancellarii
1097 1536 1205 1575 nostri,

155 1578 229 1616 apud
249 1549 375 1609 ffestm.
396 1577 511 1608 decimo
533 1577 639 1608 offitavo
656 1574 703 1606 die
722 1575 894 1606 Decembris
908 1599 918 1612 ,
944 1583 1019 1606 anno
1045 1575 1214 1606 undecimo.

157 1613 290 1652 [redditae
308 1615 447 1655 fuerunt]

234 1744 285 1777 De
299 1740 486 1777 multimodis
503 1738 720 1786 concffonibns
740 1743 849 1775 Comiti
865 1739 1012 1775 marchia
1019 1735 1124 1786 fat-*Zia

156 1826 295 1884 REX·
307 1829 442 1876 omnibus
456 1827 490 1861 ad
506 1838 577 1875 quos
592 1827 738 1868 praesentes
759 1826 857 1858 litterae
870 1814 1071 1871 pervenerint,
1089 1828 1212 1873 ¹salutem.

249 1867 347 1900 Scians
363 1868 441 1906 quod
455 1869 583 1900 dedimus
598 1869 631 1899 &
645 1865 834 1898 concessimus
848 1865 953 1896 dileeto
967 1868 1000 1898 &
1024 1866 1097 1897 fideli
1113 1867 1212 1898 nostro

157 1900 208 1933 Hu
228 1907 278 1940 oni
289 1907 324 1937 de
339 1907 365 1937 L
384 1909 486 1937 zinnan
496 1931 505 1946 ,
524 1907 637 1937 Corniti
652 1905 791 1936 Marchiae
805 1905 838 1935 &
852 1904 1026 1944 Engolismi‚
1066 1916 1098 1936 ro
1113 1906 1214 1936 homa-

156 1943 205 2011 Ξὶο
268 1943 343 1975 fideli
365 1943 465 1977 ervitio
476 1943 544 1984 su0,
562 1946 598 1977 δε
609 1942 765 1975 haeredibus
779 1942 829 1973 suis
842 1941 878 1973 de
892 1952 980 1974 matre
992 1952 1032 1974 no
1059 1955 1087 1974 ra
1100 1940 1211 1976 Isabella

177 1982 337 2022 escensuris,
354 1985 383 2014 in
403 1984 490 2015 feodo
508 1986 542 2016 &
565 1983 740 2021 haereditate,
756 1981 908 2012 Civitatem
928 1981 964 2011 de
987 1981 1157 2022 Xantonge,
1176 1984 1210 2014 ὃς

158 2019 358 2067 Xantingiam,
377 2023 410 2054 δε
422 2022 547 2053 Pontem
562 2022 645 2052 Albae
658 2031 726 2051 cum
742 2020 764 2050 F
765 2020 855 2050 oresta
868 2020 903 2050 de
911 2020 1066 2060 Baconeys,
1075 2031 1212 2060 quantum

155 2058 191 2089 ad
212 2070 264 2091 nos
286 2069 422 2100 pertinet,
438 2062 471 2093 ὃς
491 2060 611 2092 Insulam
627 2059 663 2090 de
675 2059 787 2089 Olerim
799 2058 949 2089 tenendam
962 2059 999 2089 de
1013 2060 1095 2090 nobis
1107 2061 1141 2092 ὅ(
1153 2060 1213 2091 hae-

155 2097 266 2130 redibus
279 2100 397 2139 nostris,
415 2100 491 2131 salvis
505 2101 591 2131 nobis
601 2099 633 2130 ὃς
649 2097 806 2129 haeredibus
818 2097 920 2128 nostris
931 2097 1061 2134 fidelitate
1078 2097 1211 2138 Episcopi

153 2132 388 2176 Xanetonienfis,
407 2138 561 2178 homagiis,
578 2137 692 2168 servitiis
711 2138 744 2168 &
765 2136 893 2174 escaetis,
911 2147 943 2167 ac
966 2136 1099 2168 custodiis
1121 2137 1208 2170 Baro-

151 2185 223 2206 num
236 2175 401 2207 nostrorum
416 2176 452 2206 de
466 2177 647 2216 XanCtingia.

191 2213 392 2245 Conceffimus
407 2215 464 2246 insu
486 2226 519 2246 er.
530 2217 647 2253 praefato
661 2213 800 2252 Hugoni,
819 2212 930 2244 Comiti
947 2212 1087 2251 Marchiae
1102 2216 1136 2247 &
1150 2215 1211 2246 En—

149 2251 260 2291 golismi
272 2276 284 2291 ,
304 2254 337 2285 &
359 2226 514 2295 haeredigus
534 2252 586 2284 suis
606 2252 725 2291 praefatis
740 2277 749 2291 ,
768 2260 862 2296 totum
884 2252 981 2296 ius'&
1003 2253 1209 2294 haereditatem,

172 2296 216 2321 uae
236 2301 289 2321 nos
308 2294 471 2331 contingere
491 2292 604 2331 poffent
621 2293 682 2330 jure
702 2290 877 2321 haeredltarlo
892 2316 901 2330 ,
928 2300 956 2320 in
979 2290 1102 2323 Civitate
1126 2293 1160 2324 &
1180 2295 1209 2324 in

149 2301 243 2360 {om-
262 2329 418 2371 Engolisrni
427 2356 436 2370 ,
453 2333 501 2370 qui
515 2331 548 2361 ad
560 2341 613 2361 nos
627 2329 793 2360 descendere
803 2328 899 2359 debuit
913 2328 977 2367 post
990 2331 1102 2361 obitum
1115 2333 1210 2362 matris

149 2368 273 2408 nostrae,
292 2369 342 2408 ὃς,
360 2380 429 2401 cum
441 2369 601 2408 praemiffis,
620 2367 809 2399 conceffimus
822 2367 938 2406 praefato
954 2367 1090 2408 Hugoni,
1108 2370 1208 2401 &hae—

149 2406 262 2438 redibus
276 2408 326 2438 suis
341 2408 476 2448 praefatis,
492 2407 591 2439 Castra
602 2407 639 2438 de
652 2406 778 2444 Merpin.
790 2407 823 2438 &
839 2405 875 2436 de
887 2405 1016 2446 Coynac.
1036 2417 1105 2438 cum
1125 2410 1210 2447 perti-

150 2446 251 2476 nentiis
259 2469 268 2484 ,
287 2446 323 2476 de
335 2448 419 2477 nobis
433 2448 466 2478 ὃ(
477 2446 635 2495 haeredibus
650 2444 750 2488 nostris
762 2444 889 2475 tenenda.

189 2483 208 2504 ³¹³
228 2483 429 2515 Conceffimus
458 2483 550 2515 eidem
573 2483 698 2521 Hugoni
714 2507 723 2520 ,
749 2483 783 2513 &
801 2482 972 2514 Haeredibus
1004 2484 1056 2515 suis
1074 2485 1208 2524 praefatis‚

149 2520 285 2561 feodum,
304 2522 384 2561 quod
396 2522 489 2553 Ichier
502 2523 538 2553 de
552 2522 676 2561 Maynac
691 2520 727 2550 de
741 2521 824 2551 nobis
839 2523 944 2560 tenuit,
962 2522 1035 2560 apud
1050 2521 1207 2555 Muntmo-

147 2559 260 2598 rillum,
279 2569 347 2591 cum
361 2562 496 2601 homagio
510 2562 543 2592 ὃς
558 2561 670 2590 servitio
683 2559 811 2597 praediffi
825 2559 925 2589 Ichier.

185 2596 387 2630 Conceffimus
400 2601 484 2630 etiam
500 2599 592 2629 eidem
605 2597 742 2637 Hugoni,
759 2598 792 2628 &
811 2597 980 2629 Haeredibus
998 2597 1049 2630 suis
1068 2599 1206 2639 praefatis,

146 2636 228 2675 quod
249 2646 366 2668 moneta
384 2638 429 2668 sua
449 2637 485 2668 de
504 2637 686 2677 Engolismo,
704 2637 737 2666 &
757 2635 793 2665 de
807 2635 953 2675 Marchia‚
969 2637 991 2667 si
1004 2638 1114 2676 aequalis
1126 2641 1206 2677 pretii

146 2676 182 2706 &
197 2675 296 2707 valoris
311 2684 436 2707 monetae
446 2676 551 2706 nostrae
563 2676 660 2713 fuerit,
678 2683 746 2704 cum
760 2682 875 2704 moneta
885 2675 979 2705 nostra
992 2674 1125 2707 Pietaviae
1138 2684 1204 2708 c'ur-

145 2722 188 2745 rat
221 2715 258 2745 ita
273 2715 351 2753 quod
364 2716 394 2744 in
406 2714 532 2745 pictavia
543 2715 614 2744 inter
628 2721 775 2743 monetam
789 2712 917 2743 nostram
930 2724 990 2744 non
1005 2715 1147 2746 refutetur.

185 2738 386 2784 &onceffimus
400 2755 484 2783 etiam
495 2752 588 2783 eidem
602 2751 742 2791 Hugoni,
760 2750 873 2781 Comiti
886 2751 1027 2783 Marchiae
1047 2754 1080 2784 &
1103 2753 1149 2784 En
1169 2765 1204 2785 0·-
1252 2757 1255 2759 ’

144 2790 215 2821 lismi
230 2816 240 2830 ,
265 2791 343 2830 quod
365 2790 449 2830 poffit
468 2791 518 2822 sibi
540 2791 683 2829 acquirere
702 2797 785 2820 terras
803 2790 837 2820 &
858 2790 942 2821 feoda
955 2814 966 2830 ,
983 2791 1020 2821 de
1039 2792 1148 2823 homini
1172 2803 1203 2823 us

144 2829 246 2886 nostris
257 2831 285 2860 in
299 2830 441 2869 Pieravia,
454 2840 523 2875 'qu'ae
547 2839 596 2868 per
615 2828 744 2897 legales&
752 2828 941 2898 effigipsiortigffls
949 2830 1109 2899 ρῖἓιιῧὲξ
1122 2841 1204 2901 Effic-

142 2868 476 2952 iildihssilslvsgrxiit‘iisffgiilalea
483 2867 902 2938 dgbzbffigiiossntecefforibus
909 2892 1009 2937 noitris
1022 2907 1058 2938 de
1075 2880 1154 2939 teins
1168 2881 1203 2940 ἒξ.

142 2944 421 3015 ςωθξὴῗῖηξὲιὲἒζῐη
435 2985 469 3015 &
480 2985 675 3022 praecipimus,
692 2990 724 3013 ut
741 2982 904 3021 saepediftus
925 2982 1033 3022 Hugo,
1051 2985 1085 3016 ὃς
1100 2985 1203 3016 Haere-

143 3020 193 3051 des
211 3021 250 3052 sui
268 3022 391 3060 praefati,
409 3032 463 3061 pro
485 3023 620 3062 homagio
639 3022 673 3052 &
694 3020 770 3052 fideli
791 3021 919 3059 servitio,
937 3022 1036 3053 omnia
1049 3023 1202 3062 supradicta

144 3059 265 3089 habeant
276 3061 310 3091 &
324 3067 450 3099 teneant,
468 3061 542 3091 bene
554 3061 588 3091 &
602 3061 631 3090 in
645 3070 714 3098 pace
726 3059 762 3090 de
770 3061 868 3098 nobiS,
885 3061 920 3091 &
941 3060 1112 3092 Haeredibus
1133 3073 1200 3093 nos-

142 3097 209 3134 tris;
226 3098 260 3128 &
275 3107 307 3127 ea
320 3098 381 3135 ipsis
396 3099 520 3136 praesenti
531 3107 605 3129 carta
617 3098 848 3129 confirmavimus
862 3099 992 3137 valitura,
1011 3109 1070 3130 non
1085 3100 1201 3132 obstan-

143 3143 172 3166 te
185 3145 222 3179 eo
237 3135 329 3175 quod,
347 3144 478 3176 tempore
489 3137 565 3168 istius
578 3135 765 3168 conceffionis
777 3136 828 3167 fibi
841 3136 940 3176 faetae,
960 3139 1075 3169 minoris
1096 3139 1201 3170 fuimus

142 3179 312 3251 aetsitiscujus
332 3213 371 3244 rei
390 3212 583 3245 testimonium
604 3210 670 3244 huic
682 3213 783 3252 scripto
796 3213 914 3253 sigillum
928 3215 1059 3246 nostrum
1071 3216 1201 3254 apposui-

143 3259 214 3281 mus.

140 3324 277 3358 Testibus
291 3326 493 3358 venerabilibus
507 3328 634 3359 fratribus
643 3351 653 3367 ‚

141 3407 169 3433 S.
186 3407 319 3434 Cantuar.
333 3401 548 3443 Archiepiscopo,
690 3404 791 3434 Thoma
804 3408 926 3436 Norwic.
943 3404 1052 3445 Elel’t‘o,

144 3445 181 3473 E.
199 3444 320 3473 London.
626 3467 630 3471 .
690 3445 728 3472 H.
748 3444 779 3472 de
792 3447 881 3481 Burgo
931 3446 1063 3485 usticiario
1076 3445 1179 3485 nostro,

143 3482 178 3511 P.
199 3483 319 3512 Wnton.
689 3483 722 3511 R.
739 3485 838 3512 Comite
852 3486 887 3512 Ce
910 3493 933 3512 r.
949 3483 986 3519 ἔγ
1001 3483 1125 3514 Lincoln.

143 3521 181 3559 J.
201 3518 289 3550 Bath.
689 3521 724 3549 G.
743 3524 842 3550 Comite-
857 3518 1196 3562 Glouceslr.&Hertfi7rd.

142 3561 184 3588 H.
204 3556 328 3588 Lincoln.
688 3557 762 3587 Phil.
777 3559 808 3588 de
822 3558 969 3590 Albiniaco

143 3600 179 3627 R.
197 3601 273 3627 Sarr.

688 3593 827 3674 Raduffiho
836 3596 900 3640 filio
915 3585 1197 3637 NicbolaiSenefiallo

726 3645 812 3664 noo

143 3634 306 3676 R‚,=,cyces2¹r.
321 3632 359 3670 ὁ·
370 3631 536 3665 Cancellario
550 3631 651 3672 ’Μίνω
690 3673 800 3710 Hugone
813 3659 955 3716 bespfffir

142 3676 189 3704 W.
209 3672 323 3704 carleol.
336 3672 476 3713 Eptfiopis.

182 3748 259 3780 Data
272 3757 323 3788 per
337 3756 453 3780 manum
466 3748 593 3788 praedieti
608 3744 736 3792 Cycestr.
752 3745 855 3793 Episeo
875 3751 884 3779 i
903 3747 1070 3782 Cancellarii
1088 3746 1196 3790 nostri,

142 3786 535 3858 gfflssnxggestmonasterium,
551 3787 667 3819 decimo
683 3786 788 3820 ostavo
800 3786 846 3819 die
890 3791 1044 3828 ecembris,
1061 3800 1137 3822 auno
1144 3800 1198 3822 uri-⁴

161 4097 241 4129 nm.
262 4099 289 4133 1,
308 4098 341 4128 P.
362 4102 385 4128 1.

1285 170 1317 210 Ρ
1357 171 1401 211 U
1438 173 1470 213 B
1509 173 1542 213 L
1579 175 1598 215 Ῑ
1637 177 1675 217 C
1714 171 1764 220 Α.
2263 188 2319 226 99

2331 279 2458 317 Ann.D.

1329 345 1332 360 ¹
1467 343 1674 376 Conventiones
1692 356 1759 377 cum
1778 349 1813 379 V
1811 350 1956 379 icecomite
1970 345 2120 382 Thoarcii.
2330 326 2440 399 111ρῖ63

1264 423 1350 480 RE
1361 424 1392 455 X
1414 425 1518 456 dileeto
1534 426 1567 457 &
1580 424 1653 457 fideli
1666 427 1714 458 suo
1730 428 1762 458 H
1801 432 1849 460 oni
1861 430 2034 462 Vicecomiti
2047 431 2174 462 Thoarc.
2188 430 2313 461 fiilutem.
2331 432 2382 455 Aa.
2402 437 2411 455 ¹
2421 437 2444 455 ¹2

1355 463 1451 507 Sciatis
1465 464 1560 503 quod,
1577 465 1614 495 de
1626 467 1744 496 coniilio
1760 467 1777 496 fi
1798 468 1883 499 elium
1898 470 2061 500 nostrorum
2075 471 2264 508 promittimus
2279 470 2312 500 &
2331 471 2362 494 H.
2385 476 2408 501 3·

1262 501 1446 543 concedimus
1461 504 1543 533 vobis
1556 503 1651 542 quod,
1670 504 1689 534 si
1703 504 1768 534 Rex
1785 505 1909 536 Fraude
1923 517 2050 545 guerram
2065 510 2146 539 nobis
2161 509 2258 538 fecerit
2282 509 2311 537 in
2327 508 2385 531 ΡΜ·
2404 513 2413 530 ¹
2423 512 2445 529 ⁵»

1261 536 1400 578 pictavia,
1417 550 1533 579 propter
1547 552 1632 579 quam
1645 551 1775 579 oporteat
1786 554 1839 573 nos
1862 544 1945 574 Villas
1967 546 2087 584 nostras,
2106 547 2151 578 vel
2171 546 2314 577 Baronum
2329 546 2461 578 ΚΒΜ-Ξ-

1260 576 1423 608 nostrorum
1439 581 1549 610 munire
1563 589 1662 611 contra
1675 581 1781 619 ipsum,
1799 582 1957 612 tenebimus
1972 584 2052 613 vobis
2072 584 2105 613 ad
2126 584 2239 615 custum
2261 592 2316 616 no'«

1262 613 1350 645 strum
1368 617 1440 655 apud
1460 618 1628 654 Thoarcum
1649 627 1765 649 centum
1786 620 1903 657 milites,
1922 622 1955 651 δε
1970 621 2105 651 ducentos
2118 623 2265 653 servientes
2285 634 2316 654 e-

1262 654 1367 696 quiteS,
1386 657 1419 686 &
1441 665 1479 690 25
1499 654 1651 687 Balistarios
1671 659 1792 696 equites,
1810 668 1862 699 pro
1876 658 1955 696 plana
1967 668 2063 697 guerra
2078 660 2202 691 facienda
2216 672 2313 700 quam-

1262 690 1309 721 diu
1324 702 1395 732 opus
1409 694 1491 724 nobis
1504 696 1537 726 &
1550 696 1631 726 vobis
1644 695 1732 726 fuerit.

1301 729 1338 759 Et
1352 753 1362 768 ‚
1381 732 1400 761 fi
1423 731 1488 762 Rex
1509 733 1685 764 Francorum
1698 758 1707 771 ,
1725 735 1753 763 in
1773 735 1885 772 propria
1904 734 2033 773 persona,
2051 736 2097 766 vel
2118 737 2197 775 poss'e
2217 738 2314 779 suum,

1260 777 1375 805 propter
1391 771 1467 807 quod
1482 780 1611 809 oporteat
1625 781 1677 803 vos
1690 772 1793 803 Villam
1804 773 1932 804 Thoarc.
1943 776 2070 813 munire,
2090 775 2214 815 Ligerim
2226 785 2314 808 trans-

1260 814 1327 844 eat,
1352 808 1443 838 versus
1466 809 1640 848 Pi&avia1n,
1657 810 1691 840 ad
1711 820 1839 847 guerram
1858 811 2014 842 faciendam
2029 836 2038 851 ‚
2056 815 2213 844 tenebimus
2233 817 2315 846 vobis

1261 843 1398 888 ducentos
1414 847 1514 877 milites
1524 871 1534 886 ,
1552 850 1586 879 &
1599 848 1748 879 trescentos
1761 849 1908 880 servientes
1923 853 2042 889 equites,
2061 852 2094 882 &
2109 861 2146 890 50
2161 852 2315 885 Balistarios

1260 890 1366 950 69ῑὲΞῶ
1378 883 1539 951 agcustum
1551 886 1681 917 nostrum
1692 885 1764 925 apud
1779 887 1945 919 Tho-arcum
1954 913 1963 927 ‚
1983 888 2051 920 dum
2066 901 2136 928 opus
2149 891 2231 922 nobis
2254 893 2315 924 fue-

1259 928 1293 949 rit
1351 931 1390 951 vo
1412 932 1442 952 is.

1297 957 1493 991 Promittimus
1507 963 1591 992 etiam
1606 964 1704 1001 vobis,
1722 963 1755 994 ὃ(
1770 963 1885 994 firmiter
1896 965 2078 996 concedimus
2091 967 2181 1006 quod,
2199 968 2218 998 fi
2240 970 2313 999 mili-

1259 1002 1299 1024 tes
1320 995 1459 1028 Marchiae
1479 999 1512 1029 &
1532 1008 1612 1029 terrae
1631 1001 1750 1039 nostrae,
1769 1011 1818 1038 per
1836 1011 1964 1040 guerram
1984 1000 2129 1042 nOstram,
2146 1013 2228 1035 terras
2241 1007 2297 1038 suas

1258 1041 1308 1076 per
1330 1034 1498 1079 potestatem
1519 1036 1566 1079 Re
1588 1039 1608 1067 's
1629 1039 1774 1076 Franciae‚
1792 1040 1947 1078 amiserint,
1965 1051 2032 1079 nos,
2051 1052 2098 1079 per
2121 1044 2129 1073 l
2165 1044 2206 1074 ale
2220 1033 2314 1076 consi-⁷

1257 1069 1437 1116 lium'fidelis
1456 1073 1546 1104 nostri
1600 1078 1699 1114 ugonis
1722 1075 1844 1106 Comitis
1865 1077 2003 1108 Marchiae
2019 1103 2028 1117 ,
2052 1082 2085 1110 &
2108 1092 2144 1113 ve
2170 1092 2233 1112 rum
2247 1107 2257 1121 ,
2275 1083 2311 1114 de

1258 1109 1399 1147 praedietis
1411 1111 1539 1150 dampnis
1553 1114 1712 1144 rationabile
1727 1123 1869 1144 returnum
1885 1117 1922 1144 eis
1938 1116 2077 1147 faciemus.

1293 1147 1488 1181 promittimus
1509 1152 1592 1181 etiam
1612 1153 1694 1182 vobis
1715 1152 1831 1182 firmiter
1854 1153 1931 1190 quod
1952 1155 2085 1185 militibus
2105 1157 2201 1188 vestris
2222 1169 2313 1191 annua

1254 1184 1354 1225 feoda,
1374 1198 1438 1226 quae
1459 1189 1545 1220 bonae
1569 1192 1716 1220 memoriae
1731 1190 1875 1228 johannes
1894 1199 1971 1228 pater
1993 1192 2088 1223 noster
2102 1194 2166 1225 Rex
2182 1196 2292 1228 Anrrliae

1255 1235 1306 1262 per
1319 1235 1404 1256 cartas
1419 1228 1475 1257 suas
1490 1229 1526 1258 eis
1540 1229 1679 1259 concessit
1692 1230 1725 1259 δε
1741 1229 1839 1266 solvit,
1858 1229 1978 1268 eisdem,
1994 1230 2064 1261 dum
2079 1232 2151 1263 bene
2170 1235 2203 1264 δε
2222 1223 2310 1267 Kdefil

1251 1271 1293 1293 ter
1306 1264 1388 1294 nobis
1400 1265 1561 1303 servierint,
1578 1267 1659 1303 plene
1675 1267 1870 1304 persolvemus.

1290 1301 1328 1332 Et
1347 1303 1426 1342 haec,
1445 1314 1498 1342 pro
1519 1304 1593 1334 fideli
1611 1306 1722 1336 servitio
1742 1305 1854 1343 vestro,
1872 1307 1906 1336 &
1919 1306 2070 1337 hominum
2083 1308 2240 1340 vestrorum
2263 1312 2312 1343 ha-

1253 1340 1366 1379 bendo,
1386 1344 1594 1381 promittimus,
1614 1345 1647 1374 ὅτ
1660 1354 1710 1382 per
1719 1345 1926 1383 juramentum,
1942 1346 2122 1383 corporaliter
2133 1348 2308 1389 praestitum,

1254 1378 1398 1410 firmamus
1407 1405 1416 1418 ,
1434 1390 1470 1411 eo
1483 1391 1543 1411 non
1557 1381 1688 1413 obstante
1701 1382 1816 1414 valitura
1831 1383 1928 1423 quod,
1945 1390 2076 1422 tempore
2088 1385 2174 1425 ¹hujus
2194 1390 2313 1425 promis-

1253 1417 1353 1457 sionis,
1372 1420 1490 1450 minoris
1503 1420 1608 1450 fuimus
1622 1422 1717 1451 aeratis.

1288 1455 1484 1488 Promittimus
1508 1459 1589 1489 vobis
1613 1459 1708 1498 quod,
1726 1469 1795 1490 cum
1816 1459 1850 1491 ad
1870 1460 2010 1491 servitium
2022 1459 2153 1493 nostrum
2165 1465 2312 1505 veneritis,

1252 1494 1286 1525 &
1301 1494 1466 1535 homagium
1483 1497 1565 1527 nobis
1577 1497 1712 1536 feceritis,
1729 1498 1859 1529 dabimus
1874 1499 1956 1529 vobis
1972 1499 2049 1531 mille
2061 1499 2189 1540 Marcas,
2207 1501 2244 1533 de
2257 1502 2313 1534 de-

1252 1534 1332 1563 nariis
1354 1534 1472 1573 nostris,
1491 1545 1544 1573 pro
1565 1536 1646 1567 bono
1665 1536 1788 1567 adventu
1810 1536 1922 1576 vestro,
1941 1538 2009 1577 nisi,
2025 1548 2074 1576 per
2087 1540 2235 1571 consilium
2249 1541 2313 1572 (Ξο-Ἰ

1251 1573 1356 1640 isnirurn
1372 1573 1512 1604 Marchiae
1527 1574 1560 1605 &
1574 1574 1738 1614 Britanniae,
1754 1575 1839 1613 poffit
1853 1577 1887 1606 ad
1901 1576 2042 1607 minorem
2056 1577 2195 1609 summam
2208 1589 2306 1610 amen-

1265 1621 1344 1641 urari.

1290 1648 1328 1680 Et
1339 1651 1369 1680 in
1382 1650 1462 1691 hujus
1474 1653 1513 1683 rei
1528 1652 1724 1684 testimonium
1732 1677 1741 1692 ‚
1749 1652 1796 1684 has
1810 1654 1908 1685 litteras
1921 1652 2028 1686 nostras
2042 1653 2108 1686 inde
2121 1655 2179 1688 fieri
2186 1657 2306 1689 fecimus·

1253 1695 1386 1725 patentes.

1252 1763 1386 1797 Testibus
1401 1768 1604 1801 venerabilibus
1618 1770 1763 1810 fratribus,

1797 1847 1848 1878 Th.
1868 1850 1990 1880 Norwic.
2006 1850 2118 1890 Eleae,

1798 1889 1836 1916 Η.
1856 1888 1887 1916 de
1903 1890 1993 1925 Burgo
2035 1889 2166 1928 usticiario
2180 1890 2284 1931 nostro,

1798 1928 1832 1955 R.
1852 1929 1951 1955 Comite
1964 1931 1998 1956 Ce'
2022 1927 2091 1962 r.&
2106 1929 2231 1959 Lincoln.

1799 1967 1832 1993 G.
1853 1968 1922 1994 Com.
1939 1965 2084 2034 Glomssr,
2104 1965 2142 2002 ὁ·
2163 1967 2308 2008 Hertford.
2328 1964 2342 1981 ⁴⁸
2359 1966 2380 1992 Ῑ-
2393 1975 2456 2002 ²9⁹0

1797 2001 1874 2032 Phili
1904 2014 1918 2032 o
1932 2004 1964 2033 de
1979 2003 2026 2033 Al
2042 2008 2126 2035 iniac'o

1797 2010 1939 2120 Radtjzypho
1945 2041 2010 2083 filio
2023 2030 2152 2074 Nicholcii
2158 2044 2303 2086 Senefiallo

1797 2090 1920 2157 HZgoonyeo
1925 2104 2079 2160 btspenser.

1250 1847 1276 1873 S.
1296 1848 1430 1876 Cantuar.
1445 1846 1660 1887 Archiepfiopo,

1253 1885 1289 1912 E.
1313 1886 1444 1923 London,

1251 1925 1284 1951 P.
1305 1924 1426 1953 Wn‘ton'.

1253 1962 1272 1980 ²¹²
1287 1961 1322 2000 J.
1343 1961 1430 1991 Bath.

1251 2002 1292 2030 H.
1308 2000 1432 2031 Lincoln.

1250 2042 1285 2069 R.
1306 2042 1411 2069 Sarum.

1249 2081 1283 2107 R.
1303 2077 1407 2118 Cicestr.
1422 2075 1460 2112 (ῥ’
1473 2077 1640 2110 cancellario
1654 2078 1755 2120 nostro,

1250 2118 1293 2147 W.
1313 2115 1428 2147 Carleol.
1444 2116 1583 2156 Epifiopir.

1287 2192 1363 2225 Data
1377 2204 1427 2233 per
1441 2193 1709 2233 mamumpraediffl
1722 2193 1843 2225 Cicestr.
1862 2193 1993 2235 Episcopi
2015 2196 2180 2230 Cancellarii
2198 2200 2286 2232 nostri
2297 2226 2308 2240 ἲ

1248 2232 1321 2271 apud
1334 2232 1461 2264 Westm.
1475 2233 1591 2265 decimo
1603 2234 1710 2265 oetavo
1722 2234 1768 2265 die
1782 2233 1970 2274 Decembris,
1989 2245 2064 2267 anno
2078 2237 2241 2270 undecimo.
2364 2243 2366 2245 ’

1323 2361 1373 2392 De
1393 2357 1573 2406 quibusdam
1599 2350 1822 2404 Conceffionibus
1836 2359 1973 2408 praediffbo
1995 2359 2106 2395 Comiti’
2120 2363 2226 2408 fastis.

1246 2443 1332 2500 RE
1342 2445 1373 2475 X
1393 2447 1528 2477 omnibus
1541 2445 1576 2476 ad
1591 2456 1662 2484 quos
1674 2445 1820 2484 praesentes
1834 2446 1933 2478 litterae
1949 2449 2126 2485 pervenerint
2141 2448 2263 2481 salutem.
2324 2453 2400 2484 Ann,
2412 2452 2453 2484 D-

1337 2483 1433 2514 Sciatis
1448 2494 1499 2514 nos
1512 2483 1616 2515 dedisse
1632 2486 1665 2517 &
1678 2484 1846 2516 conceffiffe
1859 2485 1964 2516 dilesto
1979 2487 2013 2517 &
2027 2485 2101 2517 fideli
2119 2487 2220 2519 nost'ro
2234 2487 2300 2519 Hu-
2341 2492 2425 2522 1‘226.

1244 2523 1313 2559 goni
1335 2522 1510 2561 Vicecomiti
1529 2523 1656 2554 Thoarc.
1678 2524 1712 2554 &
1732 2523 1888 2558 haeredibus
1908 2524 1959 2554 suis
1979 2523 2015 2560 de
2030 2525 2090 2562 ipso
2110 2525 2275 2558 descensuris
2289 2551 2300 2566 ‚
2319 2535 2371 2559 An.
2395 2540 2439 2558 11.

1244 2560 1380 2598 homagio
1393 2562 1427 2592 &
1439 2561 1512 2591 fideli
1525 2561 1636 2592 servitio
1650 2560 1856 2599 su0,Castrum
1869 2562 1905 2592 de
1920 2562 2034 2593 Lodun.
2049 2573 2117 2594 cum
2130 2566 2301 2602 pertinentiis
2320 2573 2355 2597 H.
2378 2578 2404 2605 3.

1244 2597 1280 2628 de
1299 2600 1382 2630 nobis
1401 2601 1435 2630 ὃς
1456 2599 1609 2630 haeredibus
1624 2599 1725 2630 nostris
1747 2601 1916 2638 tenendum,
1935 2601 1969 2631 &
2003 2611 2055 2639 pro
2067 2602 2171 2632 eodem
2183 2602 2287 2635 Castro
2321 2608 2424 2637 ibidem.

1244 2638 1409 2676 quingentas
1424 2638 1538 2668 Marcas
1574 2648 1602 2668 er
1614 2647 1736 2677 annum,
1753 2638 1790 2669 de
1803 2648 1913 2669 camera
1927 2625 2024 2669 nostra
2038 2640 2067 2669 in
2076 2640 2193 2680 Anglia,
2209 2629 2305 2680 quoad

1243 2674 1330 2714 usque
1352 2676 1521 2715 praedic'tum
1568 2675 1673 2706 astrum
1687 2700 1696 2715 ‚
1716 2686 1784 2707 cum
1805 2677 1932 2708 concilio
1951 2678 1985 2709 ὃς
2008 2677 2082 2708 fideli
2102 2679 2205 2710 auxilio
2224 2681 2308 2720 ipsius

1243 2712 1296 2744 Hu
1316 2717 1378 2745 onis
1393 2716 1427 2747 &
1440 2716 1547 2755 generis
1565 2715 1619 2752 sui,
1637 2715 1671 2746 ὃς
1685 2716 1844 2747 amicorum
1857 2716 1988 2753 suorum,
2006 2716 2141 2757 poffimus
2162 2718 2199 2749 'de
2218 2721 2309 2751 mani-

1241 2723 1394 2798 busqlegis
1409 2754 1533 2798 Franciae
1547 2754 1679 2784 rehabere
1691 2753 1725 2784 ad
1739 2764 1811 2792 opus
1817 2754 1893 2784 dieti
1906 2751 2099 2794 Hugonis3ita
2107 2756 2186 2794 quod
2198 2761 2303 2790 extunc

1242 2801 1257 2821 a
1271 2791 1409 2823 solutione
1419 2801 1633 2833 quingentarum
1647 2802 1806 2827 marcarum
1820 2793 1926 2824 ceffare
1939 2792 2106 2825 debeamus.

1279 2828 1475 2862 Concedimus
1490 2833 1573 2862 etiam
1587 2830 1705 2869 praefato
1718 2831 1856 2871 Hugoni‚
1874 2833 1908 2863 &
1920 2832 2077 2863 haeredibus
2097 2833 2148 2864 suis
2169 2833 2306 2874 praefatis,

1239 2868 1357 2900 reddere
1376 2871 1519 2900 annuatim
1539 2879 1629 2900 unum
1653 2879 1760 2908 equum
1779 2868 1816 2901 de
1839 2872 1930 2908 pretio
1944 2893 1954 2909 ‚
1984 2871 2065 2909 quale
2086 2871 2304 2909 pieaedecessores

1238 2908 1294 2946 sui,
1314 2908 1504 2940 Vicecomites
1517 2906 1644 2938 Thoarc.
1665 2909 1809 2948 percipere
1830 2909 2035 2940 consueverunt
2050 2934 2060 2947 ,
2079 2910 2190 2947 singulis
2207 2912 2304 2950 annis,

1238 2945 1274 2977 de
1289 2947 1435 2978 Nundinis
1448 2947 1484 2977 de
1497 2946 1644 2984 Aungers,
1663 2947 1756 2985 quoad
1769 2947 1855 2985 usque
1869 2954 1974 2985 equum
1996 2947 2077 2978 illum
2097 2947 2133 2978 de
2155 2948 2304 2987 Burgenfi-

1240 2987 1292 3017 bus
1303 2985 1340 3016 de
1354 2986 1498 3026 AungerS,
1536 2987 1564 3015 ui
1576 2985 1656 3015 illum
1676 2984 1792 3021 reddere
1814 2985 2035 3024 consueverunt,
2052 2986 2137 3024 poffit
2158 2997 2305 3025 recupera-·

1239 3033 1285 3063 re,
1303 3026 1340 3055 ita
1352 3033 1446 3055 tamen
1475 3034 1513 3054 uo
1546 3023 1642 3060 nobis,
1652 3018 1848 3054 &haeredibus
1859 3023 1959 3054 nostris
1971 3023 2084 3063 reddet,
2093 3025 2203 3065 singulis
2210 3028 2304 3065 annis,

1238 3063 1316 3101 quod
1330 3063 1444 3094 deberet
1486 3061 1704 3101 ndegavensibus
1719 3072 1771 3100 pro
1783 3072 1859 3099 equo
1871 3061 1987 3093 reddere
1999 3071 2050 3101 per
2064 3073 2179 3094 annum.

1274 3101 1474 3132 Conceffimus
1486 3101 1570 3131 etiarn
1583 3099 1688 3138 eidem,
1706 3101 1740 3130 &
1755 3099 1912 3130 haeredibus
1926 3100 1978 3131 suis
1994 3101 2131 3140 praefatis,
2149 3102 2227 3141 quod
2248 3103 2297 3134 ha-

1238 3142 1318 3175 heat,
1338 3142 1371 3172 ὃς
1387 3140 1444 3170 fieri
1458 3140 1538 3170 ficiat
1550 3147 1697 3169 monetam
1711 3138 1788 3168 suam
1802 3139 1875 3177 apud
1889 3139 2016 3170 Thoarc'.
2032 3140 2170 3178 aequalem
2192 3151 2295 3172 mone-

1237 3188 1274 3212 tae
1289 3179 1442 3217 Pietaviae3
1458 3179 1491 3209 &
1507 3177 1585 3215 quod
1599 3176 1742 3215 aequaliter
1757 3185 1849 3208 currat
1861 3177 1890 3207 in
1904 3177 2028 3209 Pietavia
2040 3188 2108 3209 cum
2121 3178 2225 3210 nostrai.

1275 3218 1329 3256 Et,
1348 3225 1380 3248 ut
1393 3216 1531 3255 praemissa
1544 3216 1632 3245 libere
1645 3215 1762 3254 habeat,
1780 3217 1813 3247 &
1827 3224 1918 3246 teneat
1932 3216 1968 3246 de
1980 3218 2061 3248 nobis
2071 3241 2080 3254 ,
2099 3216 2296 3248 &haeredibus

1237 3257 1353 3294 nostris,
1372 3256 1421 3286 fibi
1441 3257 1474 3287 δε
1496 3253 1653 3284 haeredibus
1673 3253 1742 3292 suis,
1760 3254 1830 3284 sicut
1844 3254 2034 3292 praescriptum
2051 3255 2109 3293 est,
2126 3265 2158 3285 ea
2170 3255 2297 3292 prae'senti

1239 3297 1324 3327 Carta
1337 3294 1550 3325 comfirmamus
1566 3292 1696 3330 valitura,
1714 3302 1773 3322 non
1789 3292 1918 3323 obstante
1930 3303 1966 3323 eo
1982 3294 2077 3331 quod,
2093 3302 2222 3330 tempore
2243 3293 2296 3323 hu-v

1230 3337 1276 3375 jus
1291 3332 1478 3365 concessionis
1491 3333 1524 3362 &
1538 3330 1696 3361 donationis
1709 3331 1807 3369 factae,
1826 3333 1943 3362 minoris
1956 3331 2058 3362 fuimus
2073 3332 2165 3361 aetatis.

1272 3369 1307 3404 In
1320 3373 1414 3410 cujus,
1432 3370 1492 3401 &c.
1508 3378 1538 3400 ut
1552 3369 1639 3407 supra.

1271 3448 1407 3482 Testibus
1421 3448 1454 3479 &
1468 3445 1542 3477 Data
1556 3453 1587 3476 ut
1604 3445 1690 3484 supra.

1300 3598 1348 3630 De
1358 3595 1523 3641 ficuritate
1536 3604 1591 3640 pro
1601 3591 1747 3638 praedie‘lis
1766 3580 2010 3623 conventionibus·
2026 3585 2228 3636 obftrvandis'.

1234 3682 1269 3738 S
1304 3679 1436 3716 Cantuar.
1450 3680 1536 3709 totius
1552 3675 1664 3715 Angliae
1677 3675 1802 3710 Primas,
1819 3675 1854 3706 &
1876 3675 1978 3706 sanetae
1997 3674 2142 3708 Romanae
2155 3676 2292 3709 Ecclefiae
2310 3681 2385 3714 Arm,
2398 3683 2441 3715 Ds'

1275 3727 1282 3735 ·
1304 3717 1473 3754 Cardinalis,
1489 3715 1524 3746 E.
1548 3713 1683 3744 London.
1703 3713 1737 3743 P.
1758 3713 1892 3743 Winton.
1911 3713 1939 3752 J.
1959 3713 2077 3745 Bathon.
2099 3714 2141 3745 H.
2157 3715 2290 3749 Lincoln.
2337 3723 2421 3752 1226„

1236 3757 1275 3787 R.
1302 3757 1410 3788 Sarum.
1432 3754 1471 3785 R.
1495 3751 1614 3783 Cicestr.
1637 3751 1760 3785 Domini
1775 3751 1862 3791 Regis
1872 3750 2081 3792 cancellarius,
2096 3753 2150 3784 W.
2166 3754 2361 3787 CarleolJAn,
2381 3770 2423 3789 η,

1232 3795 1264 3827 B.
1279 3794 1378 3834 Elyen.
1393 3795 1427 3825 &
1440 3791 1571 3823 Thomas
1584 3789 1721 3820 Norwic.
1738 3789 1796 3820 Dei
1809 3790 1892 3835 gratia
1907 3790 2168 3830 elediasmmnibus
2183 3792 2291 3824 Christi
2309 3803 2342 3826 H.
2364 3809 2388 3835 3-

1233 3833 1379 3872 fidelibus,
1398 3830 1543 3869 praesentes
1557 3828 1657 3858 litteras
1669 3828 1847 3867 inspesturis,
1864 3827 1987 3859 salutem.
2308 3841 2365 3864 Pat.
2396 3843 2439 3866 η,

1270 3870 1455 3902 Univerfitati
1472 3867 1570 3898 vestrae
1590 3874 1692 3900 notum
1709 3867 1844 3905 facimus,
1860 3877 1927 3910 nos,
1944 3866 1982 3898 ad
1991 3867 2152 3905 instantiam
2162 3868 2286 3900 Domini
2304 3879 2337 3902 H,
2350 3876 2439 3911 3416

1233 3909 1322 3943 nostri
1334 3907 1454 3938 Henrici
1466 3906 1555 3942 tertii,
1569 3904 1679 3935 illustris
1691 3903 1780 3944 Regis
1791 3904 1921 3944 Anghae,
1939 3906 1969 3936 in
1982 3907 2072 3938 verb'o
2091 3906 2150 3938 Dei
2170 3907 2287 3938 firmiter
2306 3923 2341 3940 m,
2362 3916 2401 3940 ¹1⁷-

1253 3946 1388 3979 romisisse
1405 3944 1506 3984 quod,
1523 3941 1600 3973 bona
1627 3942 1682 3973 fide
1696 3967 1706 3981 ,
1722 3943 1909 3975 laborabimus
1928 3954 1992 3984 erga
2010 3946 2101 3984 ipsum
2122 3945 2287 3975 Dominum
2304 3950 2381 3988 dorso.

1231 3959 1364 4025 Regem,
1382 3992 1413 4018 ut
1426 3982 1632 4014 conventiones
1646 3983 1680 4013 &
1692 3980 1886 4012 conceffionae
1906 3981 2024 4015 firmatae
2045 3994 2093 4022 per
2110 3982 2206 4013 Canas
2243 3983 2290 4013 lit·

1234 4033 1304 4055 teras
1325 4026 1447 4061 patentes
1483 4022 1517 4052 &
1539 4021 1694 4058 juramenta
1713 4021 1785 4050 inter
1799 4020 1968 4061 praediecum
1981 4021 2149 4053 Dominum
2162 4031 2202 4052 no
2229 4030 2293 4051 rum

1235 4061 1397 4094 Henricum
1412 4060 1445 4092 &
1455 4046 1619 4098 hugonem
1629 4057 1666 4090 de
1679 4057 1824 4129 Ιιειξῐὲαέι.
1839 4057 1988 4093 Comitem
2003 4059 2116 4092 March.
2131 4060 2166 4092 ὅς
2188 4058 2295 4127 Εῑιςὲοὲὲ
