<?xml version="1.0" encoding="UTF-8"?>
<!DOCTYPE html PUBLIC "-//W3C//DTD XHTML 1.0 Transitional//EN"
    "http://www.w3.org/TR/xhtml1/DTD/xhtml1-transitional.dtd">
<html xmlns="http://www.w3.org/1999/xhtml" xml:lang="en" lang="en">
 <head>
  <title>
</title>
<meta http-equiv="Content-Type" content="text/html;charset=utf-8" />
  <meta name='ocr-system' content='tesseract 3.04.00' />
  <meta name='ocr-capabilities' content='ocr_page ocr_carea ocr_par ocr_line ocrx_word'/>
</head>
<body>
  <div class='ocr_page' id='page_1' title='image "./fderaconventione01ryme_0781.png"; bbox 0 0 2570 4261; ppageno 0'>
   <div class='ocr_carea' id='block_1_1' title="bbox 744 208 1706 264">
    <p class='ocr_par' dir='ltr' id='par_1_1' title="bbox 744 208 1706 264">
     <span class='ocr_line' id='line_1_1' title="bbox 744 208 1706 264; baseline 0.017 -16"><span class='ocrx_word' id='word_1_1' title='bbox 744 208 855 249; x_wconf 89' lang='lat' dir='ltr'>ET</span> <span class='ocrx_word' id='word_1_2' title='bbox 917 210 1186 252; x_wconf 90' lang='lat' dir='ltr'>ACTA</span> <span class='ocrx_word' id='word_1_3' title='bbox 1246 212 1706 264; x_wconf 86' lang='lat' dir='ltr'>PUBLICA.</span> 
     </span>
    </p>
   </div>
   <div class='ocr_carea' id='block_1_2' title="bbox 52 263 184 370">
    <p class='ocr_par' dir='ltr' id='par_1_2' title="bbox 52 263 184 370">
     <span class='ocr_line' id='line_1_2' title="bbox 52 263 184 298; baseline -0.03 0"><span class='ocrx_word' id='word_1_4' title='bbox 52 264 129 298; x_wconf 73' lang='lat' dir='ltr'>&#39;Am</span> <span class='ocrx_word' id='word_1_5' title='bbox 144 263 184 295; x_wconf 93' lang='lat' dir='ltr'>D.</span> 
     </span>
     <span class='ocr_line' id='line_1_3' title="bbox 73 302 158 343; baseline -0.012 -10"><span class='ocrx_word' id='word_1_6' title='bbox 73 302 158 343; x_wconf 86' lang='lat'><em>1306.</em></span> 
     </span>
     <span class='ocr_line' id='line_1_4' title="bbox 52 346 166 370; baseline -0.018 0"><span class='ocrx_word' id='word_1_7' title='bbox 52 346 120 370; x_wconf 68' lang='grc' dir='ltr'>Ἐάν.</span> <span class='ocrx_word' id='word_1_8' title='bbox 141 350 166 368; x_wconf 73' lang='grc' dir='ltr'>ι.</span> 
     </span>
    </p>
   </div>
   <div class='ocr_carea' id='block_1_3' title="bbox 200 288 1269 398">
    <p class='ocr_par' dir='ltr' id='par_1_3' title="bbox 200 288 1269 398">
     <span class='ocr_line' id='line_1_5' title="bbox 202 288 1269 335; baseline 0.006 -16"><span class='ocrx_word' id='word_1_9' title='bbox 202 289 278 326; x_wconf 90' lang='lat' dir='ltr'>vari,</span> <span class='ocrx_word' id='word_1_10' title='bbox 296 288 390 320; x_wconf 87' lang='lat' dir='ltr'>donec</span> <span class='ocrx_word' id='word_1_11' title='bbox 405 290 527 321; x_wconf 88' lang='lat' dir='ltr'>eundem</span> <span class='ocrx_word' id='word_1_12' title='bbox 542 290 692 322; x_wconf 86' lang='lat' dir='ltr'>Comitem</span> <span class='ocrx_word' id='word_1_13' title='bbox 707 290 783 330; x_wconf 85' lang='lat' dir='ltr'>sequi</span> <span class='ocrx_word' id='word_1_14' title='bbox 796 293 830 323; x_wconf 69' lang='grc' dir='ltr'>ὃ(</span> <span class='ocrx_word' id='word_1_15' title='bbox 843 302 981 332; x_wconf 85' lang='lat' dir='ltr'>receptare</span> <span class='ocrx_word' id='word_1_16' title='bbox 995 295 1167 335; x_wconf 85' lang='lat' dir='ltr'>destiterint,</span> <span class='ocrx_word' id='word_1_17' title='bbox 1184 306 1218 326; x_wconf 89' lang='lat' dir='ltr'>ac</span> <span class='ocrx_word' id='word_1_18' title='bbox 1227 295 1269 325; x_wconf 92' lang='lat' dir='ltr'>su-</span> 
     </span>
     <span class='ocr_line' id='line_1_6' title="bbox 200 328 1269 372; baseline 0.006 -15"><span class='ocrx_word' id='word_1_19' title='bbox 200 338 250 365; x_wconf 88' lang='lat' dir='ltr'>per</span> <span class='ocrx_word' id='word_1_20' title='bbox 264 328 333 366; x_wconf 89' lang='lat' dir='ltr'>hiis,</span> <span class='ocrx_word' id='word_1_21' title='bbox 350 328 448 359; x_wconf 89' lang='lat' dir='ltr'>nostris</span> <span class='ocrx_word' id='word_1_22' title='bbox 462 338 585 366; x_wconf 77' lang='lat' dir='ltr'>parentes</span> <span class='ocrx_word' id='word_1_23' title='bbox 599 329 780 367; x_wconf 72' lang='lat' dir='ltr'>beneplacitis</span> <span class='ocrx_word' id='word_1_24' title='bbox 794 332 827 362; x_wconf 89' lang='lat'>&amp;</span> <span class='ocrx_word' id='word_1_25' title='bbox 851 333 1000 372; x_wconf 84' lang='lat' dir='ltr'>mandatis,</span> <span class='ocrx_word' id='word_1_26' title='bbox 1018 334 1197 365; x_wconf 83' lang='lat' dir='ltr'>absolutionis</span> <span class='ocrx_word' id='word_1_27' title='bbox 1219 335 1269 363; x_wconf 91' lang='lat' dir='ltr'>be-</span> 
     </span>
     <span class='ocr_line' id='line_1_7' title="bbox 201 365 534 398; baseline 0.003 -2"><span class='ocrx_word' id='word_1_28' title='bbox 201 365 335 397; x_wconf 88' lang='lat' dir='ltr'>neficium</span> <span class='ocrx_word' id='word_1_29' title='bbox 353 367 534 398; x_wconf 71' lang='lat' dir='ltr'>obtinuerint.</span> 
     </span>
    </p>
   </div>
   <div class='ocr_carea' id='block_1_4' title="bbox 240 441 1247 488">
    <p class='ocr_par' dir='ltr' id='par_1_4' title="bbox 240 441 1247 488">
     <span class='ocr_line' id='line_1_8' title="bbox 240 441 1247 488; baseline 0.006 -16"><span class='ocrx_word' id='word_1_30' title='bbox 240 441 308 473; x_wconf 88' lang='lat' dir='ltr'>Dat.</span> <span class='ocrx_word' id='word_1_31' title='bbox 326 441 471 480; x_wconf 81' lang='lat' dir='ltr'>Burdegal.</span> <span class='ocrx_word' id='word_1_32' title='bbox 495 451 538 482; x_wconf 86' lang='lat'>15.</span> <span class='ocrx_word' id='word_1_33' title='bbox 558 442 621 474; x_wconf 89' lang='lat' dir='ltr'>Kal.</span> <span class='ocrx_word' id='word_1_34' title='bbox 633 443 733 482; x_wconf 87' lang='lat' dir='ltr'>Junii,</span> <span class='ocrx_word' id='word_1_35' title='bbox 753 443 940 476; x_wconf 71' lang='lat' dir='ltr'>Pontificati‘is</span> <span class='ocrx_word' id='word_1_36' title='bbox 952 445 1039 476; x_wconf 88' lang='lat' dir='ltr'>nostri</span> <span class='ocrx_word' id='word_1_37' title='bbox 1057 457 1124 477; x_wconf 86' lang='lat' dir='ltr'>amo</span> <span class='ocrx_word' id='word_1_38' title='bbox 1142 448 1247 488; x_wconf 88' lang='lat' dir='ltr'>primo.</span> 
     </span>
    </p>
   </div>
   <div class='ocr_carea' id='block_1_5' title="bbox 423 566 1038 614">
    <p class='ocr_par' dir='ltr' id='par_1_5' title="bbox 423 566 1038 614">
     <span class='ocr_line' id='line_1_9' title="bbox 423 566 1038 614; baseline 0.003 -13"><span class='ocrx_word' id='word_1_39' title='bbox 423 566 482 601; x_wconf 84' lang='lat' dir='ltr'>Ad</span> <span class='ocrx_word' id='word_1_40' title='bbox 504 570 620 614; x_wconf 81' lang='lat' dir='ltr'><em>Papam</em></span> <span class='ocrx_word' id='word_1_41' title='bbox 647 569 754 600; x_wconf 80' lang='lat' dir='ltr'>Litera</span> <span class='ocrx_word' id='word_1_42' title='bbox 778 569 1038 604; x_wconf 80' lang='lat' dir='ltr'>commendatoria.</span> 
     </span>
    </p>
   </div>
   <div class='ocr_carea' id='block_1_6' title="bbox 49 648 182 832">
    <p class='ocr_par' dir='ltr' id='par_1_6' title="bbox 49 648 182 832">
     <span class='ocr_line' id='line_1_10' title="bbox 51 648 182 683; baseline -0.023 0"><span class='ocrx_word' id='word_1_43' title='bbox 51 649 127 683; x_wconf 77' lang='lat' dir='ltr'>Ann.</span> <span class='ocrx_word' id='word_1_44' title='bbox 140 648 182 680; x_wconf 93' lang='lat' dir='ltr'>D.</span> 
     </span>
     <span class='ocr_line' id='line_1_11' title="bbox 82 688 166 728; baseline -0.024 -9"><span class='ocrx_word' id='word_1_45' title='bbox 82 688 166 728; x_wconf 81' lang='lat'><strong>130⁶·</strong></span> 
     </span>
     <span class='ocr_line' id='line_1_12' title="bbox 49 731 160 763; baseline 0.009 -1"><span class='ocrx_word' id='word_1_46' title='bbox 49 731 102 757; x_wconf 50' lang='lat' dir='ltr'>Aa·</span> <span class='ocrx_word' id='word_1_47' title='bbox 117 737 160 763; x_wconf 71' lang='lat'>34·</span> 
     </span>
     <span class='ocr_line' id='line_1_13' title="bbox 49 770 117 795; baseline 0.015 -1"><span class='ocrx_word' id='word_1_48' title='bbox 49 770 80 794; x_wconf 76' lang='lat' dir='ltr'>E.</span> <span class='ocrx_word' id='word_1_49' title='bbox 96 776 117 795; x_wconf 87' lang='lat'>1.</span> 
     </span>
     <span class='ocr_line' id='line_1_14' title="bbox 51 808 180 832; baseline -0.016 0"><span class='ocrx_word' id='word_1_50' title='bbox 51 808 180 832; x_wconf 58' lang='lat' dir='ltr'>Romam.</span> 
     </span>
    </p>
   </div>
   <div class='ocr_carea' id='block_1_7' title="bbox 48 846 179 909">
    <p class='ocr_par' dir='ltr' id='par_1_7' title="bbox 48 846 179 909">
     <span class='ocr_line' id='line_1_15' title="bbox 55 846 179 878; baseline 0 -9"><span class='ocrx_word' id='word_1_51' title='bbox 55 846 142 878; x_wconf 81' lang='lat' dir='ltr'><em>34.E.</em></span> <span class='ocrx_word' id='word_1_52' title='bbox 157 852 179 872; x_wconf 84' lang='lat' dir='ltr'>i,</span> 
     </span>
     <span class='ocr_line' id='line_1_16' title="bbox 48 881 156 909; baseline 0.028 -3"><span class='ocrx_word' id='word_1_53' title='bbox 48 881 156 909; x_wconf 79' lang='lat' dir='ltr'>m.1.d,</span> 
     </span>
    </p>
   </div>
   <div class='ocr_carea' id='block_1_8' title="bbox 187 648 1266 1644">
    <p class='ocr_par' dir='ltr' id='par_1_8' title="bbox 201 648 896 704">
     <span class='ocr_line' id='line_1_17' title="bbox 201 648 896 704; baseline 0.006 -24"><span class='ocrx_word' id='word_1_54' title='bbox 201 648 312 704; x_wconf 84' lang='lat' dir='ltr'>PApae</span> <span class='ocrx_word' id='word_1_55' title='bbox 326 650 389 682; x_wconf 81' lang='lat' dir='ltr'>Rex</span> <span class='ocrx_word' id='word_1_56' title='bbox 402 652 504 683; x_wconf 88' lang='lat' dir='ltr'>devota</span> <span class='ocrx_word' id='word_1_57' title='bbox 517 650 619 689; x_wconf 88' lang='lat' dir='ltr'>pedum</span> <span class='ocrx_word' id='word_1_58' title='bbox 634 650 726 682; x_wconf 90' lang='lat' dir='ltr'>oscula</span> <span class='ocrx_word' id='word_1_59' title='bbox 741 652 896 684; x_wconf 87' lang='lat' dir='ltr'>beatorum.</span> 
     </span>
    </p>

    <p class='ocr_par' dir='ltr' id='par_1_9' title="bbox 195 689 1266 948">
     <span class='ocr_line' id='line_1_18' title="bbox 278 689 1266 732; baseline 0.004 -12"><span class='ocrx_word' id='word_1_60' title='bbox 278 689 378 729; x_wconf 83' lang='lat' dir='ltr'>Licet,</span> <span class='ocrx_word' id='word_1_61' title='bbox 395 701 443 728; x_wconf 87' lang='lat' dir='ltr'>per</span> <span class='ocrx_word' id='word_1_62' title='bbox 466 690 638 727; x_wconf 81' lang='lat' dir='ltr'>frequentem</span> <span class='ocrx_word' id='word_1_63' title='bbox 661 689 812 721; x_wconf 88' lang='lat' dir='ltr'>nostrarum</span> <span class='ocrx_word' id='word_1_64' title='bbox 834 691 982 723; x_wconf 76' lang='lat' dir='ltr'>litterarum</span> <span class='ocrx_word' id='word_1_65' title='bbox 1006 692 1182 731; x_wconf 77' lang='lat' dir='ltr'>missionem,</span> <span class='ocrx_word' id='word_1_66' title='bbox 1201 703 1266 732; x_wconf 83' lang='lat' dir='ltr'>quas</span> 
     </span>
     <span class='ocr_line' id='line_1_19' title="bbox 198 725 1265 770; baseline 0.006 -14"><span class='ocrx_word' id='word_1_67' title='bbox 198 725 295 757; x_wconf 88' lang='lat' dir='ltr'>vestrae</span> <span class='ocrx_word' id='word_1_68' title='bbox 309 727 477 758; x_wconf 74' lang='lat' dir='ltr'>Clementiae</span> <span class='ocrx_word' id='word_1_69' title='bbox 489 737 542 765; x_wconf 84' lang='lat' dir='ltr'>pro</span> <span class='ocrx_word' id='word_1_70' title='bbox 558 725 675 758; x_wconf 81' lang='lat' dir='ltr'>Clericis</span> <span class='ocrx_word' id='word_1_71' title='bbox 687 728 784 758; x_wconf 88' lang='lat' dir='ltr'>nostris</span> <span class='ocrx_word' id='word_1_72' title='bbox 816 729 924 768; x_wconf 75' lang='lat' dir='ltr'>aliisque</span> <span class='ocrx_word' id='word_1_73' title='bbox 938 731 1072 761; x_wconf 85' lang='lat' dir='ltr'>benivolis</span> <span class='ocrx_word' id='word_1_74' title='bbox 1080 733 1265 770; x_wconf 76' lang='lat' dir='ltr'>porrigimus,</span> 
     </span>
     <span class='ocr_line' id='line_1_20' title="bbox 196 751 1263 804; baseline 0.007 -11"><span class='ocrx_word' id='word_1_75' title='bbox 196 763 267 803; x_wconf 59' lang='lat' dir='ltr'>saepe</span> <span class='ocrx_word' id='word_1_76' title='bbox 291 766 324 797; x_wconf 89' lang='lat'>&amp;</span> <span class='ocrx_word' id='word_1_77' title='bbox 339 766 435 803; x_wconf 79' lang='lat' dir='ltr'>saepius</span> <span class='ocrx_word' id='word_1_78' title='bbox 449 775 499 796; x_wconf 92' lang='lat' dir='ltr'>vos</span> <span class='ocrx_word' id='word_1_79' title='bbox 519 774 665 804; x_wconf 77' lang='lat' dir='ltr'>vexemus,</span> <span class='ocrx_word' id='word_1_80' title='bbox 683 766 719 796; x_wconf 89' lang='lat' dir='ltr'>de</span> <span class='ocrx_word' id='word_1_81' title='bbox 740 751 838 797; x_wconf 77' lang='lat' dir='ltr'>vest&#39;rae</span> <span class='ocrx_word' id='word_1_82' title='bbox 859 776 954 798; x_wconf 89' lang='lat' dir='ltr'>tamen</span> <span class='ocrx_word' id='word_1_83' title='bbox 976 768 1118 799; x_wconf 69' lang='lat' dir='ltr'>affluentia</span> <span class='ocrx_word' id='word_1_84' title='bbox 1134 770 1263 800; x_wconf 87' lang='lat' dir='ltr'>bonitatis</span> 
     </span>
     <span class='ocr_line' id='line_1_21' title="bbox 197 802 1263 844; baseline 0.004 -10"><span class='ocrx_word' id='word_1_85' title='bbox 197 803 439 842; x_wconf 77' lang='lat' dir='ltr'>quamplurimum</span> <span class='ocrx_word' id='word_1_86' title='bbox 462 802 632 833; x_wconf 85' lang='lat' dir='ltr'>confidentes</span> <span class='ocrx_word' id='word_1_87' title='bbox 648 826 658 841; x_wconf 94' lang='lat'>,</span> <span class='ocrx_word' id='word_1_88' title='bbox 684 805 713 834; x_wconf 80' lang='lat' dir='ltr'>in</span> <span class='ocrx_word' id='word_1_89' title='bbox 735 805 786 835; x_wconf 89' lang='lat' dir='ltr'>hiis</span> <span class='ocrx_word' id='word_1_90' title='bbox 801 828 810 844; x_wconf 96' lang='lat'>,</span> <span class='ocrx_word' id='word_1_91' title='bbox 835 815 896 843; x_wconf 87' lang='lat' dir='ltr'>quae</span> <span class='ocrx_word' id='word_1_92' title='bbox 911 816 962 836; x_wconf 87' lang='lat' dir='ltr'>nos</span> <span class='ocrx_word' id='word_1_93' title='bbox 976 807 1008 837; x_wconf 69' lang='grc' dir='ltr'>ὃς</span> <span class='ocrx_word' id='word_1_94' title='bbox 1023 807 1130 837; x_wconf 87' lang='lat' dir='ltr'>nostros</span> <span class='ocrx_word' id='word_1_95' title='bbox 1146 818 1263 838; x_wconf 89' lang='lat' dir='ltr'>concer-</span> 
     </span>
     <span class='ocr_line' id='line_1_22' title="bbox 196 841 1263 884; baseline 0.005 -13"><span class='ocrx_word' id='word_1_96' title='bbox 196 849 281 880; x_wconf 86' lang='lat' dir='ltr'>nunt,</span> <span class='ocrx_word' id='word_1_97' title='bbox 298 842 331 872; x_wconf 89' lang='lat'>&amp;</span> <span class='ocrx_word' id='word_1_98' title='bbox 348 852 411 880; x_wconf 90' lang='lat' dir='ltr'>quae</span> <span class='ocrx_word' id='word_1_99' title='bbox 424 841 460 872; x_wconf 90' lang='lat' dir='ltr'>de</span> <span class='ocrx_word' id='word_1_100' title='bbox 475 841 573 872; x_wconf 78' lang='lat' dir='ltr'>vestrae</span> <span class='ocrx_word' id='word_1_101' title='bbox 587 842 704 880; x_wconf 85' lang='lat' dir='ltr'>pendent</span> <span class='ocrx_word' id='word_1_102' title='bbox 718 843 889 880; x_wconf 84' lang='lat' dir='ltr'>plenitudine</span> <span class='ocrx_word' id='word_1_103' title='bbox 902 843 1054 884; x_wconf 89' lang='lat' dir='ltr'>potestatis,</span> <span class='ocrx_word' id='word_1_104' title='bbox 1063 846 1107 881; x_wconf 32' lang='lat' dir='ltr'>,ad</span> <span class='ocrx_word' id='word_1_105' title='bbox 1120 856 1169 875; x_wconf 88' lang='lat' dir='ltr'>vos</span> <span class='ocrx_word' id='word_1_106' title='bbox 1179 868 1188 884; x_wconf 95' lang='lat'>,</span> <span class='ocrx_word' id='word_1_107' title='bbox 1203 852 1263 875; x_wconf 80' lang='lat' dir='ltr'>tan-</span> 
     </span>
     <span class='ocr_line' id='line_1_23' title="bbox 195 878 1262 947; baseline 0.006 -38"><span class='ocrx_word' id='word_1_108' title='bbox 195 889 287 947; x_wconf 68' lang='lat' dir='ltr'>quadnl</span> <span class='ocrx_word' id='word_1_109' title='bbox 301 878 336 909; x_wconf 89' lang='lat' dir='ltr'>ad</span> <span class='ocrx_word' id='word_1_110' title='bbox 360 879 494 917; x_wconf 87' lang='lat' dir='ltr'>singulare</span> <span class='ocrx_word' id='word_1_111' title='bbox 516 878 676 919; x_wconf 83' lang='lat' dir='ltr'>refugium,</span> <span class='ocrx_word' id='word_1_112' title='bbox 693 880 768 912; x_wconf 85' lang='lat' dir='ltr'>filiali</span> <span class='ocrx_word' id='word_1_113' title='bbox 787 881 894 920; x_wconf 75' lang='lat' dir='ltr'>sumpta</span> <span class='ocrx_word' id='word_1_114' title='bbox 916 882 1034 922; x_wconf 74' lang='lat' dir='ltr'>fiducia,</span> <span class='ocrx_word' id='word_1_115' title='bbox 1052 886 1215 914; x_wconf 72' lang='lat' dir='ltr'>recurrimus</span> <span class='ocrx_word' id='word_1_116' title='bbox 1229 884 1262 915; x_wconf 87' lang='lat'>&amp;</span> 
     </span>
     <span class='ocr_line' id='line_1_24' title="bbox 195 927 342 948; baseline -0.007 0"><span class='ocrx_word' id='word_1_117' title='bbox 195 928 243 948; x_wconf 87' lang='lat' dir='ltr'>me</span> <span class='ocrx_word' id='word_1_118' title='bbox 263 928 278 947; x_wconf 89' lang='lat' dir='ltr'>e</span> <span class='ocrx_word' id='word_1_119' title='bbox 288 927 342 947; x_wconf 89' lang='lat' dir='ltr'>am.</span> 
     </span>
    </p>

    <p class='ocr_par' dir='ltr' id='par_1_10' title="bbox 189 956 1262 1186">
     <span class='ocr_line' id='line_1_25' title="bbox 234 956 1260 998; baseline 0.004 -12"><span class='ocrx_word' id='word_1_120' title='bbox 234 956 414 987; x_wconf 85' lang='lat' dir='ltr'>Attendentes</span> <span class='ocrx_word' id='word_1_121' title='bbox 435 958 525 995; x_wconf 85' lang='lat' dir='ltr'>itaque</span> <span class='ocrx_word' id='word_1_122' title='bbox 546 958 613 987; x_wconf 82' lang='lat' dir='ltr'>vitae</span> <span class='ocrx_word' id='word_1_123' title='bbox 634 958 785 996; x_wconf 86' lang='lat' dir='ltr'>meritum,</span> <span class='ocrx_word' id='word_1_124' title='bbox 802 957 972 997; x_wconf 75' lang='lat' dir='ltr'>morumque</span> <span class='ocrx_word' id='word_1_125' title='bbox 994 958 1182 998; x_wconf 78' lang='lat' dir='ltr'>honestatem,</span> <span class='ocrx_word' id='word_1_126' title='bbox 1200 961 1260 998; x_wconf 90' lang='lat' dir='ltr'>qui-</span> 
     </span>
     <span class='ocr_line' id='line_1_26' title="bbox 194 993 1262 1035; baseline 0.006 -12"><span class='ocrx_word' id='word_1_127' title='bbox 194 994 246 1024; x_wconf 92' lang='lat' dir='ltr'>bus</span> <span class='ocrx_word' id='word_1_128' title='bbox 260 993 374 1024; x_wconf 65' lang='lat' dir='ltr'>dileetus</span> <span class='ocrx_word' id='word_1_129' title='bbox 397 995 479 1025; x_wconf 89' lang='lat' dir='ltr'>nobis</span> <span class='ocrx_word' id='word_1_130' title='bbox 496 995 635 1034; x_wconf 76' lang='lat' dir='ltr'>johannes</span> <span class='ocrx_word' id='word_1_131' title='bbox 657 995 693 1025; x_wconf 89' lang='lat' dir='ltr'>de</span> <span class='ocrx_word' id='word_1_132' title='bbox 708 996 784 1026; x_wconf 86' lang='lat' dir='ltr'>Leek</span> <span class='ocrx_word' id='word_1_133' title='bbox 800 1019 810 1035; x_wconf 92' lang='lat'>,</span> <span class='ocrx_word' id='word_1_134' title='bbox 834 996 1061 1028; x_wconf 87' lang='lat' dir='ltr'>Eleemosinarius</span> <span class='ocrx_word' id='word_1_135' title='bbox 1082 997 1189 1035; x_wconf 87' lang='lat' dir='ltr'>noster,</span> <span class='ocrx_word' id='word_1_136' title='bbox 1207 997 1262 1030; x_wconf 85' lang='lat' dir='ltr'>effe</span> 
     </span>
     <span class='ocr_line' id='line_1_27' title="bbox 194 1031 1261 1073; baseline 0.005 -11"><span class='ocrx_word' id='word_1_137' title='bbox 194 1031 367 1068; x_wconf 85' lang='lat' dir='ltr'>dignoscitur</span> <span class='ocrx_word' id='word_1_138' title='bbox 390 1033 555 1071; x_wconf 76' lang='lat' dir='ltr'>insignitus,</span> <span class='ocrx_word' id='word_1_139' title='bbox 581 1043 692 1063; x_wconf 87' lang='lat' dir='ltr'>necnon</span> <span class='ocrx_word' id='word_1_140' title='bbox 713 1033 817 1064; x_wconf 85' lang='lat' dir='ltr'>labores</span> <span class='ocrx_word' id='word_1_141' title='bbox 834 1035 1016 1073; x_wconf 87' lang='lat' dir='ltr'>multiplices,</span> <span class='ocrx_word' id='word_1_142' title='bbox 1034 1046 1102 1073; x_wconf 87' lang='lat' dir='ltr'>quos</span> <span class='ocrx_word' id='word_1_143' title='bbox 1121 1047 1137 1066; x_wconf 90' lang='lat' dir='ltr'>a</span> <span class='ocrx_word' id='word_1_144' title='bbox 1157 1036 1261 1067; x_wconf 86' lang='lat' dir='ltr'>nostrae</span> 
     </span>
     <span class='ocr_line' id='line_1_28' title="bbox 192 1071 1261 1113; baseline 0.004 -13"><span class='ocrx_word' id='word_1_145' title='bbox 192 1072 339 1110; x_wconf 79' lang='lat' dir='ltr'>primaevae</span> <span class='ocrx_word' id='word_1_146' title='bbox 355 1073 440 1102; x_wconf 74' lang='lat' dir='ltr'>aetatis</span> <span class='ocrx_word' id='word_1_147' title='bbox 455 1071 572 1101; x_wconf 86' lang='lat' dir='ltr'>exordio</span> <span class='ocrx_word' id='word_1_148' title='bbox 587 1072 615 1101; x_wconf 93' lang='lat' dir='ltr'>in</span> <span class='ocrx_word' id='word_1_149' title='bbox 631 1071 730 1101; x_wconf 88' lang='lat' dir='ltr'>nostris</span> <span class='ocrx_word' id='word_1_150' title='bbox 747 1072 828 1103; x_wconf 91' lang='lat' dir='ltr'>subiit</span> <span class='ocrx_word' id='word_1_151' title='bbox 850 1073 1009 1113; x_wconf 74' lang='lat' dir='ltr'>obsequiis,</span> <span class='ocrx_word' id='word_1_152' title='bbox 1025 1073 1110 1113; x_wconf 85' lang='lat' dir='ltr'>digne</span> <span class='ocrx_word' id='word_1_153' title='bbox 1122 1074 1261 1106; x_wconf 88' lang='lat' dir='ltr'>credimus</span> 
     </span>
     <span class='ocr_line' id='line_1_29' title="bbox 192 1109 1260 1150; baseline 0.004 -11"><span class='ocrx_word' id='word_1_154' title='bbox 192 1119 276 1145; x_wconf 83' lang='lat' dir='ltr'>agere</span> <span class='ocrx_word' id='word_1_155' title='bbox 290 1110 310 1139; x_wconf 83' lang='lat' dir='ltr'>fi</span> <span class='ocrx_word' id='word_1_156' title='bbox 325 1118 389 1140; x_wconf 85' lang='lat' dir='ltr'>vota</span> <span class='ocrx_word' id='word_1_157' title='bbox 410 1109 489 1147; x_wconf 90' lang='lat' dir='ltr'>ipsius</span> <span class='ocrx_word' id='word_1_158' title='bbox 507 1110 609 1139; x_wconf 88' lang='lat' dir='ltr'>votivis</span> <span class='ocrx_word' id='word_1_159' title='bbox 625 1112 829 1147; x_wconf 78' lang='lat' dir='ltr'>praeveniamus</span> <span class='ocrx_word' id='word_1_160' title='bbox 842 1110 1003 1150; x_wconf 66' lang='lat' dir='ltr'>affieiibus,</span> <span class='ocrx_word' id='word_1_161' title='bbox 1020 1122 1189 1150; x_wconf 82' lang='lat' dir='ltr'>operamque</span> <span class='ocrx_word' id='word_1_162' title='bbox 1203 1112 1260 1144; x_wconf 88' lang='lat' dir='ltr'>stu-</span> 
     </span>
     <span class='ocr_line' id='line_1_30' title="bbox 189 1147 1260 1186; baseline 0.005 -9"><span class='ocrx_word' id='word_1_163' title='bbox 189 1147 296 1178; x_wconf 72' lang='lat' dir='ltr'>diosam</span> <span class='ocrx_word' id='word_1_164' title='bbox 309 1149 506 1186; x_wconf 68' lang='lat' dir='ltr'>impendamus</span> <span class='ocrx_word' id='word_1_165' title='bbox 522 1156 552 1178; x_wconf 89' lang='lat' dir='ltr'>ut</span> <span class='ocrx_word' id='word_1_166' title='bbox 563 1147 601 1179; x_wconf 89' lang='lat' dir='ltr'>sui</span> <span class='ocrx_word' id='word_1_167' title='bbox 617 1148 810 1180; x_wconf 79' lang='lat' dir='ltr'>commodi&amp;</span> <span class='ocrx_word' id='word_1_168' title='bbox 825 1149 939 1180; x_wconf 89' lang='lat' dir='ltr'>honoris</span> <span class='ocrx_word' id='word_1_169' title='bbox 952 1150 1260 1183; x_wconf 77' lang='lat' dir='ltr'>incrementumsedulo</span> 
     </span>
    </p>

    <p class='ocr_par' dir='ltr' id='par_1_11' title="bbox 190 1196 1258 1446">
     <span class='ocr_line' id='line_1_31' title="bbox 211 1196 380 1217; baseline 0.006 -2"><span class='ocrx_word' id='word_1_170' title='bbox 211 1196 380 1217; x_wconf 82' lang='lat' dir='ltr'>rocuremus.</span> 
     </span>
     <span class='ocr_line' id='line_1_32' title="bbox 190 1197 1258 1265; baseline 0.004 -12"><span class='ocrx_word' id='word_1_171' title='bbox 190 1197 210 1228; x_wconf 76' lang='lat' dir='ltr'>p</span> <span class='ocrx_word' id='word_1_172' title='bbox 231 1225 377 1264; x_wconf 83' lang='lat' dir='ltr'>roirca</span> <span class='ocrx_word' id='word_1_173' title='bbox 392 1224 534 1254; x_wconf 62' lang='lat' dir='ltr'>Sanctitati</span> <span class='ocrx_word' id='word_1_174' title='bbox 549 1223 647 1254; x_wconf 85' lang='lat' dir='ltr'>vestrae</span> <span class='ocrx_word' id='word_1_175' title='bbox 660 1223 838 1255; x_wconf 72' lang='lat' dir='ltr'>devotissime</span> <span class='ocrx_word' id='word_1_176' title='bbox 855 1225 1055 1265; x_wconf 81' lang='lat' dir='ltr'>supplicamus,</span> <span class='ocrx_word' id='word_1_177' title='bbox 1075 1228 1197 1264; x_wconf 78' lang='lat' dir='ltr'>quatinus</span> <span class='ocrx_word' id='word_1_178' title='bbox 1218 1229 1258 1258; x_wconf 88' lang='lat' dir='ltr'>ei-</span> 
     </span>
     <span class='ocr_line' id='line_1_33' title="bbox 192 1261 1258 1302; baseline 0.002 -9"><span class='ocrx_word' id='word_1_179' title='bbox 192 1262 260 1294; x_wconf 87' lang='lat' dir='ltr'>dem</span> <span class='ocrx_word' id='word_1_180' title='bbox 276 1262 390 1293; x_wconf 87' lang='lat' dir='ltr'>Clerico</span> <span class='ocrx_word' id='word_1_181' title='bbox 412 1262 523 1300; x_wconf 89' lang='lat' dir='ltr'>nostro,</span> <span class='ocrx_word' id='word_1_182' title='bbox 542 1262 577 1292; x_wconf 89' lang='lat' dir='ltr'>de</span> <span class='ocrx_word' id='word_1_183' title='bbox 599 1261 689 1292; x_wconf 73' lang='lat' dir='ltr'>vestra</span> <span class='ocrx_word' id='word_1_184' title='bbox 712 1262 815 1293; x_wconf 85' lang='lat' dir='ltr'>liberali</span> <span class='ocrx_word' id='word_1_185' title='bbox 830 1264 1039 1302; x_wconf 77' lang='lat' dir='ltr'>munificentia,</span> <span class='ocrx_word' id='word_1_186' title='bbox 1057 1265 1258 1302; x_wconf 78' lang='lat' dir='ltr'>dispensationis</span> 
     </span>
     <span class='ocr_line' id='line_1_34' title="bbox 191 1300 1256 1343; baseline 0.003 -12"><span class='ocrx_word' id='word_1_187' title='bbox 191 1302 325 1339; x_wconf 80' lang='lat' dir='ltr'>gratiam,</span> <span class='ocrx_word' id='word_1_188' title='bbox 342 1302 419 1339; x_wconf 83' lang='lat' dir='ltr'>juxta</span> <span class='ocrx_word' id='word_1_189' title='bbox 431 1300 554 1330; x_wconf 89' lang='lat' dir='ltr'>formam</span> <span class='ocrx_word' id='word_1_190' title='bbox 570 1301 708 1343; x_wconf 77' lang='lat' dir='ltr'>petitionis</span> <span class='ocrx_word' id='word_1_191' title='bbox 721 1300 792 1338; x_wconf 75' lang='lat' dir='ltr'>suae,</span> <span class='ocrx_word' id='word_1_192' title='bbox 807 1312 889 1340; x_wconf 90' lang='lat' dir='ltr'>quam</span> <span class='ocrx_word' id='word_1_193' title='bbox 897 1303 1002 1333; x_wconf 67' lang='lat' dir='ltr'>dileeto</span> <span class='ocrx_word' id='word_1_194' title='bbox 1016 1304 1049 1334; x_wconf 87' lang='lat'>&amp;</span> <span class='ocrx_word' id='word_1_195' title='bbox 1065 1303 1256 1343; x_wconf 86' lang='lat' dir='ltr'>fidelinostro,</span> 
     </span>
     <span class='ocr_line' id='line_1_35' title="bbox 191 1339 1256 1381; baseline 0.001 -10"><span class='ocrx_word' id='word_1_196' title='bbox 191 1340 341 1371; x_wconf 83' lang='lat' dir='ltr'>Amaneno</span> <span class='ocrx_word' id='word_1_197' title='bbox 355 1339 390 1368; x_wconf 89' lang='lat' dir='ltr'>de</span> <span class='ocrx_word' id='word_1_198' title='bbox 407 1339 527 1369; x_wconf 88' lang='lat' dir='ltr'>Lebreto</span> <span class='ocrx_word' id='word_1_199' title='bbox 543 1339 733 1368; x_wconf 80' lang='lat' dir='ltr'>commiiimus</span> <span class='ocrx_word' id='word_1_200' title='bbox 747 1339 844 1370; x_wconf 82' lang='lat' dir='ltr'>vestrae</span> <span class='ocrx_word' id='word_1_201' title='bbox 865 1340 1023 1372; x_wconf 80' lang='lat' dir='ltr'>Paternitati</span> <span class='ocrx_word' id='word_1_202' title='bbox 1040 1342 1256 1381; x_wconf 71' lang='lat' dir='ltr'>porrigendam,</span> 
     </span>
     <span class='ocr_line' id='line_1_36' title="bbox 191 1375 1257 1445; baseline 0.003 -37"><span class='ocrx_word' id='word_1_203' title='bbox 191 1378 225 1408; x_wconf 89' lang='lat'>&amp;</span> <span class='ocrx_word' id='word_1_204' title='bbox 239 1377 419 1445; x_wconf 53' lang='lat' dir='ltr'>effeegualiter</span> <span class='ocrx_word' id='word_1_205' title='bbox 440 1376 674 1415; x_wconf 88' lang='lat' dir='ltr'>prosequendam,</span> <span class='ocrx_word' id='word_1_206' title='bbox 691 1375 780 1407; x_wconf 89' lang='lat' dir='ltr'>vestra</span> <span class='ocrx_word' id='word_1_207' title='bbox 799 1378 926 1417; x_wconf 80' lang='lat' dir='ltr'>dignetur</span> <span class='ocrx_word' id='word_1_208' title='bbox 939 1380 1095 1410; x_wconf 88' lang='lat' dir='ltr'>concedere</span> <span class='ocrx_word' id='word_1_209' title='bbox 1112 1379 1257 1411; x_wconf 87' lang='lat' dir='ltr'>Paternitas</span> 
     </span>
     <span class='ocr_line' id='line_1_37' title="bbox 190 1425 349 1446; baseline -0.013 0"><span class='ocrx_word' id='word_1_210' title='bbox 190 1425 304 1446; x_wconf 87' lang='lat' dir='ltr'>reveren</span> <span class='ocrx_word' id='word_1_211' title='bbox 326 1426 349 1445; x_wconf 86' lang='lat' dir='ltr'>a.</span> 
     </span>
    </p>

    <p class='ocr_par' dir='ltr' id='par_1_12' title="bbox 187 1452 1257 1606">
     <span class='ocr_line' id='line_1_38' title="bbox 228 1452 1256 1493; baseline 0.004 -10"><span class='ocrx_word' id='word_1_212' title='bbox 228 1453 376 1491; x_wconf 63' lang='lat' dir='ltr'>Profedm,</span> <span class='ocrx_word' id='word_1_213' title='bbox 393 1452 472 1483; x_wconf 89' lang='lat' dir='ltr'>Pater</span> <span class='ocrx_word' id='word_1_214' title='bbox 491 1452 601 1492; x_wconf 67' lang='lat' dir='ltr'>sanCte,</span> <span class='ocrx_word' id='word_1_215' title='bbox 618 1453 698 1492; x_wconf 89' lang='lat' dir='ltr'>hujus</span> <span class='ocrx_word' id='word_1_216' title='bbox 716 1453 896 1491; x_wconf 81' lang='lat' dir='ltr'>requisitionis</span> <span class='ocrx_word' id='word_1_217' title='bbox 917 1455 1056 1485; x_wconf 86' lang='lat' dir='ltr'>exauditio</span> <span class='ocrx_word' id='word_1_218' title='bbox 1078 1464 1151 1493; x_wconf 81' lang='lat' dir='ltr'>grata</span> <span class='ocrx_word' id='word_1_219' title='bbox 1173 1457 1256 1487; x_wconf 90' lang='lat' dir='ltr'>nobis</span> 
     </span>
     <span class='ocr_line' id='line_1_39' title="bbox 191 1491 1257 1532; baseline 0.003 -11"><span class='ocrx_word' id='word_1_220' title='bbox 191 1492 243 1522; x_wconf 91' lang='lat' dir='ltr'>erit</span> <span class='ocrx_word' id='word_1_221' title='bbox 259 1491 413 1522; x_wconf 86' lang='lat' dir='ltr'>admodum</span> <span class='ocrx_word' id='word_1_222' title='bbox 427 1492 460 1522; x_wconf 64' lang='grc' dir='ltr'>ὃς</span> <span class='ocrx_word' id='word_1_223' title='bbox 473 1500 608 1530; x_wconf 86' lang='lat' dir='ltr'>accepta,</span> <span class='ocrx_word' id='word_1_224' title='bbox 627 1492 645 1522; x_wconf 84' lang='lat' dir='ltr'>ii</span> <span class='ocrx_word' id='word_1_225' title='bbox 654 1515 664 1530; x_wconf 93' lang='lat'>,</span> <span class='ocrx_word' id='word_1_226' title='bbox 682 1491 768 1522; x_wconf 82' lang='lat' dir='ltr'>nostri</span> <span class='ocrx_word' id='word_1_227' title='bbox 783 1492 1000 1523; x_wconf 77' lang='lat' dir='ltr'>conlideratione</span> <span class='ocrx_word' id='word_1_228' title='bbox 1010 1516 1019 1531; x_wconf 92' lang='lat'>,</span> <span class='ocrx_word' id='word_1_229' title='bbox 1037 1493 1200 1532; x_wconf 85' lang='lat' dir='ltr'>suorumque</span> <span class='ocrx_word' id='word_1_230' title='bbox 1213 1497 1257 1524; x_wconf 90' lang='lat' dir='ltr'>in-</span> 
     </span>
     <span class='ocr_line' id='line_1_40' title="bbox 189 1529 1256 1569; baseline 0.004 -9"><span class='ocrx_word' id='word_1_231' title='bbox 189 1531 259 1560; x_wconf 88' lang='lat' dir='ltr'>tuitu</span> <span class='ocrx_word' id='word_1_232' title='bbox 275 1531 455 1568; x_wconf 88' lang='lat' dir='ltr'>meritorum,</span> <span class='ocrx_word' id='word_1_233' title='bbox 471 1530 549 1561; x_wconf 91' lang='lat' dir='ltr'>idem</span> <span class='ocrx_word' id='word_1_234' title='bbox 565 1529 690 1561; x_wconf 89' lang='lat' dir='ltr'>Clericus</span> <span class='ocrx_word' id='word_1_235' title='bbox 703 1530 759 1568; x_wconf 90' lang='lat' dir='ltr'>spei</span> <span class='ocrx_word' id='word_1_236' title='bbox 771 1530 825 1561; x_wconf 84' lang='lat' dir='ltr'>suae</span> <span class='ocrx_word' id='word_1_237' title='bbox 839 1532 868 1561; x_wconf 89' lang='lat' dir='ltr'>in</span> <span class='ocrx_word' id='word_1_238' title='bbox 886 1532 938 1562; x_wconf 90' lang='lat' dir='ltr'>hac</span> <span class='ocrx_word' id='word_1_239' title='bbox 956 1541 1031 1569; x_wconf 83' lang='lat' dir='ltr'>parte</span> <span class='ocrx_word' id='word_1_240' title='bbox 1045 1531 1170 1563; x_wconf 70' lang='lat' dir='ltr'>frustum</span> <span class='ocrx_word' id='word_1_241' title='bbox 1188 1533 1256 1564; x_wconf 75' lang='lat' dir='ltr'>asse-</span> 
     </span>
     <span class='ocr_line' id='line_1_41' title="bbox 187 1568 533 1606; baseline 0 -8"><span class='ocrx_word' id='word_1_242' title='bbox 187 1569 236 1606; x_wconf 85' lang='lat' dir='ltr'>qui</span> <span class='ocrx_word' id='word_1_243' title='bbox 250 1568 336 1599; x_wconf 84' lang='lat' dir='ltr'>vale-at</span> <span class='ocrx_word' id='word_1_244' title='bbox 350 1576 533 1606; x_wconf 86' lang='lat' dir='ltr'>peroptatum.</span> 
     </span>
    </p>

    <p class='ocr_par' dir='ltr' id='par_1_13' title="bbox 228 1606 1255 1644">
     <span class='ocr_line' id='line_1_42' title="bbox 228 1606 1255 1644; baseline 0.004 -8"><span class='ocrx_word' id='word_1_245' title='bbox 228 1606 274 1637; x_wconf 87' lang='lat' dir='ltr'>Ad</span> <span class='ocrx_word' id='word_1_246' title='bbox 298 1608 425 1644; x_wconf 83' lang='lat' dir='ltr'>regimen</span> <span class='ocrx_word' id='word_1_247' title='bbox 441 1606 572 1637; x_wconf 89' lang='lat' dir='ltr'>Ecclesiae</span> <span class='ocrx_word' id='word_1_248' title='bbox 586 1606 642 1638; x_wconf 80' lang='lat' dir='ltr'>suae</span> <span class='ocrx_word' id='word_1_249' title='bbox 655 1606 756 1637; x_wconf 59' lang='lat' dir='ltr'>sanetae</span> <span class='ocrx_word' id='word_1_250' title='bbox 769 1607 953 1638; x_wconf 66' lang='lat' dir='ltr'>Saneiitatem</span> <span class='ocrx_word' id='word_1_251' title='bbox 972 1607 1091 1639; x_wconf 78' lang='lat' dir='ltr'>vestram</span> <span class='ocrx_word' id='word_1_252' title='bbox 1110 1608 1255 1641; x_wconf 91' lang='lat' dir='ltr'>conservet</span> 
     </span>
    </p>
   </div>
   <div class='ocr_carea' id='block_1_9' title="bbox 190 1644 902 1684">
    <p class='ocr_par' dir='ltr' id='par_1_14' title="bbox 190 1644 902 1684">
     <span class='ocr_line' id='line_1_43' title="bbox 190 1644 902 1684; baseline 0.001 -8"><span class='ocrx_word' id='word_1_253' title='bbox 190 1644 333 1676; x_wconf 83' lang='lat' dir='ltr'>altiffimus</span> <span class='ocrx_word' id='word_1_254' title='bbox 348 1655 396 1683; x_wconf 88' lang='lat' dir='ltr'>per</span> <span class='ocrx_word' id='word_1_255' title='bbox 411 1654 536 1684; x_wconf 90' lang='lat' dir='ltr'>tempora</span> <span class='ocrx_word' id='word_1_256' title='bbox 552 1645 679 1684; x_wconf 86' lang='lat' dir='ltr'>prospera</span> <span class='ocrx_word' id='word_1_257' title='bbox 694 1646 727 1676; x_wconf 89' lang='lat'>&amp;</span> <span class='ocrx_word' id='word_1_258' title='bbox 741 1646 881 1684; x_wconf 78' lang='lat' dir='ltr'>longaeva.</span> <span class='ocrx_word' id='word_1_259' title='bbox 900 1659 902 1662; x_wconf 60' lang='lat'><strong><em>¹</em></strong></span> 
     </span>
    </p>
   </div>
   <div class='ocr_carea' id='block_1_10' title="bbox 224 1719 1092 1764">
    <p class='ocr_par' dir='ltr' id='par_1_15' title="bbox 224 1719 1092 1764">
     <span class='ocr_line' id='line_1_44' title="bbox 224 1719 1092 1764; baseline 0.003 -13"><span class='ocrx_word' id='word_1_260' title='bbox 224 1719 293 1752; x_wconf 87' lang='lat' dir='ltr'>Dat.</span> <span class='ocrx_word' id='word_1_261' title='bbox 307 1722 380 1760; x_wconf 88' lang='lat' dir='ltr'>apud</span> <span class='ocrx_word' id='word_1_262' title='bbox 392 1721 516 1753; x_wconf 58' lang='lat' dir='ltr'>NVestm.</span> <span class='ocrx_word' id='word_1_263' title='bbox 535 1730 582 1762; x_wconf 87' lang='lat'>25.</span> <span class='ocrx_word' id='word_1_264' title='bbox 602 1721 648 1752; x_wconf 88' lang='lat' dir='ltr'>die</span> <span class='ocrx_word' id='word_1_265' title='bbox 662 1722 753 1761; x_wconf 87' lang='lat' dir='ltr'>Maii,</span> <span class='ocrx_word' id='word_1_266' title='bbox 773 1733 847 1754; x_wconf 89' lang='lat' dir='ltr'>anno</span> <span class='ocrx_word' id='word_1_267' title='bbox 862 1722 985 1754; x_wconf 89' lang='lat' dir='ltr'>Domini</span> <span class='ocrx_word' id='word_1_268' title='bbox 1007 1724 1092 1764; x_wconf 82' lang='lat'><em>1308.</em></span> 
     </span>
    </p>
   </div>
   <div class='ocr_carea' id='block_1_11' title="bbox 322 1844 1124 1894">
    <p class='ocr_par' dir='ltr' id='par_1_16' title="bbox 322 1844 1124 1894">
     <span class='ocr_line' id='line_1_45' title="bbox 322 1844 1124 1894; baseline 0.001 -15"><span class='ocrx_word' id='word_1_269' title='bbox 322 1844 382 1879; x_wconf 84' lang='lat' dir='ltr'>Ad</span> <span class='ocrx_word' id='word_1_270' title='bbox 399 1849 514 1892; x_wconf 82' lang='lat' dir='ltr'>Papam</span> <span class='ocrx_word' id='word_1_271' title='bbox 528 1873 538 1889; x_wconf 87' lang='lat'>‚</span> <span class='ocrx_word' id='word_1_272' title='bbox 561 1845 598 1879; x_wconf 87' lang='lat' dir='ltr'>de</span> <span class='ocrx_word' id='word_1_273' title='bbox 621 1846 748 1892; x_wconf 56' lang='lat' dir='ltr'>respons&amp;</span> <span class='ocrx_word' id='word_1_274' title='bbox 765 1850 843 1880; x_wconf 87' lang='lat' dir='ltr'>viva</span> <span class='ocrx_word' id='word_1_275' title='bbox 862 1859 933 1880; x_wconf 79' lang='lat' dir='ltr'>voce</span> <span class='ocrx_word' id='word_1_276' title='bbox 953 1847 1124 1894; x_wconf 71' lang='lat' dir='ltr'>exponendo.</span> 
     </span>
    </p>
   </div>
   <div class='ocr_carea' id='block_1_12' title="bbox 33 1939 170 2198">
    <p class='ocr_par' dir='ltr' id='par_1_17' title="bbox 33 1939 170 2198">
     <span class='ocr_line' id='line_1_46' title="bbox 35 1939 170 1972; baseline -0.015 0"><span class='ocrx_word' id='word_1_277' title='bbox 35 1940 113 1972; x_wconf 85' lang='lat' dir='ltr'>&#39;Ann.</span> <span class='ocrx_word' id='word_1_278' title='bbox 129 1939 170 1971; x_wconf 88' lang='lat' dir='ltr'>D.</span> 
     </span>
     <span class='ocr_line' id='line_1_47' title="bbox 34 1979 144 2047; baseline -0.027 0"><span class='ocrx_word' id='word_1_279' title='bbox 34 1979 144 2047; x_wconf 44' lang='lat'>3306.</span> 
     </span>
     <span class='ocr_line' id='line_1_48' title="bbox 35 2027 152 2084; baseline -0.009 0"><span class='ocrx_word' id='word_1_280' title='bbox 35 2027 152 2084; x_wconf 43' lang='lat' dir='ltr'>lis-Lu.</span> 
     </span>
     <span class='ocr_line' id='line_1_49' title="bbox 34 2094 148 2122; baseline -0.009 0"><span class='ocrx_word' id='word_1_281' title='bbox 34 2098 87 2122; x_wconf 80' lang='lat' dir='ltr'>Rot.</span> <span class='ocrx_word' id='word_1_282' title='bbox 109 2094 148 2121; x_wconf 85' lang='lat' dir='ltr'>Cl.</span> 
     </span>
     <span class='ocr_line' id='line_1_50' title="bbox 38 2137 167 2169; baseline 0 -10"><span class='ocrx_word' id='word_1_283' title='bbox 38 2142 82 2169; x_wconf 81' lang='lat'>34.</span> <span class='ocrx_word' id='word_1_284' title='bbox 95 2137 124 2160; x_wconf 85' lang='grc' dir='ltr'>Ε.</span> <span class='ocrx_word' id='word_1_285' title='bbox 143 2142 167 2159; x_wconf 85' lang='grc' dir='ltr'>ι.</span> 
     </span>
     <span class='ocr_line' id='line_1_51' title="bbox 33 2171 165 2198; baseline 0.008 -2"><span class='ocrx_word' id='word_1_286' title='bbox 33 2179 70 2197; x_wconf 85' lang='lat' dir='ltr'>m.</span> <span class='ocrx_word' id='word_1_287' title='bbox 84 2180 125 2197; x_wconf 75' lang='grc' dir='ltr'>η.</span> <span class='ocrx_word' id='word_1_288' title='bbox 137 2171 165 2198; x_wconf 70' lang='grc' dir='ltr'>Ἀ.</span> 
     </span>
    </p>
   </div>
   <div class='ocr_carea' id='block_1_13' title="bbox 34 2207 167 2245">
    <p class='ocr_par' dir='ltr' id='par_1_18' title="bbox 34 2207 167 2245">
     <span class='ocr_line' id='line_1_52' title="bbox 34 2207 167 2245; baseline -0.015 -8"><span class='ocrx_word' id='word_1_289' title='bbox 34 2207 167 2245; x_wconf 62' lang='lat'>*11.999.</span> 
     </span>
    </p>
   </div>
   <div class='ocr_carea' id='block_1_14' title="bbox 181 1930 1250 2308">
    <p class='ocr_par' dir='ltr' id='par_1_19' title="bbox 187 1930 903 1990">
     <span class='ocr_line' id='line_1_53' title="bbox 187 1930 903 1990; baseline 0.001 -28"><span class='ocrx_word' id='word_1_290' title='bbox 187 1930 308 1990; x_wconf 62' lang='lat' dir='ltr'>PApte</span> <span class='ocrx_word' id='word_1_291' title='bbox 320 1930 383 1961; x_wconf 87' lang='lat' dir='ltr'>Rex</span> <span class='ocrx_word' id='word_1_292' title='bbox 401 1930 502 1962; x_wconf 90' lang='lat' dir='ltr'>devota</span> <span class='ocrx_word' id='word_1_293' title='bbox 515 1931 621 1969; x_wconf 89' lang='lat' dir='ltr'>pedum</span> <span class='ocrx_word' id='word_1_294' title='bbox 638 1931 730 1963; x_wconf 84' lang='lat' dir='ltr'>oscula</span> <span class='ocrx_word' id='word_1_295' title='bbox 749 1933 903 1963; x_wconf 87' lang='lat' dir='ltr'>beatorum.</span> 
     </span>
    </p>

    <p class='ocr_par' dir='ltr' id='par_1_20' title="bbox 184 1969 1250 2121">
     <span class='ocr_line' id='line_1_54' title="bbox 272 1969 1250 2010; baseline 0.002 -11"><span class='ocrx_word' id='word_1_296' title='bbox 272 1969 425 2000; x_wconf 63' lang='lat' dir='ltr'>Sandiitatis</span> <span class='ocrx_word' id='word_1_297' title='bbox 445 1969 545 2000; x_wconf 76' lang='lat' dir='ltr'>vestrae</span> <span class='ocrx_word' id='word_1_298' title='bbox 568 1970 661 1999; x_wconf 91' lang='lat' dir='ltr'>litteris</span> <span class='ocrx_word' id='word_1_299' title='bbox 676 1993 685 2008; x_wconf 92' lang='lat'>,</span> <span class='ocrx_word' id='word_1_300' title='bbox 717 1981 782 2009; x_wconf 90' lang='lat' dir='ltr'>quas</span> <span class='ocrx_word' id='word_1_301' title='bbox 804 1972 884 2001; x_wconf 86' lang='lat' dir='ltr'>nobis</span> <span class='ocrx_word' id='word_1_302' title='bbox 901 1971 1049 2008; x_wconf 80' lang='lat' dir='ltr'>Magistrer</span> <span class='ocrx_word' id='word_1_303' title='bbox 1063 1971 1196 2010; x_wconf 90' lang='lat' dir='ltr'>Johannis</span> <span class='ocrx_word' id='word_1_304' title='bbox 1215 1971 1250 2001; x_wconf 91' lang='lat' dir='ltr'>de</span> 
     </span>
     <span class='ocr_line' id='line_1_55' title="bbox 186 2006 1250 2048; baseline 0.003 -11"><span class='ocrx_word' id='word_1_305' title='bbox 186 2006 294 2037; x_wconf 85' lang='lat' dir='ltr'>Solariis</span> <span class='ocrx_word' id='word_1_306' title='bbox 309 2007 449 2046; x_wconf 77' lang='lat' dir='ltr'>Clericus,</span> <span class='ocrx_word' id='word_1_307' title='bbox 466 2008 534 2038; x_wconf 90' lang='lat' dir='ltr'>lator</span> <span class='ocrx_word' id='word_1_308' title='bbox 548 2008 741 2046; x_wconf 79' lang='lat' dir='ltr'>praesentium,</span> <span class='ocrx_word' id='word_1_309' title='bbox 759 2010 894 2047; x_wconf 73' lang='lat' dir='ltr'>porrexit,</span> <span class='ocrx_word' id='word_1_310' title='bbox 912 2019 1063 2040; x_wconf 80' lang='lat' dir='ltr'>reverenter</span> <span class='ocrx_word' id='word_1_311' title='bbox 1078 2011 1250 2048; x_wconf 79' lang='lat' dir='ltr'>receptis,&amp;</span> 
     </span>
     <span class='ocr_line' id='line_1_56' title="bbox 185 2046 1247 2086; baseline 0.002 -10"><span class='ocrx_word' id='word_1_312' title='bbox 185 2056 278 2076; x_wconf 84' lang='lat' dir='ltr'>earum</span> <span class='ocrx_word' id='word_1_313' title='bbox 296 2055 392 2077; x_wconf 90' lang='lat' dir='ltr'>tenore</span> <span class='ocrx_word' id='word_1_314' title='bbox 408 2047 512 2084; x_wconf 79' lang='lat' dir='ltr'>plenius</span> <span class='ocrx_word' id='word_1_315' title='bbox 526 2046 683 2086; x_wconf 66' lang='lat' dir='ltr'>inteueeto,</span> <span class='ocrx_word' id='word_1_316' title='bbox 700 2057 731 2077; x_wconf 87' lang='lat' dir='ltr'>ea</span> <span class='ocrx_word' id='word_1_317' title='bbox 749 2058 811 2085; x_wconf 82' lang='lat' dir='ltr'>quae</span> <span class='ocrx_word' id='word_1_318' title='bbox 826 2049 1039 2079; x_wconf 84' lang='lat' dir='ltr'>continebantur</span> <span class='ocrx_word' id='word_1_319' title='bbox 1053 2049 1082 2078; x_wconf 91' lang='lat' dir='ltr'>in</span> <span class='ocrx_word' id='word_1_320' title='bbox 1097 2049 1135 2078; x_wconf 88' lang='lat' dir='ltr'>eis</span> <span class='ocrx_word' id='word_1_321' title='bbox 1140 2059 1188 2086; x_wconf 87' lang='lat' dir='ltr'>per</span> <span class='ocrx_word' id='word_1_322' title='bbox 1196 2058 1247 2078; x_wconf 91' lang='lat' dir='ltr'>nos</span> 
     </span>
     <span class='ocr_line' id='line_1_57' title="bbox 184 2083 994 2121; baseline 0.001 -6"><span class='ocrx_word' id='word_1_323' title='bbox 184 2085 217 2116; x_wconf 86' lang='lat'>&amp;</span> <span class='ocrx_word' id='word_1_324' title='bbox 231 2083 385 2115; x_wconf 77' lang='lat' dir='ltr'>Consilium</span> <span class='ocrx_word' id='word_1_325' title='bbox 400 2084 528 2115; x_wconf 88' lang='lat' dir='ltr'>nostrum</span> <span class='ocrx_word' id='word_1_326' title='bbox 543 2086 694 2115; x_wconf 77' lang='lat' dir='ltr'>examinari</span> <span class='ocrx_word' id='word_1_327' title='bbox 708 2085 828 2116; x_wconf 89' lang='lat' dir='ltr'>fecimus</span> <span class='ocrx_word' id='word_1_328' title='bbox 842 2086 994 2121; x_wconf 71' lang='lat' dir='ltr'>diligenter.</span> 
     </span>
    </p>

    <p class='ocr_par' dir='ltr' id='par_1_21' title="bbox 181 2123 1250 2308">
     <span class='ocr_line' id='line_1_58' title="bbox 223 2123 1250 2163; baseline 0.002 -10"><span class='ocrx_word' id='word_1_329' title='bbox 223 2123 329 2162; x_wconf 86' lang='lat' dir='ltr'>Unde,</span> <span class='ocrx_word' id='word_1_330' title='bbox 347 2123 409 2161; x_wconf 90' lang='lat' dir='ltr'>post</span> <span class='ocrx_word' id='word_1_331' title='bbox 423 2124 568 2154; x_wconf 61' lang='lat' dir='ltr'>transt-atum</span> <span class='ocrx_word' id='word_1_332' title='bbox 583 2123 659 2161; x_wconf 88' lang='lat' dir='ltr'>super</span> <span class='ocrx_word' id='word_1_333' title='bbox 672 2124 723 2153; x_wconf 90' lang='lat' dir='ltr'>hiis</span> <span class='ocrx_word' id='word_1_334' title='bbox 738 2124 863 2154; x_wconf 85' lang='lat' dir='ltr'>habitum</span> <span class='ocrx_word' id='word_1_335' title='bbox 879 2125 1022 2163; x_wconf 75' lang='lat' dir='ltr'>exquisite,</span> <span class='ocrx_word' id='word_1_336' title='bbox 1039 2124 1174 2155; x_wconf 85' lang='lat' dir='ltr'>&amp;eidem</span> <span class='ocrx_word' id='word_1_337' title='bbox 1183 2124 1250 2155; x_wconf 88' lang='lat' dir='ltr'>Cle-</span> 
     </span>
     <span class='ocr_line' id='line_1_59' title="bbox 186 2162 1250 2201; baseline 0.001 -9"><span class='ocrx_word' id='word_1_338' title='bbox 186 2162 261 2200; x_wconf 83' lang='lat' dir='ltr'>rico,</span> <span class='ocrx_word' id='word_1_339' title='bbox 280 2163 313 2192; x_wconf 87' lang='lat' dir='ltr'>ad</span> <span class='ocrx_word' id='word_1_340' title='bbox 327 2163 437 2200; x_wconf 83' lang='lat' dir='ltr'>plenam</span> <span class='ocrx_word' id='word_1_341' title='bbox 451 2162 677 2192; x_wconf 81' lang='lat' dir='ltr'>informationem</span> <span class='ocrx_word' id='word_1_342' title='bbox 691 2163 724 2193; x_wconf 89' lang='lat'>&amp;</span> <span class='ocrx_word' id='word_1_343' title='bbox 740 2162 951 2194; x_wconf 64' lang='lat' dir='ltr'>instruetioiiem</span> <span class='ocrx_word' id='word_1_344' title='bbox 968 2163 986 2182; x_wconf 40' lang='grc' dir='ltr'>ὴὲ</span> <span class='ocrx_word' id='word_1_345' title='bbox 1001 2173 1115 2201; x_wconf 91' lang='lat' dir='ltr'>eorum,</span> <span class='ocrx_word' id='word_1_346' title='bbox 1133 2174 1179 2201; x_wconf 89' lang='lat' dir='ltr'>per</span> <span class='ocrx_word' id='word_1_347' title='bbox 1186 2163 1250 2193; x_wconf 87' lang='lat' dir='ltr'>dic-</span> 
     </span>
     <span class='ocr_line' id='line_1_60' title="bbox 186 2200 1248 2239; baseline 0.002 -10"><span class='ocrx_word' id='word_1_348' title='bbox 186 2208 248 2230; x_wconf 89' lang='lat' dir='ltr'>tum</span> <span class='ocrx_word' id='word_1_349' title='bbox 264 2200 423 2231; x_wconf 77' lang='lat' dir='ltr'>Consilium</span> <span class='ocrx_word' id='word_1_350' title='bbox 436 2200 560 2231; x_wconf 87' lang='lat' dir='ltr'>nostrum</span> <span class='ocrx_word' id='word_1_351' title='bbox 576 2200 748 2239; x_wconf 87' lang='lat' dir='ltr'>expositum,</span> <span class='ocrx_word' id='word_1_352' title='bbox 765 2201 814 2231; x_wconf 79' lang='lat' dir='ltr'>sibi</span> <span class='ocrx_word' id='word_1_353' title='bbox 827 2209 933 2231; x_wconf 88' lang='lat' dir='ltr'>certum</span> <span class='ocrx_word' id='word_1_354' title='bbox 949 2201 1105 2239; x_wconf 86' lang='lat' dir='ltr'>responsum</span> <span class='ocrx_word' id='word_1_355' title='bbox 1119 2202 1248 2232; x_wconf 89' lang='lat' dir='ltr'>dedimus</span> 
     </span>
     <span class='ocr_line' id='line_1_61' title="bbox 184 2238 1248 2278; baseline 0.003 -10"><span class='ocrx_word' id='word_1_356' title='bbox 184 2239 214 2268; x_wconf 92' lang='lat' dir='ltr'>in</span> <span class='ocrx_word' id='word_1_357' title='bbox 233 2239 393 2278; x_wconf 76' lang='lat' dir='ltr'>praemiffiS,</span> <span class='ocrx_word' id='word_1_358' title='bbox 412 2239 487 2278; x_wconf 88' lang='lat' dir='ltr'>quod</span> <span class='ocrx_word' id='word_1_359' title='bbox 505 2238 689 2277; x_wconf 67' lang='lat' dir='ltr'>providentiae</span> <span class='ocrx_word' id='word_1_360' title='bbox 706 2239 803 2270; x_wconf 86' lang='lat' dir='ltr'>vestrae</span> <span class='ocrx_word' id='word_1_361' title='bbox 820 2239 898 2270; x_wconf 78' lang='lat' dir='ltr'>latius</span> <span class='ocrx_word' id='word_1_362' title='bbox 915 2249 1052 2278; x_wconf 81' lang='lat' dir='ltr'>exponere</span> <span class='ocrx_word' id='word_1_363' title='bbox 1071 2241 1170 2278; x_wconf 92' lang='lat' dir='ltr'>poterit</span> <span class='ocrx_word' id='word_1_364' title='bbox 1182 2239 1248 2271; x_wconf 64' lang='lat' dir='ltr'>viva</span> 
     </span>
     <span class='ocr_line' id='line_1_62' title="bbox 181 2287 263 2308; baseline 0 0"><span class='ocrx_word' id='word_1_365' title='bbox 181 2287 263 2308; x_wconf 87' lang='lat' dir='ltr'>voce.</span> 
     </span>
    </p>
   </div>
   <div class='ocr_carea' id='block_1_15' title="bbox 218 2352 686 2393">
    <p class='ocr_par' dir='ltr' id='par_1_22' title="bbox 218 2352 686 2393">
     <span class='ocr_line' id='line_1_63' title="bbox 218 2352 686 2393; baseline 0 -9"><span class='ocrx_word' id='word_1_366' title='bbox 218 2353 372 2385; x_wconf 88' lang='lat' dir='ltr'>Conservet</span> <span class='ocrx_word' id='word_1_367' title='bbox 389 2364 440 2385; x_wconf 90' lang='lat' dir='ltr'>vos</span> <span class='ocrx_word' id='word_1_368' title='bbox 452 2352 609 2393; x_wconf 85' lang='lat' dir='ltr'>altissimus,</span> <span class='ocrx_word' id='word_1_369' title='bbox 625 2354 686 2385; x_wconf 90' lang='lat' dir='ltr'>&amp;c.</span> 
     </span>
    </p>
   </div>
   <div class='ocr_carea' id='block_1_16' title="bbox 217 2429 731 2469">
    <p class='ocr_par' dir='ltr' id='par_1_23' title="bbox 217 2429 731 2469">
     <span class='ocr_line' id='line_1_64' title="bbox 217 2429 731 2469; baseline -0.002 -8"><span class='ocrx_word' id='word_1_370' title='bbox 217 2430 283 2461; x_wconf 88' lang='lat' dir='ltr'>Dat.</span> <span class='ocrx_word' id='word_1_371' title='bbox 302 2430 374 2468; x_wconf 87' lang='lat' dir='ltr'>apud</span> <span class='ocrx_word' id='word_1_372' title='bbox 392 2429 518 2460; x_wconf 88' lang='lat' dir='ltr'>Westm.</span> <span class='ocrx_word' id='word_1_373' title='bbox 536 2439 565 2469; x_wconf 86' lang='lat'>4.</span> <span class='ocrx_word' id='word_1_374' title='bbox 583 2430 630 2460; x_wconf 87' lang='lat' dir='ltr'>die</span> <span class='ocrx_word' id='word_1_375' title='bbox 644 2430 731 2469; x_wconf 85' lang='lat' dir='ltr'>Junii.</span> 
     </span>
    </p>
   </div>
   <div class='ocr_carea' id='block_1_17' title="bbox 1076 2507 1235 2516">
    <p class='ocr_par' dir='ltr' id='par_1_24' title="bbox 1076 2507 1235 2516">
     <span class='ocr_line' id='line_1_65' title="bbox 1076 2507 1235 2516; baseline 0 0"><span class='ocrx_word' id='word_1_376' title='bbox 1076 2507 1235 2516; x_wconf 95' lang='lat' dir='ltr'> </span> 
     </span>
    </p>
   </div>
   <div class='ocr_carea' id='block_1_18' title="bbox 220 2502 940 2516">
    <p class='ocr_par' dir='ltr' id='par_1_25' title="bbox 220 2502 940 2516">
     <span class='ocr_line' id='line_1_66' title="bbox 220 2502 940 2516; baseline 0 0"><span class='ocrx_word' id='word_1_377' title='bbox 220 2502 940 2516; x_wconf 95' lang='lat' dir='ltr'> </span> 
     </span>
    </p>
   </div>
   <div class='ocr_carea' id='block_1_19' title="bbox 182 2552 1243 2649">
    <p class='ocr_par' dir='ltr' id='par_1_26' title="bbox 182 2552 1243 2649">
     <span class='ocr_line' id='line_1_67' title="bbox 182 2552 1243 2601; baseline 0.002 -16"><span class='ocrx_word' id='word_1_378' title='bbox 182 2556 249 2588; x_wconf 83' lang='lat' dir='ltr'>Rex</span> <span class='ocrx_word' id='word_1_379' title='bbox 268 2553 431 2587; x_wconf 74' lang='lat' dir='ltr'>literatorie</span> <span class='ocrx_word' id='word_1_380' title='bbox 448 2552 595 2599; x_wconf 60' lang='lat' dir='ltr'>respondet</span> <span class='ocrx_word' id='word_1_381' title='bbox 604 2554 693 2599; x_wconf 66' lang='lat' dir='ltr'>saper</span> <span class='ocrx_word' id='word_1_382' title='bbox 710 2556 820 2601; x_wconf 77' lang='lat' dir='ltr'>negotio</span> <span class='ocrx_word' id='word_1_383' title='bbox 842 2555 998 2600; x_wconf 63' lang='lat' dir='ltr'>prataft‘o,</span> <span class='ocrx_word' id='word_1_384' title='bbox 1024 2558 1093 2587; x_wconf 77' lang='lat' dir='ltr'>viz..</span> <span class='ocrx_word' id='word_1_385' title='bbox 1119 2553 1154 2587; x_wconf 81' lang='lat' dir='ltr'>de</span> <span class='ocrx_word' id='word_1_386' title='bbox 1170 2566 1243 2601; x_wconf 83' lang='lat' dir='ltr'>prae-</span> 
     </span>
     <span class='ocr_line' id='line_1_68' title="bbox 487 2605 936 2649; baseline 0 -14"><span class='ocrx_word' id='word_1_387' title='bbox 487 2605 675 2635; x_wconf 82' lang='lat' dir='ltr'>varicatione</span> <span class='ocrx_word' id='word_1_388' title='bbox 691 2605 779 2649; x_wconf 80' lang='lat' dir='ltr'>Regis</span> <span class='ocrx_word' id='word_1_389' title='bbox 795 2605 936 2636; x_wconf 73' lang='lat' dir='ltr'>Francia.</span> 
     </span>
    </p>
   </div>
   <div class='ocr_carea' id='block_1_20' title="bbox 32 2699 163 2732">
    <p class='ocr_par' dir='ltr' id='par_1_27' title="bbox 32 2699 163 2732">
     <span class='ocr_line' id='line_1_69' title="bbox 32 2699 163 2732; baseline -0.015 0"><span class='ocrx_word' id='word_1_390' title='bbox 32 2700 108 2732; x_wconf 80' lang='lat' dir='ltr'>Ann.</span> <span class='ocrx_word' id='word_1_391' title='bbox 123 2699 163 2730; x_wconf 93' lang='lat' dir='ltr'>D.</span> 
     </span>
    </p>
   </div>
   <div class='ocr_carea' id='block_1_21' title="bbox 52 2686 1243 2778">
    <p class='ocr_par' dir='ltr' id='par_1_28' title="bbox 52 2686 1243 2778">
     <span class='ocr_line' id='line_1_70' title="bbox 110 2686 1243 2768; baseline 0.001 -50"><span class='ocrx_word' id='word_1_392' title='bbox 110 2739 127 2768; x_wconf 75' lang='lat'>6</span> <span class='ocrx_word' id='word_1_393' title='bbox 182 2686 392 2757; x_wconf 68' lang='lat' dir='ltr'>SAnCtiffimo</span> <span class='ocrx_word' id='word_1_394' title='bbox 405 2688 433 2718; x_wconf 88' lang='lat' dir='ltr'>in</span> <span class='ocrx_word' id='word_1_395' title='bbox 450 2686 564 2718; x_wconf 90' lang='lat' dir='ltr'>Christo</span> <span class='ocrx_word' id='word_1_396' title='bbox 581 2686 653 2718; x_wconf 88' lang='lat' dir='ltr'>Patri</span> <span class='ocrx_word' id='word_1_397' title='bbox 669 2686 804 2718; x_wconf 85' lang='lat' dir='ltr'>Domino</span> <span class='ocrx_word' id='word_1_398' title='bbox 826 2686 862 2718; x_wconf 92' lang='lat' dir='ltr'>C.</span> <span class='ocrx_word' id='word_1_399' title='bbox 880 2686 974 2718; x_wconf 66' lang='lat' dir='ltr'>divina</span> <span class='ocrx_word' id='word_1_400' title='bbox 993 2687 1187 2726; x_wconf 73' lang='lat' dir='ltr'>providentia,</span> <span class='ocrx_word' id='word_1_401' title='bbox 1203 2688 1243 2720; x_wconf 93' lang='lat' dir='ltr'>sa-</span> 
     </span>
     <span class='ocr_line' id='line_1_71' title="bbox 52 2748 136 2778; baseline -0.012 -9"><span class='ocrx_word' id='word_1_402' title='bbox 52 2748 108 2778; x_wconf 85' lang='lat'>130</span> <span class='ocrx_word' id='word_1_403' title='bbox 130 2762 136 2768; x_wconf 94' lang='lat'>.</span> 
     </span>
    </p>
   </div>
   <div class='ocr_carea' id='block_1_22' title="bbox 30 2725 1242 4107">
    <p class='ocr_par' dir='ltr' id='par_1_29' title="bbox 30 2725 1242 3409">
     <span class='ocr_line' id='line_1_72' title="bbox 238 2725 1242 2766; baseline 0.001 -10"><span class='ocrx_word' id='word_1_404' title='bbox 238 2726 389 2757; x_wconf 68' lang='lat' dir='ltr'>crosanetae</span> <span class='ocrx_word' id='word_1_405' title='bbox 407 2726 568 2764; x_wconf 81' lang='lat' dir='ltr'>Romanae,</span> <span class='ocrx_word' id='word_1_406' title='bbox 585 2736 617 2756; x_wconf 88' lang='lat' dir='ltr'>ac</span> <span class='ocrx_word' id='word_1_407' title='bbox 637 2725 809 2756; x_wconf 61' lang='lat' dir='ltr'>Univerfizlis</span> <span class='ocrx_word' id='word_1_408' title='bbox 824 2725 956 2757; x_wconf 83' lang='lat' dir='ltr'>Ecclesiae</span> <span class='ocrx_word' id='word_1_409' title='bbox 971 2725 1084 2756; x_wconf 90' lang='lat' dir='ltr'>summo</span> <span class='ocrx_word' id='word_1_410' title='bbox 1093 2726 1242 2766; x_wconf 84' lang='lat' dir='ltr'>Pontifici,</span> 
     </span>
     <span class='ocr_line' id='line_1_73' title="bbox 30 2764 1168 2814; baseline -0.001 -19"><span class='ocrx_word' id='word_1_411' title='bbox 30 2781 138 2814; x_wconf 46' lang='grc' dir='ltr'>ΛΜΗ,</span> <span class='ocrx_word' id='word_1_412' title='bbox 180 2764 331 2795; x_wconf 89' lang='lat' dir='ltr'>Edwardus</span> <span class='ocrx_word' id='word_1_413' title='bbox 345 2765 446 2795; x_wconf 66' lang='lat' dir='ltr'>eadem</span> <span class='ocrx_word' id='word_1_414' title='bbox 462 2764 567 2804; x_wconf 68' lang='lat' dir='ltr'>gratia,</span> <span class='ocrx_word' id='word_1_415' title='bbox 585 2766 646 2795; x_wconf 67' lang='grc' dir='ltr'>δίε.</span> <span class='ocrx_word' id='word_1_416' title='bbox 664 2764 766 2794; x_wconf 87' lang='lat' dir='ltr'>devota</span> <span class='ocrx_word' id='word_1_417' title='bbox 782 2764 888 2802; x_wconf 90' lang='lat' dir='ltr'>pedum</span> <span class='ocrx_word' id='word_1_418' title='bbox 906 2764 998 2795; x_wconf 90' lang='lat' dir='ltr'>oscula</span> <span class='ocrx_word' id='word_1_419' title='bbox 1015 2765 1168 2796; x_wconf 86' lang='lat' dir='ltr'>beatorum.</span> 
     </span>
     <span class='ocr_line' id='line_1_74' title="bbox 32 2802 1239 2843; baseline 0.002 -11"><span class='ocrx_word' id='word_1_420' title='bbox 32 2820 55 2843; x_wconf 78' lang='lat' dir='ltr'><em>E</em></span> <span class='ocrx_word' id='word_1_421' title='bbox 75 2826 98 2843; x_wconf 52' lang='grc' dir='ltr'>Ι,</span> <span class='ocrx_word' id='word_1_422' title='bbox 216 2803 371 2834; x_wconf 74' lang='lat' dir='ltr'>SanCtitatis</span> <span class='ocrx_word' id='word_1_423' title='bbox 389 2803 487 2835; x_wconf 83' lang='lat' dir='ltr'>vestrae</span> <span class='ocrx_word' id='word_1_424' title='bbox 503 2803 620 2841; x_wconf 78' lang='lat' dir='ltr'>litteras,</span> <span class='ocrx_word' id='word_1_425' title='bbox 637 2802 720 2832; x_wconf 86' lang='lat' dir='ltr'>nobis</span> <span class='ocrx_word' id='word_1_426' title='bbox 737 2812 771 2832; x_wconf 85' lang='lat' dir='ltr'>ex</span> <span class='ocrx_word' id='word_1_427' title='bbox 788 2811 863 2840; x_wconf 83' lang='lat' dir='ltr'>parte</span> <span class='ocrx_word' id='word_1_428' title='bbox 880 2802 987 2841; x_wconf 67' lang='lat' dir='ltr'>vestra,</span> <span class='ocrx_word' id='word_1_429' title='bbox 1005 2813 1052 2841; x_wconf 90' lang='lat' dir='ltr'>per</span> <span class='ocrx_word' id='word_1_430' title='bbox 1070 2803 1239 2840; x_wconf 81' lang='lat' dir='ltr'>Magistrum</span> 
     </span>
     <span class='ocr_line' id='line_1_75' title="bbox 31 2837 1241 2882; baseline 0.002 -11"><span class='ocrx_word' id='word_1_431' title='bbox 31 2837 85 2882; x_wconf 35' lang='lat' dir='ltr'>RQ,</span> <span class='ocrx_word' id='word_1_432' title='bbox 103 2853 144 2881; x_wconf 44' lang='lat' dir='ltr'>Cl-</span> <span class='ocrx_word' id='word_1_433' title='bbox 174 2841 332 2881; x_wconf 85' lang='lat' dir='ltr'>Johannem</span> <span class='ocrx_word' id='word_1_434' title='bbox 349 2842 384 2872; x_wconf 90' lang='lat' dir='ltr'>de</span> <span class='ocrx_word' id='word_1_435' title='bbox 408 2841 518 2872; x_wconf 84' lang='lat' dir='ltr'>Solariis</span> <span class='ocrx_word' id='word_1_436' title='bbox 540 2840 685 2872; x_wconf 90' lang='lat' dir='ltr'>Clericum</span> <span class='ocrx_word' id='word_1_437' title='bbox 700 2863 710 2878; x_wconf 89' lang='lat'>,</span> <span class='ocrx_word' id='word_1_438' title='bbox 734 2840 902 2879; x_wconf 82' lang='lat' dir='ltr'>praesentatas</span> <span class='ocrx_word' id='word_1_439' title='bbox 917 2864 927 2880; x_wconf 96' lang='lat'>,</span> <span class='ocrx_word' id='word_1_440' title='bbox 955 2849 1109 2872; x_wconf 87' lang='lat' dir='ltr'>reverenter</span> <span class='ocrx_word' id='word_1_441' title='bbox 1133 2845 1241 2880; x_wconf 88' lang='lat' dir='ltr'>recepi-</span> 
     </span>
     <span class='ocr_line' id='line_1_76' title="bbox 34 2879 1136 2928; baseline 0.001 -18"><span class='ocrx_word' id='word_1_442' title='bbox 34 2902 47 2928; x_wconf 83' lang='lat'><em>3</em></span> <span class='ocrx_word' id='word_1_443' title='bbox 52 2903 80 2928; x_wconf 59' lang='lat'>4,</span> <span class='ocrx_word' id='word_1_444' title='bbox 177 2890 256 2919; x_wconf 90' lang='lat' dir='ltr'>mus,</span> <span class='ocrx_word' id='word_1_445' title='bbox 274 2882 346 2910; x_wconf 90' lang='lat' dir='ltr'>inter</span> <span class='ocrx_word' id='word_1_446' title='bbox 360 2880 411 2911; x_wconf 87' lang='lat' dir='ltr'>alia</span> <span class='ocrx_word' id='word_1_447' title='bbox 427 2881 620 2918; x_wconf 87' lang='lat' dir='ltr'>continentes,</span> <span class='ocrx_word' id='word_1_448' title='bbox 635 2880 718 2911; x_wconf 87' lang='lat' dir='ltr'>vobis</span> <span class='ocrx_word' id='word_1_449' title='bbox 731 2879 850 2916; x_wconf 80' lang='lat' dir='ltr'>intelligi</span> <span class='ocrx_word' id='word_1_450' title='bbox 863 2879 959 2910; x_wconf 92' lang='lat' dir='ltr'>datum</span> <span class='ocrx_word' id='word_1_451' title='bbox 973 2879 1028 2910; x_wconf 75' lang='lat' dir='ltr'>esse</span> <span class='ocrx_word' id='word_1_452' title='bbox 1044 2880 1136 2919; x_wconf 89' lang='lat' dir='ltr'>quod,</span> 
     </span>
     <span class='ocr_line' id='line_1_77' title="bbox 31 2917 1241 2958; baseline 0.002 -10"><span class='ocrx_word' id='word_1_453' title='bbox 31 2934 61 2957; x_wconf 76' lang='lat' dir='ltr'>E.</span> <span class='ocrx_word' id='word_1_454' title='bbox 76 2940 98 2957; x_wconf 42' lang='lat'>¹·</span> <span class='ocrx_word' id='word_1_455' title='bbox 108 2941 144 2958; x_wconf 75' lang='lat' dir='ltr'>m.</span> <span class='ocrx_word' id='word_1_456' title='bbox 216 2918 369 2956; x_wconf 87' lang='lat' dir='ltr'>Postquam</span> <span class='ocrx_word' id='word_1_457' title='bbox 382 2918 492 2949; x_wconf 91' lang='lat' dir='ltr'>Nuncii</span> <span class='ocrx_word' id='word_1_458' title='bbox 500 2918 603 2957; x_wconf 87' lang='lat' dir='ltr'>nostri,</span> <span class='ocrx_word' id='word_1_459' title='bbox 621 2928 707 2956; x_wconf 88' lang='lat' dir='ltr'>nuper</span> <span class='ocrx_word' id='word_1_460' title='bbox 719 2917 791 2956; x_wconf 87' lang='lat' dir='ltr'>apud</span> <span class='ocrx_word' id='word_1_461' title='bbox 807 2918 940 2956; x_wconf 87' lang='lat' dir='ltr'>Lugdun.</span> <span class='ocrx_word' id='word_1_462' title='bbox 959 2917 985 2948; x_wconf 93' lang='lat' dir='ltr'>se</span> <span class='ocrx_word' id='word_1_463' title='bbox 999 2918 1092 2949; x_wconf 89' lang='lat' dir='ltr'>vestro</span> <span class='ocrx_word' id='word_1_464' title='bbox 1106 2918 1241 2957; x_wconf 87' lang='lat' dir='ltr'>conspec-</span> 
     </span>
     <span class='ocr_line' id='line_1_78' title="bbox 35 2955 1240 2997; baseline 0.002 -10"><span class='ocrx_word' id='word_1_465' title='bbox 35 2969 102 2997; x_wconf 67' lang='lat' dir='ltr'>12,d</span> <span class='ocrx_word' id='word_1_466' title='bbox 176 2958 216 2988; x_wconf 87' lang='lat' dir='ltr'>tui</span> <span class='ocrx_word' id='word_1_467' title='bbox 236 2957 446 2995; x_wconf 68' lang='lat' dir='ltr'>praesentarunt,</span> <span class='ocrx_word' id='word_1_468' title='bbox 463 2958 496 2987; x_wconf 89' lang='lat'>&amp;</span> <span class='ocrx_word' id='word_1_469' title='bbox 512 2968 559 2995; x_wconf 88' lang='lat' dir='ltr'>per</span> <span class='ocrx_word' id='word_1_470' title='bbox 575 2957 672 2988; x_wconf 87' lang='lat' dir='ltr'>vestrae</span> <span class='ocrx_word' id='word_1_471' title='bbox 687 2955 862 2987; x_wconf 76' lang='lat' dir='ltr'>paternitates</span> <span class='ocrx_word' id='word_1_472' title='bbox 881 2957 1105 2995; x_wconf 82' lang='lat' dir='ltr'>providentiam,</span> <span class='ocrx_word' id='word_1_473' title='bbox 1122 2965 1152 2988; x_wconf 89' lang='lat' dir='ltr'>ut</span> <span class='ocrx_word' id='word_1_474' title='bbox 1171 2958 1240 2996; x_wconf 71' lang='lat' dir='ltr'>qua-</span> 
     </span>
     <span class='ocr_line' id='line_1_79' title="bbox 103 2990 1236 3041; baseline 0.002 -16"><span class='ocrx_word' id='word_1_475' title='bbox 103 2990 110 2998; x_wconf 77' lang='grc'><em>’</em></span> <span class='ocrx_word' id='word_1_476' title='bbox 178 3004 242 3026; x_wconf 87' lang='lat' dir='ltr'>tuor</span> <span class='ocrx_word' id='word_1_477' title='bbox 257 2996 338 3033; x_wconf 89' lang='lat' dir='ltr'>probi</span> <span class='ocrx_word' id='word_1_478' title='bbox 353 2997 423 3041; x_wconf 71' lang='lat' dir='ltr'>viri,</span> <span class='ocrx_word' id='word_1_479' title='bbox 445 2995 530 3033; x_wconf 91' lang='lat' dir='ltr'>(duo,</span> <span class='ocrx_word' id='word_1_480' title='bbox 546 2995 691 3033; x_wconf 84' lang='lat' dir='ltr'>videlicet,</span> <span class='ocrx_word' id='word_1_481' title='bbox 709 3005 760 3033; x_wconf 94' lang='lat' dir='ltr'>pro</span> <span class='ocrx_word' id='word_1_482' title='bbox 777 3003 852 3032; x_wconf 71' lang='lat' dir='ltr'>parte</span> <span class='ocrx_word' id='word_1_483' title='bbox 869 2994 955 3032; x_wconf 80' lang='lat' dir='ltr'>Regis</span> <span class='ocrx_word' id='word_1_484' title='bbox 969 2995 1111 3034; x_wconf 78' lang='lat' dir='ltr'>Franciae,</span> <span class='ocrx_word' id='word_1_485' title='bbox 1127 2996 1160 3026; x_wconf 91' lang='lat'>&amp;</span> <span class='ocrx_word' id='word_1_486' title='bbox 1178 2996 1236 3027; x_wconf 91' lang='lat' dir='ltr'>duo</span> 
     </span>
     <span class='ocr_line' id='line_1_80' title="bbox 177 3033 1240 3073; baseline 0.001 -10"><span class='ocrx_word' id='word_1_487' title='bbox 177 3043 231 3073; x_wconf 88' lang='lat' dir='ltr'>pro</span> <span class='ocrx_word' id='word_1_488' title='bbox 246 3041 320 3071; x_wconf 81' lang='lat' dir='ltr'>parte</span> <span class='ocrx_word' id='word_1_489' title='bbox 334 3033 438 3070; x_wconf 88' lang='lat' dir='ltr'>nostra)</span> <span class='ocrx_word' id='word_1_490' title='bbox 460 3033 493 3064; x_wconf 87' lang='lat' dir='ltr'>ad</span> <span class='ocrx_word' id='word_1_491' title='bbox 508 3034 703 3072; x_wconf 88' lang='lat' dir='ltr'>inquirendum</span> <span class='ocrx_word' id='word_1_492' title='bbox 723 3034 758 3064; x_wconf 89' lang='lat' dir='ltr'>de</span> <span class='ocrx_word' id='word_1_493' title='bbox 776 3033 903 3071; x_wconf 85' lang='lat' dir='ltr'>dampnis</span> <span class='ocrx_word' id='word_1_494' title='bbox 920 3034 953 3064; x_wconf 93' lang='lat'>&amp;</span> <span class='ocrx_word' id='word_1_495' title='bbox 970 3035 1091 3073; x_wconf 90' lang='lat' dir='ltr'>injuriis,</span> <span class='ocrx_word' id='word_1_496' title='bbox 1108 3033 1170 3072; x_wconf 86' lang='lat' dir='ltr'>post</span> <span class='ocrx_word' id='word_1_497' title='bbox 1191 3045 1240 3073; x_wconf 90' lang='lat' dir='ltr'>pa-</span> 
     </span>
     <span class='ocr_line' id='line_1_81' title="bbox 177 3071 1238 3113; baseline 0.001 -11"><span class='ocrx_word' id='word_1_498' title='bbox 177 3073 218 3102; x_wconf 91' lang='lat' dir='ltr'>cis</span> <span class='ocrx_word' id='word_1_499' title='bbox 233 3072 477 3110; x_wconf 85' lang='lat' dir='ltr'>reformationem,</span> <span class='ocrx_word' id='word_1_500' title='bbox 494 3072 538 3102; x_wconf 90' lang='lat' dir='ltr'>seu</span> <span class='ocrx_word' id='word_1_501' title='bbox 552 3072 649 3110; x_wconf 70' lang='lat' dir='ltr'>treuga</span> <span class='ocrx_word' id='word_1_502' title='bbox 663 3073 778 3103; x_wconf 84' lang='lat' dir='ltr'>durante</span> <span class='ocrx_word' id='word_1_503' title='bbox 791 3073 859 3102; x_wconf 90' lang='lat' dir='ltr'>inter</span> <span class='ocrx_word' id='word_1_504' title='bbox 868 3071 976 3103; x_wconf 62' lang='lat' dir='ltr'>dietum</span> <span class='ocrx_word' id='word_1_505' title='bbox 992 3073 1106 3110; x_wconf 85' lang='lat' dir='ltr'>Regem</span> <span class='ocrx_word' id='word_1_506' title='bbox 1121 3074 1153 3102; x_wconf 82' lang='lat'>&amp;</span> <span class='ocrx_word' id='word_1_507' title='bbox 1168 3083 1238 3113; x_wconf 90' lang='lat' dir='ltr'>nos,</span> 
     </span>
     <span class='ocr_line' id='line_1_82' title="bbox 176 3109 1238 3149; baseline 0.001 -8"><span class='ocrx_word' id='word_1_508' title='bbox 176 3110 254 3142; x_wconf 88' lang='lat' dir='ltr'>illatis</span> <span class='ocrx_word' id='word_1_509' title='bbox 268 3111 335 3140; x_wconf 91' lang='lat' dir='ltr'>hinc</span> <span class='ocrx_word' id='word_1_510' title='bbox 348 3110 413 3140; x_wconf 87' lang='lat' dir='ltr'>inde</span> <span class='ocrx_word' id='word_1_511' title='bbox 428 3133 437 3148; x_wconf 88' lang='lat'>‚</span> <span class='ocrx_word' id='word_1_512' title='bbox 461 3111 493 3140; x_wconf 67' lang='grc' dir='ltr'>ὃς</span> <span class='ocrx_word' id='word_1_513' title='bbox 507 3109 541 3140; x_wconf 86' lang='lat' dir='ltr'>ad</span> <span class='ocrx_word' id='word_1_514' title='bbox 555 3110 716 3141; x_wconf 88' lang='lat' dir='ltr'>faciendum</span> <span class='ocrx_word' id='word_1_515' title='bbox 740 3109 817 3149; x_wconf 83' lang='lat' dir='ltr'>paffis</span> <span class='ocrx_word' id='word_1_516' title='bbox 838 3110 960 3148; x_wconf 87' lang='lat' dir='ltr'>dampna</span> <span class='ocrx_word' id='word_1_517' title='bbox 976 3112 1010 3142; x_wconf 91' lang='lat'>&amp;</span> <span class='ocrx_word' id='word_1_518' title='bbox 1033 3111 1142 3149; x_wconf 88' lang='lat' dir='ltr'>injurias</span> <span class='ocrx_word' id='word_1_519' title='bbox 1165 3111 1238 3142; x_wconf 89' lang='lat' dir='ltr'>satis-</span> 
     </span>
     <span class='ocr_line' id='line_1_83' title="bbox 179 3149 1240 3188; baseline 0 -8"><span class='ocrx_word' id='word_1_520' title='bbox 179 3149 335 3180; x_wconf 64' lang='lat' dir='ltr'>fanstionem</span> <span class='ocrx_word' id='word_1_521' title='bbox 348 3158 504 3186; x_wconf 85' lang='lat' dir='ltr'>congruam</span> <span class='ocrx_word' id='word_1_522' title='bbox 519 3149 658 3187; x_wconf 85' lang='lat' dir='ltr'>exhiberi,</span> <span class='ocrx_word' id='word_1_523' title='bbox 671 3149 747 3187; x_wconf 83' lang='lat' dir='ltr'>juxta</span> <span class='ocrx_word' id='word_1_524' title='bbox 760 3150 869 3187; x_wconf 83' lang='lat' dir='ltr'>negotii</span> <span class='ocrx_word' id='word_1_525' title='bbox 884 3149 1055 3188; x_wconf 85' lang='lat' dir='ltr'>qualitatem,</span> <span class='ocrx_word' id='word_1_526' title='bbox 1073 3149 1240 3186; x_wconf 85' lang='lat' dir='ltr'>affignaren-</span> 
     </span>
     <span class='ocr_line' id='line_1_84' title="bbox 176 3186 815 3226; baseline -0.002 -7"><span class='ocrx_word' id='word_1_527' title='bbox 176 3195 219 3219; x_wconf 89' lang='lat' dir='ltr'>tur</span> <span class='ocrx_word' id='word_1_528' title='bbox 252 3187 296 3218; x_wconf 89' lang='lat' dir='ltr'>seu</span> <span class='ocrx_word' id='word_1_529' title='bbox 311 3186 521 3226; x_wconf 84' lang='lat' dir='ltr'>deputarentur,</span> <span class='ocrx_word' id='word_1_530' title='bbox 537 3187 627 3217; x_wconf 83' lang='lat' dir='ltr'>extitit</span> <span class='ocrx_word' id='word_1_531' title='bbox 639 3187 796 3218; x_wconf 89' lang='lat' dir='ltr'>ordinatum</span> <span class='ocrx_word' id='word_1_532' title='bbox 805 3211 815 3226; x_wconf 94' lang='lat'>,</span> 
     </span>
     <span class='ocr_line' id='line_1_85' title="bbox 215 3210 1235 3264; baseline 0 -8"><span class='ocrx_word' id='word_1_533' title='bbox 215 3210 297 3257; x_wconf 60' lang='lat' dir='ltr'>Rlura</span> <span class='ocrx_word' id='word_1_534' title='bbox 319 3226 396 3256; x_wconf 88' lang='lat' dir='ltr'>bona</span> <span class='ocrx_word' id='word_1_535' title='bbox 409 3226 442 3257; x_wconf 89' lang='lat'>&amp;</span> <span class='ocrx_word' id='word_1_536' title='bbox 459 3225 642 3255; x_wconf 89' lang='lat' dir='ltr'>mercimonia</span> <span class='ocrx_word' id='word_1_537' title='bbox 656 3224 772 3257; x_wconf 87' lang='lat' dir='ltr'>Civium</span> <span class='ocrx_word' id='word_1_538' title='bbox 789 3225 1036 3264; x_wconf 83' lang='lat' dir='ltr'>Ambianenfium,</span> <span class='ocrx_word' id='word_1_539' title='bbox 1055 3234 1235 3257; x_wconf 82' lang='lat' dir='ltr'>caeterorum-</span> 
     </span>
     <span class='ocr_line' id='line_1_86' title="bbox 199 3262 1237 3302; baseline 0.002 -8"><span class='ocrx_word' id='word_1_540' title='bbox 199 3274 233 3294; x_wconf 91' lang='lat' dir='ltr'>ue</span> <span class='ocrx_word' id='word_1_541' title='bbox 247 3264 442 3295; x_wconf 83' lang='lat' dir='ltr'>Mercatorum</span> <span class='ocrx_word' id='word_1_542' title='bbox 457 3262 574 3294; x_wconf 83' lang='lat' dir='ltr'>Corbiae</span> <span class='ocrx_word' id='word_1_543' title='bbox 584 3287 592 3302; x_wconf 92' lang='lat'>,</span> <span class='ocrx_word' id='word_1_544' title='bbox 611 3264 643 3294; x_wconf 91' lang='lat'>&amp;</span> <span class='ocrx_word' id='word_1_545' title='bbox 658 3263 777 3295; x_wconf 85' lang='lat' dir='ltr'>aliorum</span> <span class='ocrx_word' id='word_1_546' title='bbox 789 3265 916 3296; x_wconf 90' lang='lat' dir='ltr'>locorum</span> <span class='ocrx_word' id='word_1_547' title='bbox 933 3265 967 3295; x_wconf 92' lang='lat' dir='ltr'>de</span> <span class='ocrx_word' id='word_1_548' title='bbox 983 3264 1090 3301; x_wconf 87' lang='lat' dir='ltr'>Regno</span> <span class='ocrx_word' id='word_1_549' title='bbox 1106 3264 1140 3295; x_wconf 85' lang='lat'>&amp;</span> <span class='ocrx_word' id='word_1_550' title='bbox 1156 3274 1237 3302; x_wconf 89' lang='lat' dir='ltr'>pote-</span> 
     </span>
     <span class='ocr_line' id='line_1_87' title="bbox 204 3301 1235 3342; baseline 0.001 -10"><span class='ocrx_word' id='word_1_551' title='bbox 204 3311 246 3332; x_wconf 88' lang='lat' dir='ltr'>ate</span> <span class='ocrx_word' id='word_1_552' title='bbox 261 3302 332 3333; x_wconf 69' lang='lat' dir='ltr'>dieti</span> <span class='ocrx_word' id='word_1_553' title='bbox 344 3302 449 3340; x_wconf 83' lang='lat' dir='ltr'>Regis,</span> <span class='ocrx_word' id='word_1_554' title='bbox 466 3302 637 3332; x_wconf 88' lang='lat' dir='ltr'>ordinatione</span> <span class='ocrx_word' id='word_1_555' title='bbox 658 3301 792 3342; x_wconf 66' lang='lat' dir='ltr'>praedieta</span> <span class='ocrx_word' id='word_1_556' title='bbox 812 3313 870 3333; x_wconf 90' lang='lat' dir='ltr'>non</span> <span class='ocrx_word' id='word_1_557' title='bbox 892 3303 1018 3333; x_wconf 88' lang='lat' dir='ltr'>obstante</span> <span class='ocrx_word' id='word_1_558' title='bbox 1033 3325 1042 3340; x_wconf 89' lang='lat'>,</span> <span class='ocrx_word' id='word_1_559' title='bbox 1059 3302 1183 3333; x_wconf 83' lang='lat' dir='ltr'>arrestata</span> <span class='ocrx_word' id='word_1_560' title='bbox 1202 3305 1235 3334; x_wconf 88' lang='lat'>&amp;</span> 
     </span>
     <span class='ocr_line' id='line_1_88' title="bbox 175 3339 1238 3409; baseline 0.002 -39"><span class='ocrx_word' id='word_1_561' title='bbox 175 3339 259 3409; x_wconf 61' lang='lat' dir='ltr'>feifita</span> <span class='ocrx_word' id='word_1_562' title='bbox 273 3363 283 3379; x_wconf 92' lang='lat'>,</span> <span class='ocrx_word' id='word_1_563' title='bbox 308 3350 340 3371; x_wconf 90' lang='lat' dir='ltr'>ac</span> <span class='ocrx_word' id='word_1_564' title='bbox 356 3341 417 3378; x_wconf 88' lang='lat' dir='ltr'>ipsis</span> <span class='ocrx_word' id='word_1_565' title='bbox 429 3350 477 3380; x_wconf 89' lang='lat' dir='ltr'>per</span> <span class='ocrx_word' id='word_1_566' title='bbox 489 3348 584 3378; x_wconf 88' lang='lat' dir='ltr'>gentes</span> <span class='ocrx_word' id='word_1_567' title='bbox 598 3339 702 3370; x_wconf 80' lang='lat' dir='ltr'>nostras</span> <span class='ocrx_word' id='word_1_568' title='bbox 718 3341 768 3371; x_wconf 86' lang='lat' dir='ltr'>alia</span> <span class='ocrx_word' id='word_1_569' title='bbox 784 3340 904 3379; x_wconf 86' lang='lat' dir='ltr'>dampna</span> <span class='ocrx_word' id='word_1_570' title='bbox 921 3351 979 3372; x_wconf 90' lang='lat' dir='ltr'>non</span> <span class='ocrx_word' id='word_1_571' title='bbox 999 3341 1113 3371; x_wconf 90' lang='lat' dir='ltr'>modica</span> <span class='ocrx_word' id='word_1_572' title='bbox 1130 3341 1189 3372; x_wconf 86' lang='lat' dir='ltr'>sunt</span> <span class='ocrx_word' id='word_1_573' title='bbox 1205 3342 1238 3372; x_wconf 91' lang='lat' dir='ltr'>il-</span> 
     </span>
     <span class='ocr_line' id='line_1_89' title="bbox 186 3386 237 3409; baseline 0 0"><span class='ocrx_word' id='word_1_574' title='bbox 186 3386 237 3409; x_wconf 87' lang='lat' dir='ltr'>ata.</span> 
     </span>
    </p>

    <p class='ocr_par' dir='ltr' id='par_1_30' title="bbox 179 3415 1237 3494">
     <span class='ocr_line' id='line_1_90' title="bbox 211 3415 1237 3456; baseline 0.002 -10"><span class='ocrx_word' id='word_1_575' title='bbox 211 3417 299 3454; x_wconf 87' lang='lat' dir='ltr'>Super</span> <span class='ocrx_word' id='word_1_576' title='bbox 314 3417 413 3455; x_wconf 91' lang='lat' dir='ltr'>quibus</span> <span class='ocrx_word' id='word_1_577' title='bbox 424 3418 520 3455; x_wconf 86' lang='lat' dir='ltr'>vobis,</span> <span class='ocrx_word' id='word_1_578' title='bbox 537 3416 616 3446; x_wconf 89' lang='lat' dir='ltr'>Pater</span> <span class='ocrx_word' id='word_1_579' title='bbox 629 3415 736 3454; x_wconf 68' lang='lat' dir='ltr'>san&amp;e‚</span> <span class='ocrx_word' id='word_1_580' title='bbox 749 3417 876 3448; x_wconf 89' lang='lat' dir='ltr'>volumus</span> <span class='ocrx_word' id='word_1_581' title='bbox 889 3416 945 3448; x_wconf 86' lang='lat' dir='ltr'>effe</span> <span class='ocrx_word' id='word_1_582' title='bbox 953 3425 1050 3448; x_wconf 90' lang='lat' dir='ltr'>notum</span> <span class='ocrx_word' id='word_1_583' title='bbox 1058 3440 1068 3456; x_wconf 87' lang='lat'>,</span> <span class='ocrx_word' id='word_1_584' title='bbox 1085 3417 1158 3455; x_wconf 86' lang='lat' dir='ltr'>quod</span> <span class='ocrx_word' id='word_1_585' title='bbox 1173 3418 1237 3456; x_wconf 83' lang='lat' dir='ltr'>sug-</span> 
     </span>
     <span class='ocr_line' id='line_1_91' title="bbox 179 3455 889 3494; baseline 0.001 -9"><span class='ocrx_word' id='word_1_586' title='bbox 179 3455 271 3494; x_wconf 81' lang='lat' dir='ltr'>gestio</span> <span class='ocrx_word' id='word_1_587' title='bbox 287 3455 330 3485; x_wconf 90' lang='lat' dir='ltr'>illa</span> <span class='ocrx_word' id='word_1_588' title='bbox 345 3455 448 3485; x_wconf 90' lang='lat' dir='ltr'>nullam</span> <span class='ocrx_word' id='word_1_589' title='bbox 464 3456 582 3485; x_wconf 86' lang='lat' dir='ltr'>omnino</span> <span class='ocrx_word' id='word_1_590' title='bbox 596 3456 722 3485; x_wconf 90' lang='lat' dir='ltr'>continet</span> <span class='ocrx_word' id='word_1_591' title='bbox 737 3457 889 3486; x_wconf 89' lang='lat' dir='ltr'>veritatem.</span> 
     </span>
    </p>

    <p class='ocr_par' dir='ltr' id='par_1_31' title="bbox 170 3492 1235 3764">
     <span class='ocr_line' id='line_1_92' title="bbox 212 3492 1235 3533; baseline 0.002 -9"><span class='ocrx_word' id='word_1_592' title='bbox 212 3493 292 3524; x_wconf 87' lang='lat' dir='ltr'>Nam</span> <span class='ocrx_word' id='word_1_593' title='bbox 313 3493 460 3533; x_wconf 88' lang='lat' dir='ltr'>postquam</span> <span class='ocrx_word' id='word_1_594' title='bbox 477 3493 588 3523; x_wconf 93' lang='lat' dir='ltr'>Nuncii</span> <span class='ocrx_word' id='word_1_595' title='bbox 603 3492 689 3523; x_wconf 90' lang='lat' dir='ltr'>nostri</span> <span class='ocrx_word' id='word_1_596' title='bbox 707 3493 833 3530; x_wconf 68' lang='lat' dir='ltr'>praediffl</span> <span class='ocrx_word' id='word_1_597' title='bbox 850 3505 865 3524; x_wconf 91' lang='lat' dir='ltr'>a</span> <span class='ocrx_word' id='word_1_598' title='bbox 882 3494 962 3524; x_wconf 91' lang='lat' dir='ltr'>nobis</span> <span class='ocrx_word' id='word_1_599' title='bbox 986 3492 1166 3532; x_wconf 80' lang='lat' dir='ltr'>recesserunt,</span> <span class='ocrx_word' id='word_1_600' title='bbox 1185 3496 1235 3526; x_wconf 88' lang='lat' dir='ltr'>iter</span> 
     </span>
     <span class='ocr_line' id='line_1_93' title="bbox 173 3531 1235 3571; baseline 0.002 -9"><span class='ocrx_word' id='word_1_601' title='bbox 173 3531 329 3570; x_wconf 86' lang='lat' dir='ltr'>arripiendo</span> <span class='ocrx_word' id='word_1_602' title='bbox 343 3532 377 3562; x_wconf 91' lang='lat' dir='ltr'>ad</span> <span class='ocrx_word' id='word_1_603' title='bbox 392 3531 509 3562; x_wconf 89' lang='lat' dir='ltr'>vestram</span> <span class='ocrx_word' id='word_1_604' title='bbox 526 3531 696 3568; x_wconf 84' lang='lat' dir='ltr'>praesentiam</span> <span class='ocrx_word' id='word_1_605' title='bbox 711 3531 952 3571; x_wconf 87' lang='lat' dir='ltr'>accedendi,infra</span> <span class='ocrx_word' id='word_1_606' title='bbox 963 3531 1102 3569; x_wconf 70' lang='lat' dir='ltr'>Regnum</span> <span class='ocrx_word' id='word_1_607' title='bbox 1111 3533 1235 3564; x_wconf 90' lang='lat' dir='ltr'>nostrum</span> 
     </span>
     <span class='ocr_line' id='line_1_94' title="bbox 171 3568 1235 3611; baseline 0 -9"><span class='ocrx_word' id='word_1_608' title='bbox 171 3571 251 3608; x_wconf 81' lang='lat' dir='ltr'>super</span> <span class='ocrx_word' id='word_1_609' title='bbox 263 3578 356 3609; x_wconf 88' lang='lat' dir='ltr'>gentes</span> <span class='ocrx_word' id='word_1_610' title='bbox 380 3569 450 3600; x_wconf 65' lang='lat' dir='ltr'>dieti</span> <span class='ocrx_word' id='word_1_611' title='bbox 472 3568 561 3607; x_wconf 88' lang='lat' dir='ltr'>Regis</span> <span class='ocrx_word' id='word_1_612' title='bbox 577 3569 651 3600; x_wconf 88' lang='lat' dir='ltr'>nulla</span> <span class='ocrx_word' id='word_1_613' title='bbox 673 3570 828 3608; x_wconf 84' lang='lat' dir='ltr'>hujusmodi</span> <span class='ocrx_word' id='word_1_614' title='bbox 849 3570 988 3601; x_wconf 81' lang='lat' dir='ltr'>attestatio</span> <span class='ocrx_word' id='word_1_615' title='bbox 1007 3571 1080 3601; x_wconf 64' lang='lat' dir='ltr'>faeta</span> <span class='ocrx_word' id='word_1_616' title='bbox 1095 3571 1164 3610; x_wconf 80' lang='lat' dir='ltr'>fuit,</span> <span class='ocrx_word' id='word_1_617' title='bbox 1180 3572 1235 3611; x_wconf 88' lang='lat' dir='ltr'>set,</span> 
     </span>
     <span class='ocr_line' id='line_1_95' title="bbox 174 3607 1234 3647; baseline 0.002 -8"><span class='ocrx_word' id='word_1_618' title='bbox 174 3619 280 3647; x_wconf 82' lang='lat' dir='ltr'>magno</span> <span class='ocrx_word' id='word_1_619' title='bbox 292 3617 418 3646; x_wconf 91' lang='lat' dir='ltr'>tempore</span> <span class='ocrx_word' id='word_1_620' title='bbox 433 3607 523 3646; x_wconf 89' lang='lat' dir='ltr'>elapso</span> <span class='ocrx_word' id='word_1_621' title='bbox 537 3631 548 3647; x_wconf 90' lang='lat'>,</span> <span class='ocrx_word' id='word_1_622' title='bbox 566 3618 633 3639; x_wconf 89' lang='lat' dir='ltr'>curn</span> <span class='ocrx_word' id='word_1_623' title='bbox 642 3608 755 3647; x_wconf 90' lang='lat' dir='ltr'>quidam</span> <span class='ocrx_word' id='word_1_624' title='bbox 769 3608 914 3639; x_wconf 88' lang='lat' dir='ltr'>Mercator</span> <span class='ocrx_word' id='word_1_625' title='bbox 922 3608 1013 3639; x_wconf 91' lang='lat' dir='ltr'>noster</span> <span class='ocrx_word' id='word_1_626' title='bbox 1029 3620 1133 3647; x_wconf 85' lang='lat' dir='ltr'>pannos</span> <span class='ocrx_word' id='word_1_627' title='bbox 1145 3610 1234 3641; x_wconf 79' lang='lat' dir='ltr'>&amp;alia</span> 
     </span>
     <span class='ocr_line' id='line_1_96' title="bbox 173 3646 1233 3686; baseline 0 -8"><span class='ocrx_word' id='word_1_628' title='bbox 173 3649 265 3686; x_wconf 85' lang='lat' dir='ltr'>bona,</span> <span class='ocrx_word' id='word_1_629' title='bbox 282 3658 344 3685; x_wconf 85' lang='lat' dir='ltr'>quae</span> <span class='ocrx_word' id='word_1_630' title='bbox 365 3647 398 3677; x_wconf 89' lang='lat' dir='ltr'>ad</span> <span class='ocrx_word' id='word_1_631' title='bbox 422 3656 492 3684; x_wconf 92' lang='lat' dir='ltr'>opus</span> <span class='ocrx_word' id='word_1_632' title='bbox 513 3646 637 3677; x_wconf 87' lang='lat' dir='ltr'>nostrum</span> <span class='ocrx_word' id='word_1_633' title='bbox 657 3655 760 3676; x_wconf 88' lang='lat' dir='ltr'>emerat</span> <span class='ocrx_word' id='word_1_634' title='bbox 774 3648 803 3677; x_wconf 91' lang='lat' dir='ltr'>in</span> <span class='ocrx_word' id='word_1_635' title='bbox 818 3646 978 3684; x_wconf 75' lang='lat' dir='ltr'>Brabantia,</span> <span class='ocrx_word' id='word_1_636' title='bbox 996 3648 1084 3678; x_wconf 85' lang='lat' dir='ltr'>versus</span> <span class='ocrx_word' id='word_1_637' title='bbox 1100 3648 1233 3685; x_wconf 80' lang='lat' dir='ltr'>Angliam</span> 
     </span>
     <span class='ocr_line' id='line_1_97' title="bbox 171 3684 1233 3727; baseline 0 -10"><span class='ocrx_word' id='word_1_638' title='bbox 171 3696 222 3727; x_wconf 88' lang='lat' dir='ltr'>per</span> <span class='ocrx_word' id='word_1_639' title='bbox 238 3686 401 3725; x_wconf 87' lang='lat' dir='ltr'>potestatem</span> <span class='ocrx_word' id='word_1_640' title='bbox 416 3686 528 3716; x_wconf 89' lang='lat' dir='ltr'>duceret</span> <span class='ocrx_word' id='word_1_641' title='bbox 542 3685 611 3715; x_wconf 68' lang='lat' dir='ltr'>dieti</span> <span class='ocrx_word' id='word_1_642' title='bbox 620 3684 723 3723; x_wconf 78' lang='lat' dir='ltr'>Regis,</span> <span class='ocrx_word' id='word_1_643' title='bbox 741 3684 817 3715; x_wconf 90' lang='lat' dir='ltr'>idern</span> <span class='ocrx_word' id='word_1_644' title='bbox 833 3685 894 3715; x_wconf 88' lang='lat' dir='ltr'>Rex</span> <span class='ocrx_word' id='word_1_645' title='bbox 908 3695 1012 3723; x_wconf 88' lang='lat' dir='ltr'>pannos</span> <span class='ocrx_word' id='word_1_646' title='bbox 1024 3687 1057 3717; x_wconf 86' lang='lat'>&amp;</span> <span class='ocrx_word' id='word_1_647' title='bbox 1075 3686 1148 3716; x_wconf 87' lang='lat' dir='ltr'>bona</span> <span class='ocrx_word' id='word_1_648' title='bbox 1162 3697 1233 3724; x_wconf 74' lang='lat' dir='ltr'>prae-</span> 
     </span>
     <span class='ocr_line' id='line_1_98' title="bbox 170 3723 1073 3764; baseline -0.004 -8"><span class='ocrx_word' id='word_1_649' title='bbox 170 3726 247 3757; x_wconf 64' lang='lat' dir='ltr'>dieta</span> <span class='ocrx_word' id='word_1_650' title='bbox 257 3749 266 3764; x_wconf 93' lang='lat'>,</span> <span class='ocrx_word' id='word_1_651' title='bbox 283 3724 405 3762; x_wconf 89' lang='lat' dir='ltr'>arestari,</span> <span class='ocrx_word' id='word_1_652' title='bbox 421 3724 455 3754; x_wconf 94' lang='lat'>&amp;</span> <span class='ocrx_word' id='word_1_653' title='bbox 470 3723 504 3753; x_wconf 91' lang='lat' dir='ltr'>ad</span> <span class='ocrx_word' id='word_1_654' title='bbox 520 3733 588 3764; x_wconf 89' lang='lat' dir='ltr'>opus</span> <span class='ocrx_word' id='word_1_655' title='bbox 600 3723 677 3753; x_wconf 90' lang='lat' dir='ltr'>suum</span> <span class='ocrx_word' id='word_1_656' title='bbox 693 3733 754 3761; x_wconf 84' lang='lat' dir='ltr'>capi</span> <span class='ocrx_word' id='word_1_657' title='bbox 772 3733 822 3761; x_wconf 89' lang='lat' dir='ltr'>pro</span> <span class='ocrx_word' id='word_1_658' title='bbox 837 3723 916 3753; x_wconf 90' lang='lat' dir='ltr'>libito</span> <span class='ocrx_word' id='word_1_659' title='bbox 928 3723 976 3754; x_wconf 92' lang='lat' dir='ltr'>suo</span> <span class='ocrx_word' id='word_1_660' title='bbox 991 3724 1073 3755; x_wconf 87' lang='lat' dir='ltr'>fecit:</span> 
     </span>
    </p>

    <p class='ocr_par' dir='ltr' id='par_1_32' title="bbox 170 3760 1232 4033">
     <span class='ocr_line' id='line_1_99' title="bbox 208 3760 1232 3801; baseline 0 -7"><span class='ocrx_word' id='word_1_661' title='bbox 208 3763 244 3794; x_wconf 90' lang='lat' dir='ltr'>Et</span> <span class='ocrx_word' id='word_1_662' title='bbox 265 3763 377 3794; x_wconf 81' lang='lat' dir='ltr'>tandem</span> <span class='ocrx_word' id='word_1_663' title='bbox 392 3785 402 3800; x_wconf 93' lang='lat'>,</span> <span class='ocrx_word' id='word_1_664' title='bbox 428 3761 490 3801; x_wconf 88' lang='lat' dir='ltr'>post</span> <span class='ocrx_word' id='word_1_665' title='bbox 514 3771 607 3800; x_wconf 80' lang='lat' dir='ltr'>preces</span> <span class='ocrx_word' id='word_1_666' title='bbox 630 3760 750 3799; x_wconf 83' lang='lat' dir='ltr'>nostras,</span> <span class='ocrx_word' id='word_1_667' title='bbox 769 3771 820 3798; x_wconf 92' lang='lat' dir='ltr'>pro</span> <span class='ocrx_word' id='word_1_668' title='bbox 839 3761 1007 3792; x_wconf 87' lang='lat' dir='ltr'>restitutione</span> <span class='ocrx_word' id='word_1_669' title='bbox 1028 3772 1181 3800; x_wconf 84' lang='lat' dir='ltr'>pannorum</span> <span class='ocrx_word' id='word_1_670' title='bbox 1199 3764 1232 3794; x_wconf 74' lang='grc' dir='ltr'>δε</span> 
     </span>
     <span class='ocr_line' id='line_1_100' title="bbox 170 3799 1232 3840; baseline 0.001 -9"><span class='ocrx_word' id='word_1_671' title='bbox 170 3800 312 3832; x_wconf 87' lang='lat' dir='ltr'>bonorum</span> <span class='ocrx_word' id='word_1_672' title='bbox 327 3801 524 3840; x_wconf 60' lang='lat' dir='ltr'>praedistorum</span> <span class='ocrx_word' id='word_1_673' title='bbox 542 3800 639 3838; x_wconf 86' lang='lat' dir='ltr'>pluries</span> <span class='ocrx_word' id='word_1_674' title='bbox 658 3800 705 3830; x_wconf 87' lang='lat' dir='ltr'>sibi</span> <span class='ocrx_word' id='word_1_675' title='bbox 723 3799 840 3829; x_wconf 63' lang='lat' dir='ltr'>direetas</span> <span class='ocrx_word' id='word_1_676' title='bbox 851 3822 861 3838; x_wconf 91' lang='lat'>,</span> <span class='ocrx_word' id='word_1_677' title='bbox 877 3809 910 3830; x_wconf 87' lang='lat' dir='ltr'>ac</span> <span class='ocrx_word' id='word_1_678' title='bbox 930 3800 1045 3837; x_wconf 87' lang='lat' dir='ltr'>longam</span> <span class='ocrx_word' id='word_1_679' title='bbox 1062 3800 1180 3839; x_wconf 59' lang='lat' dir='ltr'>feritam,</span> <span class='ocrx_word' id='word_1_680' title='bbox 1199 3803 1232 3832; x_wconf 88' lang='lat'>&amp;</span> 
     </span>
     <span class='ocr_line' id='line_1_101' title="bbox 171 3838 1228 3878; baseline 0.002 -9"><span class='ocrx_word' id='word_1_681' title='bbox 171 3839 341 3878; x_wconf 85' lang='lat' dir='ltr'>frequentem</span> <span class='ocrx_word' id='word_1_682' title='bbox 363 3839 518 3870; x_wconf 77' lang='lat' dir='ltr'>instantiam</span> <span class='ocrx_word' id='word_1_683' title='bbox 537 3838 702 3869; x_wconf 84' lang='lat' dir='ltr'>Mercatoris</span> <span class='ocrx_word' id='word_1_684' title='bbox 719 3838 864 3876; x_wconf 71' lang='lat' dir='ltr'>praediffl,</span> <span class='ocrx_word' id='word_1_685' title='bbox 881 3838 1004 3876; x_wconf 72' lang='lat' dir='ltr'>inquisita</span> <span class='ocrx_word' id='word_1_686' title='bbox 1026 3839 1103 3877; x_wconf 88' lang='lat' dir='ltr'>super</span> <span class='ocrx_word' id='word_1_687' title='bbox 1119 3839 1177 3870; x_wconf 90' lang='lat' dir='ltr'>hoc</span> <span class='ocrx_word' id='word_1_688' title='bbox 1196 3841 1228 3871; x_wconf 69' lang='grc' dir='ltr'>ὃ(</span> 
     </span>
     <span class='ocr_line' id='line_1_102' title="bbox 171 3876 1232 3917; baseline 0.002 -11"><span class='ocrx_word' id='word_1_689' title='bbox 171 3879 276 3914; x_wconf 68' lang='lat' dir='ltr'>reperta</span> <span class='ocrx_word' id='word_1_690' title='bbox 289 3879 392 3917; x_wconf 77' lang='lat' dir='ltr'>plenius</span> <span class='ocrx_word' id='word_1_691' title='bbox 407 3880 534 3915; x_wconf 83' lang='lat' dir='ltr'>veritate,</span> <span class='ocrx_word' id='word_1_692' title='bbox 552 3877 676 3917; x_wconf 73' lang='lat' dir='ltr'>praefatus</span> <span class='ocrx_word' id='word_1_693' title='bbox 690 3876 752 3906; x_wconf 82' lang='lat' dir='ltr'>Rex</span> <span class='ocrx_word' id='word_1_694' title='bbox 767 3876 898 3914; x_wconf 79' lang='lat' dir='ltr'>praecepit</span> <span class='ocrx_word' id='word_1_695' title='bbox 912 3877 991 3907; x_wconf 69' lang='lat' dir='ltr'>dicio</span> <span class='ocrx_word' id='word_1_696' title='bbox 1007 3877 1232 3916; x_wconf 84' lang='lat' dir='ltr'>Mercatori,pro</span> 
     </span>
     <span class='ocr_line' id='line_1_103' title="bbox 171 3913 1229 3955; baseline 0.002 -11"><span class='ocrx_word' id='word_1_697' title='bbox 171 3917 310 3952; x_wconf 81' lang='lat' dir='ltr'>pannis&amp;</span> <span class='ocrx_word' id='word_1_698' title='bbox 325 3918 406 3948; x_wconf 85' lang='lat' dir='ltr'>bonis</span> <span class='ocrx_word' id='word_1_699' title='bbox 427 3916 581 3955; x_wconf 69' lang='lat' dir='ltr'>praedictis,</span> <span class='ocrx_word' id='word_1_700' title='bbox 601 3924 708 3945; x_wconf 89' lang='lat' dir='ltr'>certam</span> <span class='ocrx_word' id='word_1_701' title='bbox 728 3915 854 3952; x_wconf 87' lang='lat' dir='ltr'>pecuniae</span> <span class='ocrx_word' id='word_1_702' title='bbox 874 3913 1027 3953; x_wconf 89' lang='lat' dir='ltr'>summam,</span> <span class='ocrx_word' id='word_1_703' title='bbox 1048 3925 1163 3946; x_wconf 86' lang='lat' dir='ltr'>taxatam</span> <span class='ocrx_word' id='word_1_704' title='bbox 1182 3917 1229 3946; x_wconf 90' lang='lat' dir='ltr'>suo</span> 
     </span>
     <span class='ocr_line' id='line_1_104' title="bbox 170 3951 1231 3993; baseline 0.003 -11"><span class='ocrx_word' id='word_1_705' title='bbox 170 3953 285 3984; x_wconf 87' lang='lat' dir='ltr'>arbitrio</span> <span class='ocrx_word' id='word_1_706' title='bbox 301 3977 311 3993; x_wconf 94' lang='lat'>,</span> <span class='ocrx_word' id='word_1_707' title='bbox 335 3955 462 3993; x_wconf 73' lang='lat' dir='ltr'>liberari,</span> <span class='ocrx_word' id='word_1_708' title='bbox 480 3963 559 3992; x_wconf 86' lang='lat' dir='ltr'>prout</span> <span class='ocrx_word' id='word_1_709' title='bbox 582 3955 609 3983; x_wconf 93' lang='lat' dir='ltr'>in</span> <span class='ocrx_word' id='word_1_710' title='bbox 633 3953 711 3990; x_wconf 89' lang='lat' dir='ltr'>ipsius</span> <span class='ocrx_word' id='word_1_711' title='bbox 734 3952 820 3989; x_wconf 82' lang='lat' dir='ltr'>Regis</span> <span class='ocrx_word' id='word_1_712' title='bbox 842 3951 936 3982; x_wconf 89' lang='lat' dir='ltr'>litteris</span> <span class='ocrx_word' id='word_1_713' title='bbox 951 3954 1118 3992; x_wconf 87' lang='lat' dir='ltr'>patentibus,</span> <span class='ocrx_word' id='word_1_714' title='bbox 1137 3954 1231 3985; x_wconf 90' lang='lat' dir='ltr'>eidem</span> 
     </span>
     <span class='ocr_line' id='line_1_105' title="bbox 172 3989 938 4033; baseline -0.001 -12"><span class='ocrx_word' id='word_1_715' title='bbox 172 3989 329 4022; x_wconf 89' lang='lat' dir='ltr'>Mercatori</span> <span class='ocrx_word' id='word_1_716' title='bbox 346 3994 411 4024; x_wconf 91' lang='lat' dir='ltr'>inde</span> <span class='ocrx_word' id='word_1_717' title='bbox 429 3993 580 4029; x_wconf 77' lang='lat' dir='ltr'>consectis,</span> <span class='ocrx_word' id='word_1_718' title='bbox 597 3992 700 4029; x_wconf 84' lang='lat' dir='ltr'>plenius</span> <span class='ocrx_word' id='word_1_719' title='bbox 712 3990 751 4020; x_wconf 89' lang='lat' dir='ltr'>est</span> <span class='ocrx_word' id='word_1_720' title='bbox 767 3999 938 4033; x_wconf 73' lang='lat' dir='ltr'>contentum.</span> 
     </span>
    </p>

    <p class='ocr_par' dir='ltr' id='par_1_33' title="bbox 172 4029 1233 4107">
     <span class='ocr_line' id='line_1_106' title="bbox 209 4029 1231 4069; baseline -0.001 -9"><span class='ocrx_word' id='word_1_721' title='bbox 209 4030 294 4067; x_wconf 84' lang='lat' dir='ltr'>Super</span> <span class='ocrx_word' id='word_1_722' title='bbox 312 4041 370 4068; x_wconf 90' lang='lat' dir='ltr'>quo</span> <span class='ocrx_word' id='word_1_723' title='bbox 388 4032 504 4069; x_wconf 88' lang='lat' dir='ltr'>quidem</span> <span class='ocrx_word' id='word_1_724' title='bbox 523 4038 662 4068; x_wconf 65' lang='lat' dir='ltr'>praecepto</span> <span class='ocrx_word' id='word_1_725' title='bbox 680 4029 750 4059; x_wconf 86' lang='lat' dir='ltr'>nulla</span> <span class='ocrx_word' id='word_1_726' title='bbox 768 4037 910 4066; x_wconf 85' lang='lat' dir='ltr'>executio,</span> <span class='ocrx_word' id='word_1_727' title='bbox 927 4039 980 4060; x_wconf 88' lang='lat' dir='ltr'>nec</span> <span class='ocrx_word' id='word_1_728' title='bbox 999 4029 1174 4060; x_wconf 88' lang='lat' dir='ltr'>restitutionis</span> <span class='ocrx_word' id='word_1_729' title='bbox 1190 4029 1231 4059; x_wconf 88' lang='lat' dir='ltr'>ef-</span> 
     </span>
     <span class='ocr_line' id='line_1_107' title="bbox 172 4066 1233 4107; baseline 0 -9"><span class='ocrx_word' id='word_1_730' title='bbox 172 4066 261 4099; x_wconf 65' lang='lat' dir='ltr'>fectus</span> <span class='ocrx_word' id='word_1_731' title='bbox 274 4091 284 4107; x_wconf 92' lang='lat'>,</span> <span class='ocrx_word' id='word_1_732' title='bbox 298 4069 374 4107; x_wconf 75' lang='lat' dir='ltr'>quta</span> <span class='ocrx_word' id='word_1_733' title='bbox 396 4070 517 4100; x_wconf 84' lang='lat' dir='ltr'>formam</span> <span class='ocrx_word' id='word_1_734' title='bbox 536 4070 684 4099; x_wconf 88' lang='lat' dir='ltr'>litterarum</span> <span class='ocrx_word' id='word_1_735' title='bbox 701 4067 893 4105; x_wconf 57' lang='lat' dir='ltr'>praedictarum</span> <span class='ocrx_word' id='word_1_736' title='bbox 908 4089 918 4105; x_wconf 90' lang='lat'>,</span> <span class='ocrx_word' id='word_1_737' title='bbox 942 4067 1122 4105; x_wconf 85' lang='lat' dir='ltr'>postmodum</span> <span class='ocrx_word' id='word_1_738' title='bbox 1144 4068 1233 4098; x_wconf 86' lang='lat' dir='ltr'>extitit</span> 
     </span>
    </p>
   </div>
   <div class='ocr_carea' id='block_1_23' title="bbox 2324 248 2370 289">
    <p class='ocr_par' dir='ltr' id='par_1_34' title="bbox 2324 248 2370 289">
     <span class='ocr_line' id='line_1_108' title="bbox 2324 248 2370 289; baseline 0.065 -3"><span class='ocrx_word' id='word_1_739' title='bbox 2324 248 2370 289; x_wconf 87' lang='lat'>53</span> 
     </span>
    </p>
   </div>
   <div class='ocr_carea' id='block_1_24' title="bbox 1305 297 2518 545">
    <p class='ocr_par' dir='ltr' id='par_1_35' title="bbox 1305 297 2518 545">
     <span class='ocr_line' id='line_1_109' title="bbox 1310 297 2508 359; baseline 0.019 -30"><span class='ocrx_word' id='word_1_740' title='bbox 1310 297 1479 341; x_wconf 71' lang='lat' dir='ltr'>subsecutus,</span> <span class='ocrx_word' id='word_1_741' title='bbox 1493 306 1622 347; x_wconf 31' lang='lat' dir='ltr'>&#39;quamvis</span> <span class='ocrx_word' id='word_1_742' title='bbox 1640 307 1715 338; x_wconf 87' lang='lat' dir='ltr'>idem</span> <span class='ocrx_word' id='word_1_743' title='bbox 1733 306 1813 347; x_wconf 82' lang='lat' dir='ltr'>Rex,</span> <span class='ocrx_word' id='word_1_744' title='bbox 1830 309 1894 347; x_wconf 73' lang='lat' dir='ltr'>posi·</span> <span class='ocrx_word' id='word_1_745' title='bbox 1907 311 2116 344; x_wconf 71' lang='lat' dir='ltr'>confeffionem</span> <span class='ocrx_word' id='word_1_746' title='bbox 2129 314 2225 346; x_wconf 72' lang='lat' dir='ltr'>litterae</span> <span class='ocrx_word' id='word_1_747' title='bbox 2238 314 2290 348; x_wconf 85' lang='lat' dir='ltr'>suae</span> <span class='ocrx_word' id='word_1_748' title='bbox 2303 328 2374 356; x_wconf 86' lang='lat' dir='ltr'>prae-</span> <span class='ocrx_word' id='word_1_749' title='bbox 2388 326 2452 356; x_wconf 77' lang='grc' dir='ltr'>Αηῃ</span> <span class='ocrx_word' id='word_1_750' title='bbox 2475 328 2508 359; x_wconf 86' lang='lat' dir='ltr'>D</span> 
     </span>
     <span class='ocr_line' id='line_1_110' title="bbox 1309 336 2518 394; baseline 0.02 -28"><span class='ocrx_word' id='word_1_751' title='bbox 1309 336 1411 376; x_wconf 46' lang='lat' dir='ltr'>duciae,</span> <span class='ocrx_word' id='word_1_752' title='bbox 1430 339 1526 378; x_wconf 86' lang='lat' dir='ltr'>pluries</span> <span class='ocrx_word' id='word_1_753' title='bbox 1540 343 1618 388; x_wconf 86' lang='lat' dir='ltr'>super</span> <span class='ocrx_word' id='word_1_754' title='bbox 1635 345 1691 375; x_wconf 88' lang='lat' dir='ltr'>hoc</span> <span class='ocrx_word' id='word_1_755' title='bbox 1704 357 1751 384; x_wconf 87' lang='lat' dir='ltr'>per</span> <span class='ocrx_word' id='word_1_756' title='bbox 1766 357 1815 377; x_wconf 53' lang='lat' dir='ltr'>non</span> <span class='ocrx_word' id='word_1_757' title='bbox 1828 350 1920 379; x_wconf 55' lang='lat' dir='ltr'>debite</span> <span class='ocrx_word' id='word_1_758' title='bbox 1935 349 2017 381; x_wconf 86' lang='lat' dir='ltr'>fuerit</span> <span class='ocrx_word' id='word_1_759' title='bbox 2034 353 2178 390; x_wconf 85' lang='lat' dir='ltr'>requisitus.</span> <span class='ocrx_word' id='word_1_760' title='bbox 2408 352 2482 394; x_wconf 52' lang='lat'>1⁶0⁸6</span> <span class='ocrx_word' id='word_1_761' title='bbox 2508 352 2518 361; x_wconf 64' lang='lat'><em>⁶</em></span> 
     </span>
     <span class='ocr_line' id='line_1_111' title="bbox 1345 374 2493 432; baseline 0.02 -28"><span class='ocrx_word' id='word_1_762' title='bbox 1345 374 1460 414; x_wconf 86' lang='lat' dir='ltr'>Propter</span> <span class='ocrx_word' id='word_1_763' title='bbox 1474 381 1547 417; x_wconf 89' lang='lat' dir='ltr'>quod</span> <span class='ocrx_word' id='word_1_764' title='bbox 1567 382 1633 420; x_wconf 91' lang='lat' dir='ltr'>diu,</span> <span class='ocrx_word' id='word_1_765' title='bbox 1650 393 1793 425; x_wconf 79' lang='lat' dir='ltr'>antequim</span> <span class='ocrx_word' id='word_1_766' title='bbox 1810 386 1919 417; x_wconf 91' lang='lat' dir='ltr'>Nuncii</span> <span class='ocrx_word' id='word_1_767' title='bbox 1937 388 2024 419; x_wconf 83' lang='lat' dir='ltr'>nostri</span> <span class='ocrx_word' id='word_1_768' title='bbox 2047 390 2172 427; x_wconf 69' lang='lat' dir='ltr'>praedieti</span> <span class='ocrx_word' id='word_1_769' title='bbox 2195 392 2266 429; x_wconf 81' lang='lat' dir='ltr'>apud</span> <span class='ocrx_word' id='word_1_770' title='bbox 2292 393 2371 432; x_wconf 78' lang='lat' dir='ltr'>Lug·</span> <span class='ocrx_word' id='word_1_771' title='bbox 2386 386 2452 430; x_wconf 59' lang='grc' dir='ltr'>Εαῧ,</span> <span class='ocrx_word' id='word_1_772' title='bbox 2464 413 2471 429; x_wconf 81' lang='lat'>1</span> <span class='ocrx_word' id='word_1_773' title='bbox 2485 389 2493 396; x_wconf 58' lang='lat'>⁵</span> 
     </span>
     <span class='ocr_line' id='line_1_112' title="bbox 1308 411 2487 469; baseline 0.019 -27"><span class='ocrx_word' id='word_1_774' title='bbox 1308 411 1415 444; x_wconf 90' lang='lat' dir='ltr'>dunum</span> <span class='ocrx_word' id='word_1_775' title='bbox 1467 418 1635 461; x_wconf 22' lang='lat' dir='ltr'>addvestram</span> <span class='ocrx_word' id='word_1_776' title='bbox 1654 424 1821 463; x_wconf 56' lang='lat' dir='ltr'>pri-„ienuam</span> <span class='ocrx_word' id='word_1_777' title='bbox 1838 425 2008 456; x_wconf 82' lang='lat' dir='ltr'>accessissent</span> <span class='ocrx_word' id='word_1_778' title='bbox 2022 450 2032 464; x_wconf 85' lang='lat'>,</span> <span class='ocrx_word' id='word_1_779' title='bbox 2055 428 2098 458; x_wconf 86' lang='lat' dir='ltr'>vel</span> <span class='ocrx_word' id='word_1_780' title='bbox 2113 430 2195 459; x_wconf 86' lang='lat' dir='ltr'>etiam</span> <span class='ocrx_word' id='word_1_781' title='bbox 2211 428 2246 460; x_wconf 90' lang='lat' dir='ltr'>ab</span> <span class='ocrx_word' id='word_1_782' title='bbox 2266 431 2370 469; x_wconf 59' lang='lat' dir='ltr'>Angli&amp;</span> <span class='ocrx_word' id='word_1_783' title='bbox 2480 425 2487 431; x_wconf 60' lang='grc'><strong>“</strong></span> 
     </span>
     <span class='ocr_line' id='line_1_113' title="bbox 1306 439 2367 501; baseline 0.019 -21"><span class='ocrx_word' id='word_1_784' title='bbox 1306 439 1488 494; x_wconf 62' lang='grc' dir='ltr'>τρεείῖῑίῖἔηῑ,</span> <span class='ocrx_word' id='word_1_785' title='bbox 1503 465 1578 494; x_wconf 80' lang='lat' dir='ltr'>Juxta</span> <span class='ocrx_word' id='word_1_786' title='bbox 1591 461 1830 500; x_wconf 82' lang='lat' dir='ltr'>comuetudinem,</span> <span class='ocrx_word' id='word_1_787' title='bbox 1847 464 1875 492; x_wconf 89' lang='lat' dir='ltr'>i&#39;n</span> <span class='ocrx_word' id='word_1_788' title='bbox 1892 463 1996 501; x_wconf 88' lang='lat' dir='ltr'>Regno</span> <span class='ocrx_word' id='word_1_789' title='bbox 2010 465 2104 496; x_wconf 88' lang='lat' dir='ltr'>nostro</span> <span class='ocrx_word' id='word_1_790' title='bbox 2119 468 2147 496; x_wconf 89' lang='lat' dir='ltr'>in</span> <span class='ocrx_word' id='word_1_791' title='bbox 2161 467 2221 497; x_wconf 91' lang='lat' dir='ltr'>casu</span> <span class='ocrx_word' id='word_1_792' title='bbox 2235 470 2367 500; x_wconf 85' lang='lat' dir='ltr'>consimi-</span> 
     </span>
     <span class='ocr_line' id='line_1_114' title="bbox 1305 487 2369 545; baseline 0.019 -27"><span class='ocrx_word' id='word_1_793' title='bbox 1305 487 1325 517; x_wconf 91' lang='lat' dir='ltr'>li</span> <span class='ocrx_word' id='word_1_794' title='bbox 1344 489 1465 522; x_wconf 86' lang='lat' dir='ltr'>usitatam</span> <span class='ocrx_word' id='word_1_795' title='bbox 1474 516 1483 531; x_wconf 86' lang='lat'>,</span> <span class='ocrx_word' id='word_1_796' title='bbox 1500 495 1534 524; x_wconf 93' lang='lat'>&amp;</span> <span class='ocrx_word' id='word_1_797' title='bbox 1547 495 1640 532; x_wconf 85' lang='lat' dir='ltr'>legem</span> <span class='ocrx_word' id='word_1_798' title='bbox 1655 497 1853 530; x_wconf 87' lang='lat' dir='ltr'>Mercatoriam</span> <span class='ocrx_word' id='word_1_799' title='bbox 1862 502 2005 538; x_wconf 78' lang='lat' dir='ltr'>,processu</span> <span class='ocrx_word' id='word_1_800' title='bbox 2020 503 2115 534; x_wconf 89' lang='lat' dir='ltr'>debito</span> <span class='ocrx_word' id='word_1_801' title='bbox 2128 505 2287 545; x_wconf 86' lang='lat' dir='ltr'>observato,</span> <span class='ocrx_word' id='word_1_802' title='bbox 2296 508 2369 539; x_wconf 82' lang='lat' dir='ltr'>bona</span> 
     </span>
    </p>
   </div>
   <div class='ocr_carea' id='block_1_25' title="bbox 1292 527 2481 2177">
    <p class='ocr_par' dir='ltr' id='par_1_36' title="bbox 1305 527 2368 728">
     <span class='ocr_line' id='line_1_115' title="bbox 1306 527 2367 580; baseline 0.018 -23"><span class='ocrx_word' id='word_1_803' title='bbox 1306 527 1340 557; x_wconf 88' lang='lat'>&amp;</span> <span class='ocrx_word' id='word_1_804' title='bbox 1353 533 1537 562; x_wconf 83' lang='lat' dir='ltr'>mercimonia</span> <span class='ocrx_word' id='word_1_805' title='bbox 1552 533 1744 565; x_wconf 79' lang='lat' dir='ltr'>Mercatorum</span> <span class='ocrx_word' id='word_1_806' title='bbox 1756 536 1791 566; x_wconf 92' lang='lat' dir='ltr'>de</span> <span class='ocrx_word' id='word_1_807' title='bbox 1807 540 1937 574; x_wconf 65' lang='lat' dir='ltr'>potestate</span> <span class='ocrx_word' id='word_1_808' title='bbox 1951 541 2020 571; x_wconf 65' lang='lat' dir='ltr'>dieii</span> <span class='ocrx_word' id='word_1_809' title='bbox 2038 542 2125 577; x_wconf 64' lang='lat' dir='ltr'>Regis</span> <span class='ocrx_word' id='word_1_810' title='bbox 2138 565 2147 580; x_wconf 91' lang='lat'>,</span> <span class='ocrx_word' id='word_1_811' title='bbox 2171 543 2205 574; x_wconf 85' lang='lat' dir='ltr'>ad</span> <span class='ocrx_word' id='word_1_812' title='bbox 2221 545 2367 576; x_wconf 84' lang='lat' dir='ltr'>valentiam</span> 
     </span>
     <span class='ocr_line' id='line_1_116' title="bbox 1308 570 2368 621; baseline 0.019 -26"><span class='ocrx_word' id='word_1_813' title='bbox 1308 573 1466 602; x_wconf 90' lang='lat' dir='ltr'>pannorum</span> <span class='ocrx_word' id='word_1_814' title='bbox 1484 570 1516 600; x_wconf 91' lang='lat'><strong>&amp;</strong></span> <span class='ocrx_word' id='word_1_815' title='bbox 1533 571 1671 602; x_wconf 89' lang='lat' dir='ltr'>bonorum</span> <span class='ocrx_word' id='word_1_816' title='bbox 1691 574 1886 611; x_wconf 70' lang='lat' dir='ltr'>praedietcrum</span> <span class='ocrx_word' id='word_1_817' title='bbox 1901 600 1910 613; x_wconf 97' lang='lat'>,</span> <span class='ocrx_word' id='word_1_818' title='bbox 1927 578 2029 609; x_wconf 89' lang='lat' dir='ltr'>fuerint</span> <span class='ocrx_word' id='word_1_819' title='bbox 2048 577 2173 620; x_wconf 70' lang='lat' dir='ltr'>arestata3</span> <span class='ocrx_word' id='word_1_820' title='bbox 2190 583 2252 621; x_wconf 86' lang='lat' dir='ltr'>tali,</span> <span class='ocrx_word' id='word_1_821' title='bbox 2270 584 2368 614; x_wconf 88' lang='lat' dir='ltr'>videli-</span> 
     </span>
     <span class='ocr_line' id='line_1_117' title="bbox 1308 606 2367 655; baseline 0.019 -22"><span class='ocrx_word' id='word_1_822' title='bbox 1308 611 1370 641; x_wconf 79' lang='lat' dir='ltr'>cet,</span> <span class='ocrx_word' id='word_1_823' title='bbox 1388 606 1495 650; x_wconf 83' lang='lat' dir='ltr'>niodo,</span> <span class='ocrx_word' id='word_1_824' title='bbox 1510 610 1609 651; x_wconf 81' lang='lat' dir='ltr'>quod,</span> <span class='ocrx_word' id='word_1_825' title='bbox 1628 611 1804 649; x_wconf 69' lang='lat' dir='ltr'>quacumque</span> <span class='ocrx_word' id='word_1_826' title='bbox 1826 615 1875 643; x_wconf 68' lang='lat' dir='ltr'>ora</span> <span class='ocrx_word' id='word_1_827' title='bbox 1896 615 1972 645; x_wconf 87' lang='lat' dir='ltr'>idem</span> <span class='ocrx_word' id='word_1_828' title='bbox 1994 616 2073 655; x_wconf 84' lang='lat' dir='ltr'>Rex,</span> <span class='ocrx_word' id='word_1_829' title='bbox 2091 618 2187 649; x_wconf 86' lang='lat' dir='ltr'>nostro</span> <span class='ocrx_word' id='word_1_830' title='bbox 2208 620 2367 653; x_wconf 56' lang='lat' dir='ltr'>satisfaceret</span> 
     </span>
     <span class='ocr_line' id='line_1_118' title="bbox 1308 639 2366 693; baseline 0.022 -24"><span class='ocrx_word' id='word_1_831' title='bbox 1308 639 1464 674; x_wconf 84' lang='lat' dir='ltr'>Mercatori</span> <span class='ocrx_word' id='word_1_832' title='bbox 1478 669 1487 683; x_wconf 91' lang='lat'>,</span> <span class='ocrx_word' id='word_1_833' title='bbox 1502 655 1577 684; x_wconf 78' lang='lat' dir='ltr'>juxta</span> <span class='ocrx_word' id='word_1_834' title='bbox 1598 648 1718 679; x_wconf 54' lang='lat' dir='ltr'>forman*</span> <span class='ocrx_word' id='word_1_835' title='bbox 1742 649 1888 681; x_wconf 61' lang='lat' dir='ltr'>litterinim</span> <span class='ocrx_word' id='word_1_836' title='bbox 1910 652 2013 684; x_wconf 83' lang='lat' dir='ltr'>suarum</span> <span class='ocrx_word' id='word_1_837' title='bbox 2029 657 2220 693; x_wconf 54' lang='lat' dir='ltr'>prieditstarum</span> <span class='ocrx_word' id='word_1_838' title='bbox 2265 669 2366 692; x_wconf 81' lang='lat' dir='ltr'>extunc</span> 
     </span>
     <span class='ocr_line' id='line_1_119' title="bbox 1305 678 2246 728; baseline 0.022 -21"><span class='ocrx_word' id='word_1_839' title='bbox 1305 678 1447 716; x_wconf 60' lang='lat' dir='ltr'>praefatum</span> <span class='ocrx_word' id='word_1_840' title='bbox 1463 684 1580 715; x_wconf 82' lang='lat' dir='ltr'>arestum</span> <span class='ocrx_word' id='word_1_841' title='bbox 1594 687 1701 723; x_wconf 79' lang='lat' dir='ltr'>penitus</span> <span class='ocrx_word' id='word_1_842' title='bbox 1712 688 1868 718; x_wconf 56' lang='lat' dir='ltr'>relax-tretia·</span> <span class='ocrx_word' id='word_1_843' title='bbox 1878 689 2080 724; x_wconf 75' lang='lat' dir='ltr'>Mercatoribus</span> <span class='ocrx_word' id='word_1_844' title='bbox 2092 683 2246 728; x_wconf 57' lang='lat' dir='ltr'>antediftisff</span> 
     </span>
    </p>

    <p class='ocr_par' dir='ltr' id='par_1_37' title="bbox 1306 717 2364 879">
     <span class='ocr_line' id='line_1_120' title="bbox 1346 717 2364 775; baseline 0.02 -26"><span class='ocrx_word' id='word_1_845' title='bbox 1346 717 1450 755; x_wconf 71' lang='lat' dir='ltr'>Quoad</span> <span class='ocrx_word' id='word_1_846' title='bbox 1467 721 1493 751; x_wconf 86' lang='lat' dir='ltr'>id</span> <span class='ocrx_word' id='word_1_847' title='bbox 1510 725 1611 766; x_wconf 77' lang='lat' dir='ltr'>etiarn,</span> <span class='ocrx_word' id='word_1_848' title='bbox 1631 725 1704 762; x_wconf 78' lang='lat' dir='ltr'>quod</span> <span class='ocrx_word' id='word_1_849' title='bbox 1713 726 1831 763; x_wconf 64' lang='lat' dir='ltr'>praefatae</span> <span class='ocrx_word' id='word_1_850' title='bbox 1844 727 1940 757; x_wconf 61' lang='lat' dir='ltr'>litterae</span> <span class='ocrx_word' id='word_1_851' title='bbox 1956 730 2026 760; x_wconf 84' lang='lat' dir='ltr'>vestr</span> <span class='ocrx_word' id='word_1_852' title='bbox 2037 742 2051 761; x_wconf 78' lang='lat' dir='ltr'>e</span> <span class='ocrx_word' id='word_1_853' title='bbox 2073 735 2251 767; x_wconf 65' lang='lat' dir='ltr'>continebant</span> <span class='ocrx_word' id='word_1_854' title='bbox 2288 739 2364 775; x_wconf 83' lang='lat' dir='ltr'>quod</span> 
     </span>
     <span class='ocr_line' id='line_1_121' title="bbox 1306 756 2363 812; baseline 0.022 -29"><span class='ocrx_word' id='word_1_855' title='bbox 1306 764 1374 798; x_wconf 80' lang='lat' dir='ltr'>unus</span> <span class='ocrx_word' id='word_1_856' title='bbox 1389 756 1423 786; x_wconf 91' lang='lat' dir='ltr'>de</span> <span class='ocrx_word' id='word_1_857' title='bbox 1443 759 1555 799; x_wconf 82' lang='lat' dir='ltr'>nostris,</span> <span class='ocrx_word' id='word_1_858' title='bbox 1573 762 1609 792; x_wconf 87' lang='lat' dir='ltr'>de</span> <span class='ocrx_word' id='word_1_859' title='bbox 1626 763 1707 793; x_wconf 64' lang='lat' dir='ltr'>dietis</span> <span class='ocrx_word' id='word_1_860' title='bbox 1726 772 1853 803; x_wconf 65' lang='lat' dir='ltr'>quituor,</span> <span class='ocrx_word' id='word_1_861' title='bbox 1871 766 1917 803; x_wconf 84' lang='lat' dir='ltr'>qui</span> <span class='ocrx_word' id='word_1_862' title='bbox 1936 767 1965 795; x_wconf 91' lang='lat' dir='ltr'>in</span> <span class='ocrx_word' id='word_1_863' title='bbox 1984 768 2068 799; x_wconf 79' lang='lat' dir='ltr'>vestra</span> <span class='ocrx_word' id='word_1_864' title='bbox 2087 772 2225 807; x_wconf 59' lang='lat' dir='ltr'>presentia</span> <span class='ocrx_word' id='word_1_865' title='bbox 2245 761 2278 805; x_wconf 66' lang='lat' dir='ltr'>a&#39;d</span> <span class='ocrx_word' id='word_1_866' title='bbox 2294 786 2363 812; x_wconf 77' lang='lat' dir='ltr'>prae-</span> 
     </span>
     <span class='ocr_line' id='line_1_122' title="bbox 1307 791 2362 851; baseline 0.02 -28"><span class='ocrx_word' id='word_1_867' title='bbox 1307 791 1403 837; x_wconf 59' lang='lat' dir='ltr'>missa³</span> <span class='ocrx_word' id='word_1_868' title='bbox 1421 804 1449 826; x_wconf 89' lang='lat' dir='ltr'>ut</span> <span class='ocrx_word' id='word_1_869' title='bbox 1464 801 1666 841; x_wconf 60' lang='lat' dir='ltr'>premittitur,</span> <span class='ocrx_word' id='word_1_870' title='bbox 1683 804 1833 842; x_wconf 87' lang='lat' dir='ltr'>nominati,</span> <span class='ocrx_word' id='word_1_871' title='bbox 1852 804 1932 834; x_wconf 65' lang='lat' dir='ltr'>elceti</span> <span class='ocrx_word' id='word_1_872' title='bbox 1950 804 2056 836; x_wconf 83' lang='lat' dir='ltr'>fuerant</span> <span class='ocrx_word' id='word_1_873' title='bbox 2073 808 2104 837; x_wconf 64' lang='grc' dir='ltr'>ὃς</span> <span class='ocrx_word' id='word_1_874' title='bbox 2119 809 2213 848; x_wconf 80' lang='lat' dir='ltr'>jurati,</span> <span class='ocrx_word' id='word_1_875' title='bbox 2230 812 2265 843; x_wconf 89' lang='lat' dir='ltr'>de</span> <span class='ocrx_word' id='word_1_876' title='bbox 2282 816 2362 851; x_wconf 85' lang='lat' dir='ltr'>parti-</span> 
     </span>
     <span class='ocr_line' id='line_1_123' title="bbox 1307 830 2014 879; baseline 0.021 -21"><span class='ocrx_word' id='word_1_877' title='bbox 1307 830 1356 860; x_wconf 89' lang='lat' dir='ltr'>bus</span> <span class='ocrx_word' id='word_1_878' title='bbox 1375 832 1496 865; x_wconf 70' lang='lat' dir='ltr'>franciae</span> <span class='ocrx_word' id='word_1_879' title='bbox 1513 837 1648 876; x_wconf 85' lang='lat' dir='ltr'>disceffit,</span> <span class='ocrx_word' id='word_1_880' title='bbox 1668 842 1782 877; x_wconf 81' lang='lat' dir='ltr'>negotio</span> <span class='ocrx_word' id='word_1_881' title='bbox 1797 841 1978 879; x_wconf 64' lang='lat' dir='ltr'>imperfeeto:</span> <span class='ocrx_word' id='word_1_882' title='bbox 2012 844 2014 846; x_wconf 71' lang='grc'>’</span> 
     </span>
    </p>

    <p class='ocr_par' dir='ltr' id='par_1_38' title="bbox 1299 867 2481 1367">
     <span class='ocr_line' id='line_1_124' title="bbox 1343 867 2363 922; baseline 0.019 -22"><span class='ocrx_word' id='word_1_883' title='bbox 1343 867 1448 916; x_wconf 65' lang='lat' dir='ltr'>Vestrae</span> <span class='ocrx_word' id='word_1_884' title='bbox 1457 872 1623 906; x_wconf 74' lang='lat' dir='ltr'>Clementiae</span> <span class='ocrx_word' id='word_1_885' title='bbox 1631 878 1805 917; x_wconf 86' lang='lat' dir='ltr'>intimamus,</span> <span class='ocrx_word' id='word_1_886' title='bbox 1823 880 1898 917; x_wconf 85' lang='lat' dir='ltr'>quod</span> <span class='ocrx_word' id='word_1_887' title='bbox 1911 881 2037 918; x_wconf 60' lang='lat' dir='ltr'>prae-dieti</span> <span class='ocrx_word' id='word_1_888' title='bbox 2053 882 2128 922; x_wconf 80' lang='lat' dir='ltr'>duo,</span> <span class='ocrx_word' id='word_1_889' title='bbox 2148 893 2194 921; x_wconf 83' lang='lat' dir='ltr'>per</span> <span class='ocrx_word' id='word_1_890' title='bbox 2211 896 2259 917; x_wconf 89' lang='lat' dir='ltr'>nos</span> <span class='ocrx_word' id='word_1_891' title='bbox 2271 891 2363 920; x_wconf 87' lang='lat' dir='ltr'>nomi-</span> 
     </span>
     <span class='ocr_line' id='line_1_125' title="bbox 1304 910 2364 965; baseline 0.019 -28"><span class='ocrx_word' id='word_1_892' title='bbox 1304 915 1378 945; x_wconf 84' lang='lat' dir='ltr'>nati,</span> <span class='ocrx_word' id='word_1_893' title='bbox 1396 910 1427 939; x_wconf 86' lang='lat'>&amp;</span> <span class='ocrx_word' id='word_1_894' title='bbox 1440 921 1468 940; x_wconf 93' lang='lat' dir='ltr'>in</span> <span class='ocrx_word' id='word_1_895' title='bbox 1483 913 1568 944; x_wconf 79' lang='lat' dir='ltr'>vestra</span> <span class='ocrx_word' id='word_1_896' title='bbox 1592 915 1749 953; x_wconf 79' lang='lat' dir='ltr'>praesentia,</span> <span class='ocrx_word' id='word_1_897' title='bbox 1766 925 1795 946; x_wconf 90' lang='lat' dir='ltr'>ut</span> <span class='ocrx_word' id='word_1_898' title='bbox 1814 919 1976 954; x_wconf 70' lang='lat' dir='ltr'>praedietiim</span> <span class='ocrx_word' id='word_1_899' title='bbox 1994 920 2034 949; x_wconf 89' lang='lat' dir='ltr'>est</span> <span class='ocrx_word' id='word_1_900' title='bbox 2048 943 2056 958; x_wconf 92' lang='lat'>,</span> <span class='ocrx_word' id='word_1_901' title='bbox 2080 922 2176 960; x_wconf 55' lang='lat' dir='ltr'>jurati,</span> <span class='ocrx_word' id='word_1_902' title='bbox 2194 925 2221 953; x_wconf 91' lang='lat' dir='ltr'>in</span> <span class='ocrx_word' id='word_1_903' title='bbox 2245 930 2364 965; x_wconf 76' lang='lat' dir='ltr'>partibus</span> 
     </span>
     <span class='ocr_line' id='line_1_126' title="bbox 1305 944 2364 1000; baseline 0.02 -25"><span class='ocrx_word' id='word_1_904' title='bbox 1305 944 1427 990; x_wconf 65' lang='lat' dir='ltr'>Francne</span> <span class='ocrx_word' id='word_1_905' title='bbox 1443 959 1490 986; x_wconf 90' lang='lat' dir='ltr'>per</span> <span class='ocrx_word' id='word_1_906' title='bbox 1508 959 1559 982; x_wconf 82' lang='lat' dir='ltr'>tres</span> <span class='ocrx_word' id='word_1_907' title='bbox 1572 953 1731 990; x_wconf 87' lang='lat' dir='ltr'>septimanas</span> <span class='ocrx_word' id='word_1_908' title='bbox 1747 955 1779 984; x_wconf 87' lang='lat'>&amp;</span> <span class='ocrx_word' id='word_1_909' title='bbox 1795 956 1908 992; x_wconf 81' lang='lat' dir='ltr'>amplius</span> <span class='ocrx_word' id='word_1_910' title='bbox 1922 958 2260 1000; x_wconf 66' lang='lat' dir='ltr'>nzorabantur,quousque</span> <span class='ocrx_word' id='word_1_911' title='bbox 2275 965 2364 996; x_wconf 71' lang='lat' dir='ltr'>dictus</span> 
     </span>
     <span class='ocr_line' id='line_1_127' title="bbox 1305 982 2362 1042; baseline 0.02 -29"><span class='ocrx_word' id='word_1_912' title='bbox 1305 982 1448 1028; x_wconf 30' lang='lat' dir='ltr'>&#39;Rex-alios</span> <span class='ocrx_word' id='word_1_913' title='bbox 1461 988 1543 1033; x_wconf 62' lang='lat' dir='ltr'>duos,</span> <span class='ocrx_word' id='word_1_914' title='bbox 1561 1001 1613 1027; x_wconf 82' lang='lat' dir='ltr'>pro</span> <span class='ocrx_word' id='word_1_915' title='bbox 1630 1000 1703 1028; x_wconf 76' lang='lat' dir='ltr'>parte</span> <span class='ocrx_word' id='word_1_916' title='bbox 1718 992 1777 1030; x_wconf 72' lang='lat' dir='ltr'>sua,</span> <span class='ocrx_word' id='word_1_917' title='bbox 1791 993 1866 1033; x_wconf 79' lang='lat' dir='ltr'>juxta</span> <span class='ocrx_word' id='word_1_918' title='bbox 1879 995 2082 1027; x_wconf 68' lang='lat' dir='ltr'>ordinationem</span> <span class='ocrx_word' id='word_1_919' title='bbox 2097 999 2259 1035; x_wconf 49' lang='lat' dir='ltr'>pri-ediciam</span> <span class='ocrx_word' id='word_1_920' title='bbox 2301 1006 2362 1042; x_wconf 78' lang='lat' dir='ltr'>ipiis</span> 
     </span>
     <span class='ocr_line' id='line_1_128' title="bbox 1304 1021 2354 1068; baseline 0.017 -18"><span class='ocrx_word' id='word_1_921' title='bbox 1304 1031 1334 1050; x_wconf 90' lang='lat' dir='ltr'>in</span> <span class='ocrx_word' id='word_1_922' title='bbox 1351 1021 1434 1067; x_wconf 74' lang='lat' dir='ltr'>diCto</span> <span class='ocrx_word' id='word_1_923' title='bbox 1449 1035 1564 1062; x_wconf 79' lang='lat' dir='ltr'>negotio</span> <span class='ocrx_word' id='word_1_924' title='bbox 1582 1028 1758 1067; x_wconf 84' lang='lat' dir='ltr'>adjungeret,</span> <span class='ocrx_word' id='word_1_925' title='bbox 1775 1033 1961 1068; x_wconf 68' lang='lat' dir='ltr'>expectando:</span> <span class='ocrx_word' id='word_1_926' title='bbox 2266 1025 2275 1040; x_wconf 62' lang='lat'><strong><em>³</em></strong></span> <span class='ocrx_word' id='word_1_927' title='bbox 2352 1040 2354 1043; x_wconf 78' lang='grc'>’</span> 
     </span>
     <span class='ocr_line' id='line_1_129' title="bbox 1307 1059 2360 1113; baseline 0.023 -26"><span class='ocrx_word' id='word_1_928' title='bbox 1307 1097 1312 1103; x_wconf 29' lang='lat'>⁸</span> <span class='ocrx_word' id='word_1_929' title='bbox 1341 1059 1380 1104; x_wconf 71' lang='lat' dir='ltr'>Et</span> <span class='ocrx_word' id='word_1_930' title='bbox 1398 1061 1447 1091; x_wconf 88' lang='lat' dir='ltr'>illis</span> <span class='ocrx_word' id='word_1_931' title='bbox 1466 1063 1573 1094; x_wconf 88' lang='lat' dir='ltr'>duobus</span> <span class='ocrx_word' id='word_1_932' title='bbox 1595 1066 1727 1104; x_wconf 86' lang='lat' dir='ltr'>deputatis</span> <span class='ocrx_word' id='word_1_933' title='bbox 1753 1068 1932 1106; x_wconf 79' lang='lat' dir='ltr'>postmodum</span> <span class='ocrx_word' id='word_1_934' title='bbox 1951 1081 1997 1110; x_wconf 91' lang='lat' dir='ltr'>per</span> <span class='ocrx_word' id='word_1_935' title='bbox 2017 1072 2130 1109; x_wconf 61' lang='lat' dir='ltr'>Regem</span> <span class='ocrx_word' id='word_1_936' title='bbox 2150 1076 2272 1109; x_wconf 48' lang='lat' dir='ltr'>Franci-,e</span> <span class='ocrx_word' id='word_1_937' title='bbox 2328 1082 2360 1113; x_wconf 90' lang='lat'>&amp;</span> 
     </span>
     <span class='ocr_line' id='line_1_130' title="bbox 1300 1100 2361 1152; baseline 0.021 -24"><span class='ocrx_word' id='word_1_938' title='bbox 1300 1106 1409 1141; x_wconf 60' lang='lat' dir='ltr'>juram,</span> <span class='ocrx_word' id='word_1_939' title='bbox 1426 1100 1458 1130; x_wconf 91' lang='lat'>&amp;</span> <span class='ocrx_word' id='word_1_940' title='bbox 1473 1101 1509 1132; x_wconf 90' lang='lat' dir='ltr'>de</span> <span class='ocrx_word' id='word_1_941' title='bbox 1523 1112 1599 1133; x_wconf 88' lang='lat' dir='ltr'>certo</span> <span class='ocrx_word' id='word_1_942' title='bbox 1612 1104 1675 1143; x_wconf 92' lang='lat' dir='ltr'>die,</span> <span class='ocrx_word' id='word_1_943' title='bbox 1691 1106 1841 1143; x_wconf 88' lang='lat' dir='ltr'>incipiendi</span> <span class='ocrx_word' id='word_1_944' title='bbox 1856 1108 1885 1136; x_wconf 88' lang='lat' dir='ltr'>in</span> <span class='ocrx_word' id='word_1_945' title='bbox 1899 1108 1977 1138; x_wconf 68' lang='lat' dir='ltr'>dieto</span> <span class='ocrx_word' id='word_1_946' title='bbox 1990 1113 2104 1147; x_wconf 79' lang='lat' dir='ltr'>negotio</span> <span class='ocrx_word' id='word_1_947' title='bbox 2120 1116 2267 1152; x_wconf 79' lang='lat' dir='ltr'>procedere</span> <span class='ocrx_word' id='word_1_948' title='bbox 2286 1102 2361 1150; x_wconf 63' lang='lat' dir='ltr'>’inter</span> 
     </span>
     <span class='ocr_line' id='line_1_131' title="bbox 1302 1135 2481 1196; baseline 0.02 -31"><span class='ocrx_word' id='word_1_949' title='bbox 1302 1135 1373 1173; x_wconf 87' lang='lat' dir='ltr'>ipsos</span> <span class='ocrx_word' id='word_1_950' title='bbox 1390 1147 1504 1185; x_wconf 63' lang='lat' dir='ltr'>quatuor</span> <span class='ocrx_word' id='word_1_951' title='bbox 1517 1142 1707 1185; x_wconf 72' lang='lat' dir='ltr'>concordam,</span> <span class='ocrx_word' id='word_1_952' title='bbox 1725 1155 1791 1175; x_wconf 86' lang='lat' dir='ltr'>unus</span> <span class='ocrx_word' id='word_1_953' title='bbox 1810 1145 1846 1175; x_wconf 90' lang='lat' dir='ltr'>de</span> <span class='ocrx_word' id='word_1_954' title='bbox 1862 1146 1975 1184; x_wconf 55' lang='lat' dir='ltr'>nostru,</span> <span class='ocrx_word' id='word_1_955' title='bbox 1995 1158 2045 1184; x_wconf 90' lang='lat' dir='ltr'>pro</span> <span class='ocrx_word' id='word_1_956' title='bbox 2065 1154 2259 1186; x_wconf 71' lang='lat' dir='ltr'>commiffione</span> <span class='ocrx_word' id='word_1_957' title='bbox 2275 1141 2301 1176; x_wconf 63' lang='lat'>’*</span> <span class='ocrx_word' id='word_1_958' title='bbox 2320 1159 2362 1196; x_wconf 87' lang='lat' dir='ltr'>ip-</span> <span class='ocrx_word' id='word_1_959' title='bbox 2404 1157 2422 1176; x_wconf 73' lang='lat'>&#39;¹‘</span> <span class='ocrx_word' id='word_1_960' title='bbox 2443 1160 2481 1189; x_wconf 86' lang='lat'>11.</span> 
     </span>
     <span class='ocr_line' id='line_1_132' title="bbox 1300 1174 2460 1227; baseline 0.017 -24"><span class='ocrx_word' id='word_1_961' title='bbox 1300 1174 1392 1205; x_wconf 86' lang='lat' dir='ltr'>sorum</span> <span class='ocrx_word' id='word_1_962' title='bbox 1406 1199 1416 1214; x_wconf 94' lang='lat'>,</span> <span class='ocrx_word' id='word_1_963' title='bbox 1449 1187 1464 1207; x_wconf 91' lang='lat' dir='ltr'>a</span> <span class='ocrx_word' id='word_1_964' title='bbox 1481 1179 1562 1223; x_wconf 73' lang='lat' dir='ltr'>nobis</span> <span class='ocrx_word' id='word_1_965' title='bbox 1579 1190 1606 1209; x_wconf 89' lang='lat' dir='ltr'>in</span> <span class='ocrx_word' id='word_1_966' title='bbox 1626 1181 1677 1211; x_wconf 87' lang='lat' dir='ltr'>hac</span> <span class='ocrx_word' id='word_1_967' title='bbox 1696 1192 1770 1218; x_wconf 86' lang='lat' dir='ltr'>parte</span> <span class='ocrx_word' id='word_1_968' title='bbox 1788 1183 1913 1214; x_wconf 66' lang='lat' dir='ltr'>habenda</span> <span class='ocrx_word' id='word_1_969' title='bbox 1928 1208 1938 1223; x_wconf 94' lang='lat'>,</span> <span class='ocrx_word' id='word_1_970' title='bbox 1957 1186 1984 1214; x_wconf 93' lang='lat' dir='ltr'>in</span> <span class='ocrx_word' id='word_1_971' title='bbox 2003 1187 2133 1221; x_wconf 61' lang='lat' dir='ltr'>Angliom</span> <span class='ocrx_word' id='word_1_972' title='bbox 2150 1191 2182 1222; x_wconf 86' lang='lat' dir='ltr'>ad</span> <span class='ocrx_word' id='word_1_973' title='bbox 2202 1203 2254 1223; x_wconf 87' lang='lat' dir='ltr'>nos</span> <span class='ocrx_word' id='word_1_974' title='bbox 2271 1198 2346 1227; x_wconf 89' lang='lat' dir='ltr'>venit</span> <span class='ocrx_word' id='word_1_975' title='bbox 2381 1206 2460 1223; x_wconf 82' lang='lat'>1000.</span> 
     </span>
     <span class='ocr_line' id='line_1_133' title="bbox 1302 1212 2363 1265; baseline 0.017 -23"><span class='ocrx_word' id='word_1_976' title='bbox 1302 1212 1336 1256; x_wconf 64' lang='grc' dir='ltr'>βε</span> <span class='ocrx_word' id='word_1_977' title='bbox 1352 1223 1420 1258; x_wconf 81' lang='lat' dir='ltr'>cum</span> <span class='ocrx_word' id='word_1_978' title='bbox 1435 1217 1631 1249; x_wconf 85' lang='lat' dir='ltr'>commissione</span> <span class='ocrx_word' id='word_1_979' title='bbox 1648 1220 1795 1260; x_wconf 67' lang='lat' dir='ltr'>praeditsta,</span> <span class='ocrx_word' id='word_1_980' title='bbox 1814 1223 1842 1251; x_wconf 91' lang='lat' dir='ltr'>in</span> <span class='ocrx_word' id='word_1_981' title='bbox 1862 1223 1976 1253; x_wconf 84' lang='lat' dir='ltr'>Francia</span> <span class='ocrx_word' id='word_1_982' title='bbox 1991 1224 2070 1254; x_wconf 86' lang='lat' dir='ltr'>rediit</span> <span class='ocrx_word' id='word_1_983' title='bbox 2085 1236 2145 1257; x_wconf 84' lang='lat' dir='ltr'>ante</span> <span class='ocrx_word' id='word_1_984' title='bbox 2165 1229 2239 1260; x_wconf 76' lang='lat' dir='ltr'>diem</span> <span class='ocrx_word' id='word_1_985' title='bbox 2276 1220 2363 1265; x_wconf 74' lang='lat' dir='ltr'>alter0³</span> 
     </span>
     <span class='ocr_line' id='line_1_134' title="bbox 1302 1252 2339 1302; baseline 0.02 -22"><span class='ocrx_word' id='word_1_986' title='bbox 1302 1259 1413 1282; x_wconf 75' lang='lat' dir='ltr'>interim</span> <span class='ocrx_word' id='word_1_987' title='bbox 1428 1252 1530 1285; x_wconf 79' lang='lat' dir='ltr'>affidtie</span> <span class='ocrx_word' id='word_1_988' title='bbox 1545 1257 1572 1286; x_wconf 87' lang='lat' dir='ltr'>in</span> <span class='ocrx_word' id='word_1_989' title='bbox 1586 1257 1672 1301; x_wconf 25' lang='lat' dir='ltr'>&#39;dietis</span> <span class='ocrx_word' id='word_1_990' title='bbox 1697 1261 1815 1296; x_wconf 84' lang='lat' dir='ltr'>partibus</span> <span class='ocrx_word' id='word_1_991' title='bbox 1836 1270 2047 1301; x_wconf 65' lang='lat' dir='ltr'>commorante,</span> <span class='ocrx_word' id='word_1_992' title='bbox 2064 1264 2097 1293; x_wconf 85' lang='lat'>&amp;</span> <span class='ocrx_word' id='word_1_993' title='bbox 2113 1275 2211 1298; x_wconf 77' lang='lat' dir='ltr'>extunc</span> <span class='ocrx_word' id='word_1_994' title='bbox 2232 1255 2269 1300; x_wconf 50' lang='lat' dir='ltr'>,fii</span> <span class='ocrx_word' id='word_1_995' title='bbox 2282 1272 2339 1302; x_wconf 88' lang='lat' dir='ltr'>duo</span> 
     </span>
     <span class='ocr_line' id='line_1_135' title="bbox 1301 1296 2359 1343; baseline 0.021 -24"><span class='ocrx_word' id='word_1_996' title='bbox 1301 1299 1348 1326; x_wconf 91' lang='lat' dir='ltr'>per</span> <span class='ocrx_word' id='word_1_997' title='bbox 1367 1301 1434 1335; x_wconf 77' lang='lat' dir='ltr'>nOS,</span> <span class='ocrx_word' id='word_1_998' title='bbox 1452 1300 1481 1322; x_wconf 88' lang='lat' dir='ltr'>ut</span> <span class='ocrx_word' id='word_1_999' title='bbox 1496 1298 1684 1338; x_wconf 53' lang='lat' dir='ltr'>praemittitur,</span> <span class='ocrx_word' id='word_1_1000' title='bbox 1702 1296 1838 1337; x_wconf 86' lang='lat' dir='ltr'>deputati,</span> <span class='ocrx_word' id='word_1_1001' title='bbox 1855 1300 2046 1339; x_wconf 87' lang='lat' dir='ltr'>intenderunt,</span> <span class='ocrx_word' id='word_1_1002' title='bbox 2064 1302 2097 1332; x_wconf 88' lang='lat'>&amp;</span> <span class='ocrx_word' id='word_1_1003' title='bbox 2112 1305 2200 1335; x_wconf 83' lang='lat' dir='ltr'>adhuc</span> <span class='ocrx_word' id='word_1_1004' title='bbox 2216 1296 2359 1343; x_wconf 60' lang='lat' dir='ltr'>intendun}</span> 
     </span>
     <span class='ocr_line' id='line_1_136' title="bbox 1299 1336 1744 1367; baseline 0.018 -11"><span class='ocrx_word' id='word_1_1005' title='bbox 1299 1336 1432 1360; x_wconf 90' lang='lat' dir='ltr'>continue</span> <span class='ocrx_word' id='word_1_1006' title='bbox 1445 1340 1562 1367; x_wconf 70' lang='lat' dir='ltr'>negotio</span> <span class='ocrx_word' id='word_1_1007' title='bbox 1574 1344 1744 1366; x_wconf 74' lang='lat' dir='ltr'>niemoratot</span> 
     </span>
    </p>

    <p class='ocr_par' dir='ltr' id='par_1_39' title="bbox 1299 1365 2358 1478">
     <span class='ocr_line' id='line_1_137' title="bbox 1338 1365 2357 1422; baseline 0.019 -25"><span class='ocrx_word' id='word_1_1008' title='bbox 1338 1365 1376 1397; x_wconf 86' lang='lat' dir='ltr'>Ita</span> <span class='ocrx_word' id='word_1_1009' title='bbox 1399 1370 1474 1405; x_wconf 90' lang='lat' dir='ltr'>quod</span> <span class='ocrx_word' id='word_1_1010' title='bbox 1495 1371 1523 1400; x_wconf 92' lang='lat' dir='ltr'>in</span> <span class='ocrx_word' id='word_1_1011' title='bbox 1548 1373 1642 1416; x_wconf 83' lang='lat' dir='ltr'>nobis,</span> <span class='ocrx_word' id='word_1_1012' title='bbox 1662 1373 1707 1404; x_wconf 83' lang='lat' dir='ltr'>seu</span> <span class='ocrx_word' id='word_1_1013' title='bbox 1727 1374 1836 1413; x_wconf 89' lang='lat' dir='ltr'>aliquo,</span> <span class='ocrx_word' id='word_1_1014' title='bbox 1854 1375 1898 1406; x_wconf 85' lang='lat' dir='ltr'>vel</span> <span class='ocrx_word' id='word_1_1015' title='bbox 1919 1376 2053 1414; x_wconf 83' lang='lat' dir='ltr'>aliquibus</span> <span class='ocrx_word' id='word_1_1016' title='bbox 2072 1378 2106 1408; x_wconf 89' lang='lat' dir='ltr'>de</span> <span class='ocrx_word' id='word_1_1017' title='bbox 2129 1380 2245 1422; x_wconf 83' lang='lat' dir='ltr'>nostris,</span> <span class='ocrx_word' id='word_1_1018' title='bbox 2263 1385 2291 1414; x_wconf 83' lang='lat' dir='ltr'>i&#39;n</span> <span class='ocrx_word' id='word_1_1019' title='bbox 2305 1387 2357 1417; x_wconf 88' lang='lat' dir='ltr'>hac</span> 
     </span>
     <span class='ocr_line' id='line_1_138' title="bbox 1299 1406 2358 1456; baseline 0.021 -22"><span class='ocrx_word' id='word_1_1020' title='bbox 1299 1412 1373 1448; x_wconf 79' lang='lat' dir='ltr'>parte</span> <span class='ocrx_word' id='word_1_1021' title='bbox 1381 1428 1397 1448; x_wconf 27' lang='lat' dir='ltr'>,q</span> <span class='ocrx_word' id='word_1_1022' title='bbox 1408 1406 1531 1439; x_wconf 69' lang='lat' dir='ltr'>defeetiis</span> <span class='ocrx_word' id='word_1_1023' title='bbox 1543 1410 1639 1450; x_wconf 86' lang='lat' dir='ltr'>aliquis</span> <span class='ocrx_word' id='word_1_1024' title='bbox 1653 1422 1712 1442; x_wconf 88' lang='lat' dir='ltr'>non</span> <span class='ocrx_word' id='word_1_1025' title='bbox 1724 1413 1829 1452; x_wconf 85' lang='lat' dir='ltr'>existit,</span> <span class='ocrx_word' id='word_1_1026' title='bbox 1837 1415 1869 1445; x_wconf 71' lang='grc' dir='ltr'>δε</span> <span class='ocrx_word' id='word_1_1027' title='bbox 1882 1415 2017 1453; x_wconf 85' lang='lat' dir='ltr'>utriusque</span> <span class='ocrx_word' id='word_1_1028' title='bbox 2030 1416 2098 1447; x_wconf 68' lang='lat' dir='ltr'>faeti</span> <span class='ocrx_word' id='word_1_1029' title='bbox 2114 1421 2295 1456; x_wconf 75' lang='lat' dir='ltr'>praecedentis</span> <span class='ocrx_word' id='word_1_1030' title='bbox 2310 1435 2358 1455; x_wconf 88' lang='lat' dir='ltr'>ve-</span> 
     </span>
     <span class='ocr_line' id='line_1_139' title="bbox 1299 1445 1564 1478; baseline 0.03 -7"><span class='ocrx_word' id='word_1_1031' title='bbox 1299 1450 1362 1473; x_wconf 85' lang='lat' dir='ltr'>ritas</span> <span class='ocrx_word' id='word_1_1032' title='bbox 1380 1447 1417 1474; x_wconf 82' lang='lat' dir='ltr'>lic</span> <span class='ocrx_word' id='word_1_1033' title='bbox 1434 1445 1459 1476; x_wconf 85' lang='lat' dir='ltr'>se</span> <span class='ocrx_word' id='word_1_1034' title='bbox 1474 1447 1564 1478; x_wconf 86' lang='lat' dir='ltr'>habet.</span> 
     </span>
    </p>

    <p class='ocr_par' dir='ltr' id='par_1_40' title="bbox 1295 1481 2357 1795">
     <span class='ocr_line' id='line_1_140' title="bbox 1337 1481 2357 1534; baseline 0.019 -22"><span class='ocrx_word' id='word_1_1035' title='bbox 1337 1481 1443 1527; x_wconf 73' lang='lat' dir='ltr'>Vestrae</span> <span class='ocrx_word' id='word_1_1036' title='bbox 1458 1487 1545 1529; x_wconf 27' lang='lat' dir='ltr'>‘initur</span> <span class='ocrx_word' id='word_1_1037' title='bbox 1564 1486 1731 1520; x_wconf 85' lang='lat' dir='ltr'>Clementiae</span> <span class='ocrx_word' id='word_1_1038' title='bbox 1756 1489 1954 1529; x_wconf 87' lang='lat' dir='ltr'>supplicamus,</span> <span class='ocrx_word' id='word_1_1039' title='bbox 1971 1494 2095 1530; x_wconf 84' lang='lat' dir='ltr'>quatinus</span> <span class='ocrx_word' id='word_1_1040' title='bbox 2117 1495 2272 1534; x_wconf 85' lang='lat' dir='ltr'>hujusmodi</span> <span class='ocrx_word' id='word_1_1041' title='bbox 2291 1499 2357 1532; x_wconf 86' lang='lat' dir='ltr'>falsis</span> 
     </span>
     <span class='ocr_line' id='line_1_141' title="bbox 1297 1519 2356 1570; baseline 0.02 -21"><span class='ocrx_word' id='word_1_1042' title='bbox 1297 1519 1536 1568; x_wconf 70' lang='lat' dir='ltr'>suggestionibus,</span> <span class='ocrx_word' id='word_1_1043' title='bbox 1559 1525 1604 1556; x_wconf 91' lang='lat' dir='ltr'>seu</span> <span class='ocrx_word' id='word_1_1044' title='bbox 1625 1537 1718 1558; x_wconf 79' lang='lat' dir='ltr'>earum</span> <span class='ocrx_word' id='word_1_1045' title='bbox 1740 1529 1935 1566; x_wconf 71' lang='lat' dir='ltr'>persuasoribus</span> <span class='ocrx_word' id='word_1_1046' title='bbox 1951 1553 1959 1567; x_wconf 88' lang='lat'>,</span> <span class='ocrx_word' id='word_1_1047' title='bbox 1978 1533 2024 1568; x_wconf 91' lang='lat' dir='ltr'>qui</span> <span class='ocrx_word' id='word_1_1048' title='bbox 2045 1532 2081 1562; x_wconf 90' lang='lat' dir='ltr'>sic</span> <span class='ocrx_word' id='word_1_1049' title='bbox 2103 1535 2223 1566; x_wconf 89' lang='lat' dir='ltr'>nituntur</span> <span class='ocrx_word' id='word_1_1050' title='bbox 2236 1538 2356 1570; x_wconf 72' lang='lat' dir='ltr'>excessus</span> 
     </span>
     <span class='ocr_line' id='line_1_142' title="bbox 1298 1562 2353 1611; baseline 0.017 -22"><span class='ocrx_word' id='word_1_1051' title='bbox 1298 1568 1426 1603; x_wconf 84' lang='lat' dir='ltr'>proprios</span> <span class='ocrx_word' id='word_1_1052' title='bbox 1448 1562 1571 1605; x_wconf 53' lang='lat' dir='ltr'>phare,</span> <span class='ocrx_word' id='word_1_1053' title='bbox 1589 1564 1607 1594; x_wconf 87' lang='lat' dir='ltr'>si</span> <span class='ocrx_word' id='word_1_1054' title='bbox 1630 1565 1733 1604; x_wconf 81' lang='lat' dir='ltr'>placet,</span> <span class='ocrx_word' id='word_1_1055' title='bbox 1751 1566 1786 1597; x_wconf 90' lang='lat' dir='ltr'>de</span> <span class='ocrx_word' id='word_1_1056' title='bbox 1808 1567 1880 1597; x_wconf 67' lang='lat' dir='ltr'>facili</span> <span class='ocrx_word' id='word_1_1057' title='bbox 1898 1578 1955 1597; x_wconf 89' lang='lat' dir='ltr'>non</span> <span class='ocrx_word' id='word_1_1058' title='bbox 1971 1569 2096 1600; x_wconf 83' lang='lat' dir='ltr'>credatis:</span> <span class='ocrx_word' id='word_1_1059' title='bbox 2115 1583 2187 1611; x_wconf 91' lang='lat' dir='ltr'>nec,</span> <span class='ocrx_word' id='word_1_1060' title='bbox 2206 1585 2240 1605; x_wconf 78' lang='lat' dir='ltr'>ex</span> <span class='ocrx_word' id='word_1_1061' title='bbox 2257 1576 2353 1608; x_wconf 89' lang='lat' dir='ltr'>talium</span> 
     </span>
     <span class='ocr_line' id='line_1_143' title="bbox 1298 1600 2354 1649; baseline 0.017 -22"><span class='ocrx_word' id='word_1_1062' title='bbox 1298 1607 1374 1640; x_wconf 75' lang='lat' dir='ltr'>vanis</span> <span class='ocrx_word' id='word_1_1063' title='bbox 1386 1600 1476 1630; x_wconf 83' lang='lat' dir='ltr'>verbis</span> <span class='ocrx_word' id='word_1_1064' title='bbox 1487 1600 1532 1644; x_wconf 80' lang='lat' dir='ltr'>seu</span> <span class='ocrx_word' id='word_1_1065' title='bbox 1546 1604 1627 1632; x_wconf 77' lang='lat' dir='ltr'>minis</span> <span class='ocrx_word' id='word_1_1066' title='bbox 1636 1626 1645 1641; x_wconf 88' lang='lat'>,</span> <span class='ocrx_word' id='word_1_1067' title='bbox 1664 1605 1692 1633; x_wconf 91' lang='lat' dir='ltr'>in</span> <span class='ocrx_word' id='word_1_1068' title='bbox 1708 1605 1902 1636; x_wconf 69' lang='lat' dir='ltr'>haesitationem</span> <span class='ocrx_word' id='word_1_1069' title='bbox 1915 1607 1957 1637; x_wconf 90' lang='lat' dir='ltr'>seu</span> <span class='ocrx_word' id='word_1_1070' title='bbox 1971 1608 2100 1639; x_wconf 90' lang='lat' dir='ltr'>timorem</span> <span class='ocrx_word' id='word_1_1071' title='bbox 2113 1611 2232 1649; x_wconf 88' lang='lat' dir='ltr'>aliquem</span> <span class='ocrx_word' id='word_1_1072' title='bbox 2248 1615 2354 1646; x_wconf 84' lang='lat' dir='ltr'>incida—</span> 
     </span>
     <span class='ocr_line' id='line_1_144' title="bbox 1299 1637 2354 1689; baseline 0.018 -24"><span class='ocrx_word' id='word_1_1073' title='bbox 1299 1643 1350 1675; x_wconf 77' lang='lat' dir='ltr'>tis3</span> <span class='ocrx_word' id='word_1_1074' title='bbox 1367 1637 1429 1668; x_wconf 86' lang='lat' dir='ltr'>tales</span> <span class='ocrx_word' id='word_1_1075' title='bbox 1452 1650 1526 1669; x_wconf 90' lang='lat' dir='ltr'>enim</span> <span class='ocrx_word' id='word_1_1076' title='bbox 1544 1642 1686 1672; x_wconf 77' lang='lat' dir='ltr'>invenietis</span> <span class='ocrx_word' id='word_1_1077' title='bbox 1700 1644 1805 1681; x_wconf 79' lang='lat' dir='ltr'>amicos</span> <span class='ocrx_word' id='word_1_1078' title='bbox 1811 1667 1821 1682; x_wconf 95' lang='lat'>,</span> <span class='ocrx_word' id='word_1_1079' title='bbox 1839 1646 1867 1674; x_wconf 88' lang='lat' dir='ltr'>in</span> <span class='ocrx_word' id='word_1_1080' title='bbox 1884 1645 2081 1677; x_wconf 79' lang='lat' dir='ltr'>necessitatibus</span> <span class='ocrx_word' id='word_1_1081' title='bbox 2096 1649 2128 1679; x_wconf 89' lang='lat'>&amp;</span> <span class='ocrx_word' id='word_1_1082' title='bbox 2142 1654 2354 1689; x_wconf 85' lang='lat' dir='ltr'>opportunitati-</span> 
     </span>
     <span class='ocr_line' id='line_1_145' title="bbox 1299 1673 2353 1724; baseline 0.017 -20"><span class='ocrx_word' id='word_1_1083' title='bbox 1299 1673 1365 1719; x_wconf 77' lang='lat' dir='ltr'>bus,</span> <span class='ocrx_word' id='word_1_1084' title='bbox 1384 1686 1434 1706; x_wconf 88' lang='lat' dir='ltr'>vos</span> <span class='ocrx_word' id='word_1_1085' title='bbox 1448 1681 1637 1717; x_wconf 55' lang='lat' dir='ltr'>tangentibus,</span> <span class='ocrx_word' id='word_1_1086' title='bbox 1655 1680 1760 1719; x_wconf 87' lang='lat' dir='ltr'>semper</span> <span class='ocrx_word' id='word_1_1087' title='bbox 1773 1691 1930 1721; x_wconf 58' lang='lat' dir='ltr'>promptos,</span> <span class='ocrx_word' id='word_1_1088' title='bbox 1949 1685 1994 1721; x_wconf 86' lang='lat' dir='ltr'>qui</span> <span class='ocrx_word' id='word_1_1089' title='bbox 2014 1685 2050 1715; x_wconf 91' lang='lat' dir='ltr'>de</span> <span class='ocrx_word' id='word_1_1090' title='bbox 2071 1689 2196 1724; x_wconf 85' lang='lat' dir='ltr'>periculis</span> <span class='ocrx_word' id='word_1_1091' title='bbox 2211 1690 2243 1720; x_wconf 85' lang='lat'>&amp;</span> <span class='ocrx_word' id='word_1_1092' title='bbox 2257 1691 2353 1722; x_wconf 81' lang='lat' dir='ltr'>adver-</span> 
     </span>
     <span class='ocr_line' id='line_1_146' title="bbox 1297 1712 2353 1763; baseline 0.017 -21"><span class='ocrx_word' id='word_1_1093' title='bbox 1297 1712 1432 1759; x_wconf 76' lang='lat' dir='ltr'>sitatibus,</span> <span class='ocrx_word' id='word_1_1094' title='bbox 1450 1715 1468 1746; x_wconf 87' lang='lat' dir='ltr'>si</span> <span class='ocrx_word' id='word_1_1095' title='bbox 1491 1728 1552 1755; x_wconf 66' lang='lat' dir='ltr'>quae</span> <span class='ocrx_word' id='word_1_1096' title='bbox 1575 1717 1701 1758; x_wconf 85' lang='lat' dir='ltr'>forsitan,</span> <span class='ocrx_word' id='word_1_1097' title='bbox 1720 1721 1794 1759; x_wconf 83' lang='lat' dir='ltr'>quod</span> <span class='ocrx_word' id='word_1_1098' title='bbox 1814 1722 1896 1760; x_wconf 61' lang='lat' dir='ltr'>absit,</span> <span class='ocrx_word' id='word_1_1099' title='bbox 1914 1722 2068 1754; x_wconf 84' lang='lat' dir='ltr'>emerserint</span> <span class='ocrx_word' id='word_1_1100' title='bbox 2084 1749 2094 1763; x_wconf 93' lang='lat'>,</span> <span class='ocrx_word' id='word_1_1101' title='bbox 2115 1736 2182 1757; x_wconf 75' lang='lat' dir='ltr'>cum</span> <span class='ocrx_word' id='word_1_1102' title='bbox 2206 1727 2263 1758; x_wconf 88' lang='lat' dir='ltr'>Dei</span> <span class='ocrx_word' id='word_1_1103' title='bbox 2277 1732 2353 1760; x_wconf 81' lang='lat' dir='ltr'>auxi-</span> 
     </span>
     <span class='ocr_line' id='line_1_147' title="bbox 1295 1750 1715 1795; baseline 0.017 -15"><span class='ocrx_word' id='word_1_1104' title='bbox 1295 1750 1349 1789; x_wconf 91' lang='lat' dir='ltr'>lio,</span> <span class='ocrx_word' id='word_1_1105' title='bbox 1365 1753 1480 1795; x_wconf 74' lang='lat' dir='ltr'>viriliter</span> <span class='ocrx_word' id='word_1_1106' title='bbox 1496 1766 1545 1786; x_wconf 82' lang='lat' dir='ltr'>vos</span> <span class='ocrx_word' id='word_1_1107' title='bbox 1560 1756 1715 1789; x_wconf 80' lang='lat' dir='ltr'>defendent.</span> 
     </span>
    </p>

    <p class='ocr_par' dir='ltr' id='par_1_41' title="bbox 1292 1790 2350 2102">
     <span class='ocr_line' id='line_1_148' title="bbox 1336 1790 2195 1836; baseline 0.013 -15"><span class='ocrx_word' id='word_1_1108' title='bbox 1336 1790 1417 1835; x_wconf 77' lang='lat' dir='ltr'>Licet</span> <span class='ocrx_word' id='word_1_1109' title='bbox 1430 1803 1539 1833; x_wconf 85' lang='lat' dir='ltr'>autern,</span> <span class='ocrx_word' id='word_1_1110' title='bbox 1556 1795 1633 1832; x_wconf 64' lang='lat' dir='ltr'>super</span> <span class='ocrx_word' id='word_1_1111' title='bbox 1648 1796 1802 1835; x_wconf 66' lang='lat' dir='ltr'>praemiisis,</span> <span class='ocrx_word' id='word_1_1112' title='bbox 1822 1797 1956 1836; x_wconf 64' lang='lat' dir='ltr'>p:··”‘jic&#39;i‘³</span> <span class='ocrx_word' id='word_1_1113' title='bbox 1973 1799 2039 1831; x_wconf 60' lang='lat' dir='ltr'>Mn:</span> <span class='ocrx_word' id='word_1_1114' title='bbox 2050 1800 2113 1832; x_wconf 68' lang='lat' dir='ltr'>{sii-0</span> <span class='ocrx_word' id='word_1_1115' title='bbox 2135 1808 2151 1836; x_wconf 35' lang='lat'>1³</span> <span class='ocrx_word' id='word_1_1116' title='bbox 2164 1803 2195 1832; x_wconf 46' lang='lat' dir='ltr'>iis</span> 
     </span>
     <span class='ocr_line' id='line_1_149' title="bbox 1297 1827 2350 1879; baseline 0.016 -21"><span class='ocrx_word' id='word_1_1117' title='bbox 1297 1827 1417 1873; x_wconf 82' lang='lat' dir='ltr'>Nuncio</span> <span class='ocrx_word' id='word_1_1118' title='bbox 1435 1832 1465 1861; x_wconf 93' lang='lat' dir='ltr'>sit</span> <span class='ocrx_word' id='word_1_1119' title='bbox 1483 1832 1661 1870; x_wconf 57' lang='lat' dir='ltr'>responffimg</span> <span class='ocrx_word' id='word_1_1120' title='bbox 1688 1836 1750 1872; x_wconf 63' lang='lat' dir='ltr'>(ll-²51</span> <span class='ocrx_word' id='word_1_1121' title='bbox 1770 1845 1863 1866; x_wconf 47' lang='lat' dir='ltr'>tamt?</span> <span class='ocrx_word' id='word_1_1122' title='bbox 1883 1837 1963 1873; x_wconf 48' lang='lat' dir='ltr'>pos&amp;</span> <span class='ocrx_word' id='word_1_1123' title='bbox 1991 1836 2153 1875; x_wconf 46' lang='lat' dir='ltr'>cor‘&gt;‘ris,e&#39;s</span> <span class='ocrx_word' id='word_1_1124' title='bbox 2177 1853 2218 1879; x_wconf 58' lang='lat' dir='ltr'>qui</span> <span class='ocrx_word' id='word_1_1125' title='bbox 2273 1845 2300 1875; x_wconf 73' lang='lat' dir='ltr'>iti</span> <span class='ocrx_word' id='word_1_1126' title='bbox 2332 1856 2350 1875; x_wconf 64' lang='lat' dir='ltr'>si</span> 
     </span>
     <span class='ocr_line' id='line_1_150' title="bbox 1296 1865 2347 1919; baseline 0.017 -23"><span class='ocrx_word' id='word_1_1127' title='bbox 1296 1865 1422 1911; x_wconf 79' lang='lat' dir='ltr'>Clericus</span> <span class='ocrx_word' id='word_1_1128' title='bbox 1437 1869 1592 1908; x_wconf 87' lang='lat' dir='ltr'>responsum</span> <span class='ocrx_word' id='word_1_1129' title='bbox 1607 1873 1701 1906; x_wconf 65' lang='lat' dir='ltr'>liuiusii</span> <span class='ocrx_word' id='word_1_1130' title='bbox 1738 1874 1760 1903; x_wconf 54' lang='lat' dir='ltr'>‘li</span> <span class='ocrx_word' id='word_1_1131' title='bbox 1776 1874 1847 1904; x_wconf 62' lang='lat' dir='ltr'>vestr</span> <span class='ocrx_word' id='word_1_1132' title='bbox 1864 1888 1871 1905; x_wconf 63' lang='grc' dir='ltr'><strong><em>ς</em></strong></span> <span class='ocrx_word' id='word_1_1133' title='bbox 1888 1878 1946 1904; x_wconf 53' lang='lat' dir='ltr'>sen}</span> <span class='ocrx_word' id='word_1_1134' title='bbox 1962 1886 2046 1907; x_wconf 62' lang='grc' dir='ltr'>ῑῑῃῑευι</span> <span class='ocrx_word' id='word_1_1135' title='bbox 2061 1888 2115 1907; x_wconf 76' lang='lat' dir='ltr'>non</span> <span class='ocrx_word' id='word_1_1136' title='bbox 2128 1890 2159 1908; x_wconf 62' lang='lat' dir='ltr'>,a</span> <span class='ocrx_word' id='word_1_1137' title='bbox 2174 1886 2222 1910; x_wconf 51' lang='lat' dir='ltr'>clai</span> <span class='ocrx_word' id='word_1_1138' title='bbox 2271 1893 2347 1919; x_wconf 71' lang='lat' dir='ltr'>ptcit</span> 
     </span>
     <span class='ocr_line' id='line_1_151' title="bbox 1294 1905 2350 1953; baseline 0.014 -19"><span class='ocrx_word' id='word_1_1139' title='bbox 1294 1905 1342 1934; x_wconf 69' lang='lat' dir='ltr'>sibi</span> <span class='ocrx_word' id='word_1_1140' title='bbox 1358 1906 1465 1937; x_wconf 67' lang='lat' dir='ltr'>&lt;lustum</span> <span class='ocrx_word' id='word_1_1141' title='bbox 1477 1912 1585 1951; x_wconf 34' lang='lat' dir='ltr'>-eXtitit,</span> <span class='ocrx_word' id='word_1_1142' title='bbox 1604 1913 1698 1940; x_wconf 64' lang='lat' dir='ltr'>recitat</span> <span class='ocrx_word' id='word_1_1143' title='bbox 1734 1938 1742 1948; x_wconf 63' lang='lat'><em>7</em></span> <span class='ocrx_word' id='word_1_1144' title='bbox 1760 1922 1806 1951; x_wconf 86' lang='lat' dir='ltr'>ut,</span> <span class='ocrx_word' id='word_1_1145' title='bbox 1823 1921 1858 1943; x_wconf 72' lang='lat' dir='ltr'>(te</span> <span class='ocrx_word' id='word_1_1146' title='bbox 1882 1924 1992 1945; x_wconf 56' lang='lat' dir='ltr'>verni-ite</span> <span class='ocrx_word' id='word_1_1147' title='bbox 2012 1916 2226 1953; x_wconf 52' lang='lat' dir='ltr'>pi.v;utiii?w·÷n</span> <span class='ocrx_word' id='word_1_1148' title='bbox 2250 1934 2253 1947; x_wconf 67' lang='lat' dir='ltr'>i</span> <span class='ocrx_word' id='word_1_1149' title='bbox 2290 1921 2350 1951; x_wconf 67' lang='lat' dir='ltr'>sti..-</span> 
     </span>
     <span class='ocr_line' id='line_1_152' title="bbox 1295 1945 2349 1992; baseline 0.015 -19"><span class='ocrx_word' id='word_1_1150' title='bbox 1295 1953 1348 1981; x_wconf 84' lang='lat' dir='ltr'>que</span> <span class='ocrx_word' id='word_1_1151' title='bbox 1371 1945 1542 1984; x_wconf 67' lang='lat' dir='ltr'>responsione</span> <span class='ocrx_word' id='word_1_1152' title='bbox 1566 1949 1694 1991; x_wconf 49' lang='lat' dir='ltr'>praedicta</span> <span class='ocrx_word' id='word_1_1153' title='bbox 1711 1950 1816 1987; x_wconf 78' lang='lat' dir='ltr'>plenius</span> <span class='ocrx_word' id='word_1_1154' title='bbox 1833 1953 1911 1982; x_wconf 79' lang='lat' dir='ltr'>vobis</span> <span class='ocrx_word' id='word_1_1155' title='bbox 1927 1953 2050 1992; x_wconf 88' lang='lat' dir='ltr'>constet,</span> <span class='ocrx_word' id='word_1_1156' title='bbox 2069 1956 2207 1992; x_wconf 68' lang='lat' dir='ltr'>poffinititi</span> <span class='ocrx_word' id='word_1_1157' title='bbox 2243 1960 2349 1989; x_wconf 65' lang='lat' dir='ltr'>cuibus-</span> 
     </span>
     <span class='ocr_line' id='line_1_153' title="bbox 1293 1986 2349 2035; baseline 0.015 -23"><span class='ocrx_word' id='word_1_1158' title='bbox 1293 1992 1431 2023; x_wconf 87' lang='lat' dir='ltr'>cumque,</span> <span class='ocrx_word' id='word_1_1159' title='bbox 1449 1986 1509 2016; x_wconf 71' lang='lat' dir='ltr'>alias</span> <span class='ocrx_word' id='word_1_1160' title='bbox 1525 1987 1633 2017; x_wconf 76' lang='lat' dir='ltr'>foriitan</span> <span class='ocrx_word' id='word_1_1161' title='bbox 1654 1989 1734 2020; x_wconf 82' lang='lat' dir='ltr'>vobis</span> <span class='ocrx_word' id='word_1_1162' title='bbox 1750 1989 1825 2027; x_wconf 88' lang='lat' dir='ltr'>super</span> <span class='ocrx_word' id='word_1_1163' title='bbox 1849 1990 1898 2020; x_wconf 83' lang='lat' dir='ltr'>hiis</span> <span class='ocrx_word' id='word_1_1164' title='bbox 1918 1991 2106 2030; x_wconf 81' lang='lat' dir='ltr'>loquentibus,</span> <span class='ocrx_word' id='word_1_1165' title='bbox 2124 1991 2209 2025; x_wconf 79' lang='lat' dir='ltr'>certiu</span> <span class='ocrx_word' id='word_1_1166' title='bbox 2239 1990 2258 2026; x_wconf 64' lang='lat' dir='ltr'>rs</span> <span class='ocrx_word' id='word_1_1167' title='bbox 2268 1998 2295 2035; x_wconf 88' lang='lat' dir='ltr'>sp</span> <span class='ocrx_word' id='word_1_1168' title='bbox 2309 2009 2349 2027; x_wconf 66' lang='lat' dir='ltr'>in-</span> 
     </span>
     <span class='ocr_line' id='line_1_154' title="bbox 1292 2019 2328 2071; baseline 0.017 -23"><span class='ocrx_word' id='word_1_1169' title='bbox 1292 2019 1370 2059; x_wconf 87' lang='lat' dir='ltr'>dere,</span> <span class='ocrx_word' id='word_1_1170' title='bbox 1391 2024 1532 2060; x_wconf 75' lang='lat' dir='ltr'>praesentes</span> <span class='ocrx_word' id='word_1_1171' title='bbox 1544 2026 1641 2056; x_wconf 84' lang='lat' dir='ltr'>litteras</span> <span class='ocrx_word' id='word_1_1172' title='bbox 1656 2036 1702 2063; x_wconf 87' lang='lat' dir='ltr'>per</span> <span class='ocrx_word' id='word_1_1173' title='bbox 1716 2026 1853 2058; x_wconf 87' lang='lat' dir='ltr'>Valettum</span> <span class='ocrx_word' id='word_1_1174' title='bbox 1870 2029 2011 2069; x_wconf 76' lang='lat' dir='ltr'>nostruin,</span> <span class='ocrx_word' id='word_1_1175' title='bbox 2028 2031 2142 2063; x_wconf 80' lang='lat' dir='ltr'>latorem</span> <span class='ocrx_word' id='word_1_1176' title='bbox 2157 2034 2328 2071; x_wconf 33' lang='lat' dir='ltr'>praescsitium</span> 
     </span>
     <span class='ocr_line' id='line_1_155' title="bbox 1292 2059 2347 2102; baseline 0.015 -14"><span class='ocrx_word' id='word_1_1177' title='bbox 1292 2059 1388 2090; x_wconf 68' lang='lat' dir='ltr'>vestrae</span> <span class='ocrx_word' id='word_1_1178' title='bbox 1401 2061 1564 2102; x_wconf 70' lang='lat' dir='ltr'>Beatitudini</span> <span class='ocrx_word' id='word_1_1179' title='bbox 1579 2063 1753 2095; x_wconf 78' lang='lat' dir='ltr'>destinamus.</span> <span class='ocrx_word' id='word_1_1180' title='bbox 2337 2061 2347 2075; x_wconf 69' lang='lat'>⁷</span> 
     </span>
    </p>

    <p class='ocr_par' dir='ltr' id='par_1_42' title="bbox 1292 2097 2349 2177">
     <span class='ocr_line' id='line_1_156' title="bbox 1330 2097 2349 2150; baseline 0.015 -22"><span class='ocrx_word' id='word_1_1181' title='bbox 1330 2097 1483 2131; x_wconf 73' lang='lat' dir='ltr'>Conservet</span> <span class='ocrx_word' id='word_1_1182' title='bbox 1495 2112 1543 2132; x_wconf 90' lang='lat' dir='ltr'>vos</span> <span class='ocrx_word' id='word_1_1183' title='bbox 1557 2102 1714 2141; x_wconf 79' lang='lat' dir='ltr'>altiffimus,</span> <span class='ocrx_word' id='word_1_1184' title='bbox 1733 2104 1766 2134; x_wconf 88' lang='lat' dir='ltr'>ad</span> <span class='ocrx_word' id='word_1_1185' title='bbox 1779 2106 1906 2143; x_wconf 80' lang='lat' dir='ltr'>regimen</span> <span class='ocrx_word' id='word_1_1186' title='bbox 1925 2106 2056 2138; x_wconf 77' lang='lat' dir='ltr'>Ecclesiae</span> <span class='ocrx_word' id='word_1_1187' title='bbox 2070 2109 2140 2147; x_wconf 77' lang='lat' dir='ltr'>suae,</span> <span class='ocrx_word' id='word_1_1188' title='bbox 2157 2120 2205 2147; x_wconf 88' lang='lat' dir='ltr'>per</span> <span class='ocrx_word' id='word_1_1189' title='bbox 2224 2120 2349 2150; x_wconf 84' lang='lat' dir='ltr'>tempora</span> 
     </span>
     <span class='ocr_line' id='line_1_157' title="bbox 1292 2136 1608 2177; baseline 0.019 -12"><span class='ocrx_word' id='word_1_1190' title='bbox 1292 2136 1416 2176; x_wconf 84' lang='lat' dir='ltr'>prospera</span> <span class='ocrx_word' id='word_1_1191' title='bbox 1427 2140 1459 2169; x_wconf 88' lang='lat'>&amp;</span> <span class='ocrx_word' id='word_1_1192' title='bbox 1470 2140 1608 2177; x_wconf 81' lang='lat' dir='ltr'>longaeva.</span> 
     </span>
    </p>
   </div>
   <div class='ocr_carea' id='block_1_26' title="bbox 1331 2198 1841 2259">
    <p class='ocr_par' dir='ltr' id='par_1_43' title="bbox 1331 2198 1841 2259">
     <span class='ocr_line' id='line_1_158' title="bbox 1331 2198 1841 2259; baseline 0.012 -14"><span class='ocrx_word' id='word_1_1193' title='bbox 1331 2213 1398 2245; x_wconf 86' lang='lat' dir='ltr'>Dat.</span> <span class='ocrx_word' id='word_1_1194' title='bbox 1410 2198 1488 2253; x_wconf 31' lang='lat' dir='ltr'>&#39;apud</span> <span class='ocrx_word' id='word_1_1195' title='bbox 1507 2217 1632 2248; x_wconf 88' lang='lat' dir='ltr'>Westm.</span> <span class='ocrx_word' id='word_1_1196' title='bbox 1652 2227 1679 2257; x_wconf 84' lang='lat'>5.</span> <span class='ocrx_word' id='word_1_1197' title='bbox 1698 2218 1744 2249; x_wconf 87' lang='lat' dir='ltr'>die</span> <span class='ocrx_word' id='word_1_1198' title='bbox 1758 2219 1841 2259; x_wconf 79' lang='lat' dir='ltr'>junii.</span> 
     </span>
    </p>
   </div>
   <div class='ocr_carea' id='block_1_27' title="bbox 2200 1806 2353 1849">
    <p class='ocr_par' dir='ltr' id='par_1_44' title="bbox 2200 1806 2353 1849">
     <span class='ocr_line' id='line_1_159' title="bbox 2200 1806 2353 1849; baseline 0.026 -16"><span class='ocrx_word' id='word_1_1199' title='bbox 2200 1815 2215 1827; x_wconf 51' lang='lat' dir='ltr'>v*</span> <span class='ocrx_word' id='word_1_1200' title='bbox 2229 1806 2245 1833; x_wconf 56' lang='lat' dir='ltr'>ii</span> <span class='ocrx_word' id='word_1_1201' title='bbox 2263 1806 2353 1849; x_wconf 62' lang='lat' dir='ltr'>vestro</span> 
     </span>
    </p>
   </div>
   <div class='ocr_carea' id='block_1_28' title="bbox 1313 2340 2324 2390">
    <p class='ocr_par' dir='ltr' id='par_1_45' title="bbox 1313 2340 2324 2390">
     <span class='ocr_line' id='line_1_160' title="bbox 1313 2340 2324 2390; baseline 0.01 -17"><span class='ocrx_word' id='word_1_1202' title='bbox 1313 2341 1362 2373; x_wconf 86' lang='lat' dir='ltr'>De</span> <span class='ocrx_word' id='word_1_1203' title='bbox 1388 2340 1560 2387; x_wconf 78' lang='lat' dir='ltr'>inquirendo</span> <span class='ocrx_word' id='word_1_1204' title='bbox 1576 2342 1669 2388; x_wconf 69' lang='lat' dir='ltr'>siaeper·</span> <span class='ocrx_word' id='word_1_1205' title='bbox 1687 2344 1829 2390; x_wconf 78' lang='lat' dir='ltr'>Reliquiis</span> <span class='ocrx_word' id='word_1_1206' title='bbox 1855 2345 1939 2390; x_wconf 80' lang='lat' dir='ltr'>infra</span> <span class='ocrx_word' id='word_1_1207' title='bbox 1963 2344 2153 2381; x_wconf 84' lang='lat' dir='ltr'>Abbathiam</span> <span class='ocrx_word' id='word_1_1208' title='bbox 2171 2348 2207 2381; x_wconf 84' lang='lat' dir='ltr'>de</span> <span class='ocrx_word' id='word_1_1209' title='bbox 2225 2353 2324 2385; x_wconf 86' lang='lat' dir='ltr'>Scone.</span> 
     </span>
    </p>
   </div>
   <div class='ocr_carea' id='block_1_29' title="bbox 1280 2425 2490 2963">
    <p class='ocr_par' dir='ltr' id='par_1_46' title="bbox 1280 2425 2490 2963">
     <span class='ocr_line' id='line_1_161' title="bbox 1290 2425 2342 2486; baseline 0.011 -32"><span class='ocrx_word' id='word_1_1210' title='bbox 1290 2426 1468 2486; x_wconf 87' lang='lat' dir='ltr'>CLemens</span> <span class='ocrx_word' id='word_1_1211' title='bbox 1489 2425 1656 2465; x_wconf 87' lang='lat' dir='ltr'>Episcopus,</span> <span class='ocrx_word' id='word_1_1212' title='bbox 1674 2428 1762 2459; x_wconf 83' lang='lat' dir='ltr'>servus</span> <span class='ocrx_word' id='word_1_1213' title='bbox 1779 2429 1918 2461; x_wconf 85' lang='lat' dir='ltr'>servorum</span> <span class='ocrx_word' id='word_1_1214' title='bbox 1943 2430 2015 2469; x_wconf 84' lang='lat' dir='ltr'>Dei,</span> <span class='ocrx_word' id='word_1_1215' title='bbox 2033 2433 2232 2463; x_wconf 79' lang='lat' dir='ltr'>venerabilibus</span> <span class='ocrx_word' id='word_1_1216' title='bbox 2252 2434 2342 2466; x_wconf 85' lang='lat' dir='ltr'>fratri-</span> 
     </span>
     <span class='ocr_line' id='line_1_162' title="bbox 1298 2460 2490 2510; baseline 0.011 -18"><span class='ocrx_word' id='word_1_1217' title='bbox 1298 2502 1304 2507; x_wconf 28' lang='lat'><em>*</em></span> <span class='ocrx_word' id='word_1_1218' title='bbox 1366 2466 1414 2495; x_wconf 90' lang='lat' dir='ltr'>bus</span> <span class='ocrx_word' id='word_1_1219' title='bbox 1545 2465 1763 2504; x_wconf 88' lang='lat' dir='ltr'>Archiepiscopo</span> <span class='ocrx_word' id='word_1_1220' title='bbox 1781 2467 1964 2507; x_wconf 86' lang='lat' dir='ltr'>Eboracensi,</span> <span class='ocrx_word' id='word_1_1221' title='bbox 1982 2470 2015 2500; x_wconf 89' lang='lat'>&amp;</span> <span class='ocrx_word' id='word_1_1222' title='bbox 2144 2470 2285 2510; x_wconf 85' lang='lat' dir='ltr'>Episcopo</span> <span class='ocrx_word' id='word_1_1223' title='bbox 2304 2473 2342 2504; x_wconf 93' lang='lat' dir='ltr'>E·</span> <span class='ocrx_word' id='word_1_1224' title='bbox 2361 2460 2433 2491; x_wconf 60' lang='lat' dir='ltr'><strong>Anu·</strong></span> <span class='ocrx_word' id='word_1_1225' title='bbox 2452 2461 2490 2493; x_wconf 83' lang='lat' dir='ltr'>D·</span> 
     </span>
     <span class='ocr_line' id='line_1_163' title="bbox 1285 2499 2472 2541; baseline 0.008 -10"><span class='ocrx_word' id='word_1_1226' title='bbox 1285 2499 1376 2540; x_wconf 82' lang='lat' dir='ltr'>lienfi,</span> <span class='ocrx_word' id='word_1_1227' title='bbox 1395 2503 1504 2533; x_wconf 76' lang='lat' dir='ltr'>salutem</span> <span class='ocrx_word' id='word_1_1228' title='bbox 1519 2503 1552 2533; x_wconf 88' lang='lat'>&amp;</span> <span class='ocrx_word' id='word_1_1229' title='bbox 1568 2504 1759 2541; x_wconf 89' lang='lat' dir='ltr'>Apostolicam</span> <span class='ocrx_word' id='word_1_1230' title='bbox 1773 2506 2006 2538; x_wconf 66' lang='lat' dir='ltr'>benedietionem.</span> <span class='ocrx_word' id='word_1_1231' title='bbox 2389 2510 2401 2529; x_wconf 87' lang='lat'><em>1</em></span> <span class='ocrx_word' id='word_1_1232' title='bbox 2410 2502 2472 2540; x_wconf 78' lang='lat'>306·</span> 
     </span>
     <span class='ocr_line' id='line_1_164' title="bbox 1325 2539 2470 2585; baseline 0.01 -15"><span class='ocrx_word' id='word_1_1233' title='bbox 1325 2539 1401 2570; x_wconf 86' lang='lat' dir='ltr'>Cum</span> <span class='ocrx_word' id='word_1_1234' title='bbox 1419 2543 1448 2585; x_wconf 82' lang='lat' dir='ltr'>in</span> <span class='ocrx_word' id='word_1_1235' title='bbox 1467 2541 1584 2571; x_wconf 61' lang='lat' dir='ltr'>Abbati&amp;</span> <span class='ocrx_word' id='word_1_1236' title='bbox 1598 2543 1634 2573; x_wconf 92' lang='lat' dir='ltr'>de</span> <span class='ocrx_word' id='word_1_1237' title='bbox 1649 2543 1741 2573; x_wconf 89' lang='lat' dir='ltr'>Scone</span> <span class='ocrx_word' id='word_1_1238' title='bbox 1757 2544 1886 2582; x_wconf 74' lang='lat' dir='ltr'>quaedam</span> <span class='ocrx_word' id='word_1_1239' title='bbox 1901 2545 2056 2576; x_wconf 57' lang='lat' dir='ltr'>sannorum</span> <span class='ocrx_word' id='word_1_1240' title='bbox 2074 2546 2195 2585; x_wconf 78' lang='lat' dir='ltr'>reliquiae</span> <span class='ocrx_word' id='word_1_1241' title='bbox 2214 2550 2342 2580; x_wconf 89' lang='lat' dir='ltr'>recondi·</span> <span class='ocrx_word' id='word_1_1242' title='bbox 2361 2543 2415 2567; x_wconf 84' lang='lat' dir='ltr'>An.</span> <span class='ocrx_word' id='word_1_1243' title='bbox 2427 2550 2470 2575; x_wconf 70' lang='lat'>34-</span> 
     </span>
     <span class='ocr_line' id='line_1_165' title="bbox 1285 2578 2437 2628; baseline 0.01 -20"><span class='ocrx_word' id='word_1_1244' title='bbox 1285 2586 1322 2608; x_wconf 80' lang='lat' dir='ltr'>tae</span> <span class='ocrx_word' id='word_1_1245' title='bbox 1336 2578 1395 2610; x_wconf 79' lang='lat' dir='ltr'>fore</span> <span class='ocrx_word' id='word_1_1246' title='bbox 1410 2579 1550 2622; x_wconf 62' lang='lat' dir='ltr'>dipantur,</span> <span class='ocrx_word' id='word_1_1247' title='bbox 1569 2590 1633 2619; x_wconf 91' lang='lat' dir='ltr'>nos,</span> <span class='ocrx_word' id='word_1_1248' title='bbox 1651 2591 1728 2619; x_wconf 71' lang='lat' dir='ltr'>quae,</span> <span class='ocrx_word' id='word_1_1249' title='bbox 1745 2582 1777 2613; x_wconf 68' lang='grc' dir='ltr'>ὃς</span> <span class='ocrx_word' id='word_1_1250' title='bbox 1790 2591 1874 2621; x_wconf 87' lang='lat' dir='ltr'>quot,</span> <span class='ocrx_word' id='word_1_1251' title='bbox 1891 2584 1924 2614; x_wconf 68' lang='grc' dir='ltr'>ὃς</span> <span class='ocrx_word' id='word_1_1252' title='bbox 1937 2594 2071 2623; x_wconf 87' lang='lat' dir='ltr'>quorum,</span> <span class='ocrx_word' id='word_1_1253' title='bbox 2091 2585 2110 2615; x_wconf 80' lang='lat' dir='ltr'>fi</span> <span class='ocrx_word' id='word_1_1254' title='bbox 2123 2585 2220 2624; x_wconf 79' lang='lat' dir='ltr'>aliquae</span> <span class='ocrx_word' id='word_1_1255' title='bbox 2228 2588 2266 2618; x_wconf 91' lang='lat' dir='ltr'>ibi</span> <span class='ocrx_word' id='word_1_1256' title='bbox 2276 2589 2343 2628; x_wconf 75' lang='lat' dir='ltr'>(int,</span> <span class='ocrx_word' id='word_1_1257' title='bbox 2362 2581 2389 2604; x_wconf 75' lang='lat' dir='ltr'>E.</span> <span class='ocrx_word' id='word_1_1258' title='bbox 2415 2587 2437 2604; x_wconf 71' lang='lat'>¹¹</span> 
     </span>
     <span class='ocr_line' id='line_1_166' title="bbox 1285 2617 2466 2664; baseline 0.01 -18"><span class='ocrx_word' id='word_1_1259' title='bbox 1285 2618 1318 2647; x_wconf 65' lang='grc' dir='ltr'>ὃς</span> <span class='ocrx_word' id='word_1_1260' title='bbox 1336 2617 1411 2662; x_wconf 40' lang='lat' dir='ltr'>lici-te</span> <span class='ocrx_word' id='word_1_1261' title='bbox 1432 2619 1487 2648; x_wconf 79' lang='lat' dir='ltr'>neri</span> <span class='ocrx_word' id='word_1_1262' title='bbox 1510 2620 1624 2662; x_wconf 80' lang='lat' dir='ltr'>poterit,</span> <span class='ocrx_word' id='word_1_1263' title='bbox 1643 2619 1756 2650; x_wconf 79' lang='lat' dir='ltr'>existant</span> <span class='ocrx_word' id='word_1_1264' title='bbox 1778 2620 1935 2658; x_wconf 83' lang='lat' dir='ltr'>hujusmodi</span> <span class='ocrx_word' id='word_1_1265' title='bbox 1955 2622 2097 2661; x_wconf 71' lang='lat' dir='ltr'>reliquiae,</span> <span class='ocrx_word' id='word_1_1266' title='bbox 2123 2624 2156 2654; x_wconf 90' lang='lat'>&amp;</span> <span class='ocrx_word' id='word_1_1267' title='bbox 2173 2634 2207 2654; x_wconf 89' lang='lat' dir='ltr'>an</span> <span class='ocrx_word' id='word_1_1268' title='bbox 2222 2626 2342 2664; x_wconf 88' lang='lat' dir='ltr'>ejusdem</span> <span class='ocrx_word' id='word_1_1269' title='bbox 2361 2619 2466 2644; x_wconf 77' lang='lat' dir='ltr'><em>ExAu-</em></span> 
     </span>
     <span class='ocr_line' id='line_1_167' title="bbox 1285 2656 2421 2704; baseline 0.009 -19"><span class='ocrx_word' id='word_1_1270' title='bbox 1285 2656 1414 2686; x_wconf 71' lang='lat' dir='ltr'>Abbati-ae</span> <span class='ocrx_word' id='word_1_1271' title='bbox 1426 2656 1577 2694; x_wconf 78' lang='lat' dir='ltr'>transsatio,</span> <span class='ocrx_word' id='word_1_1272' title='bbox 1594 2658 1613 2688; x_wconf 85' lang='lat' dir='ltr'>si</span> <span class='ocrx_word' id='word_1_1273' title='bbox 1629 2657 1719 2696; x_wconf 89' lang='lat' dir='ltr'>fieret,</span> <span class='ocrx_word' id='word_1_1274' title='bbox 1737 2659 1765 2688; x_wconf 90' lang='lat' dir='ltr'>in</span> <span class='ocrx_word' id='word_1_1275' title='bbox 1781 2659 1891 2698; x_wconf 85' lang='lat' dir='ltr'>alicujus</span> <span class='ocrx_word' id='word_1_1276' title='bbox 1906 2661 2096 2698; x_wconf 57' lang='lat' dir='ltr'>praejudicium</span> <span class='ocrx_word' id='word_1_1277' title='bbox 2112 2662 2289 2704; x_wconf 85' lang='lat' dir='ltr'>redundaret,</span> <span class='ocrx_word' id='word_1_1278' title='bbox 2308 2666 2341 2696; x_wconf 90' lang='lat'>&amp;</span> <span class='ocrx_word' id='word_1_1279' title='bbox 2358 2660 2421 2690; x_wconf 60' lang='lat'><em>&#39;⁰3⁷‘</em></span> 
     </span>
     <span class='ocr_line' id='line_1_168' title="bbox 1285 2694 2341 2737; baseline 0.009 -14"><span class='ocrx_word' id='word_1_1280' title='bbox 1285 2695 1343 2731; x_wconf 88' lang='lat' dir='ltr'>quis</span> <span class='ocrx_word' id='word_1_1281' title='bbox 1361 2696 1388 2724; x_wconf 90' lang='lat' dir='ltr'>in</span> <span class='ocrx_word' id='word_1_1282' title='bbox 1401 2694 1445 2724; x_wconf 74' lang='lat' dir='ltr'>illa</span> <span class='ocrx_word' id='word_1_1283' title='bbox 1456 2695 1501 2732; x_wconf 87' lang='lat' dir='ltr'>jus</span> <span class='ocrx_word' id='word_1_1284' title='bbox 1513 2695 1636 2726; x_wconf 88' lang='lat' dir='ltr'>obtineat</span> <span class='ocrx_word' id='word_1_1285' title='bbox 1647 2695 1819 2736; x_wconf 70' lang='lat' dir='ltr'>patronatus,</span> <span class='ocrx_word' id='word_1_1286' title='bbox 1837 2698 1881 2729; x_wconf 81' lang='lat' dir='ltr'>vel</span> <span class='ocrx_word' id='word_1_1287' title='bbox 1897 2700 2038 2737; x_wconf 87' lang='lat' dir='ltr'>primarius</span> <span class='ocrx_word' id='word_1_1288' title='bbox 2052 2700 2133 2731; x_wconf 88' lang='lat' dir='ltr'>fuerit</span> <span class='ocrx_word' id='word_1_1289' title='bbox 2147 2700 2275 2733; x_wconf 84' lang='lat' dir='ltr'>fundator</span> <span class='ocrx_word' id='word_1_1290' title='bbox 2289 2703 2341 2733; x_wconf 88' lang='lat' dir='ltr'>illi-</span> 
     </span>
     <span class='ocr_line' id='line_1_169' title="bbox 1284 2731 1569 2771; baseline 0.004 -9"><span class='ocrx_word' id='word_1_1291' title='bbox 1284 2742 1330 2771; x_wconf 89' lang='lat' dir='ltr'>us,</span> <span class='ocrx_word' id='word_1_1292' title='bbox 1350 2731 1418 2763; x_wconf 89' lang='lat' dir='ltr'>scire</span> <span class='ocrx_word' id='word_1_1293' title='bbox 1430 2732 1569 2771; x_wconf 91' lang='lat' dir='ltr'>volentes,</span> 
     </span>
     <span class='ocr_line' id='line_1_170' title="bbox 1323 2771 2341 2816; baseline 0.01 -15"><span class='ocrx_word' id='word_1_1294' title='bbox 1323 2771 1488 2802; x_wconf 87' lang='lat' dir='ltr'>Fraternitati</span> <span class='ocrx_word' id='word_1_1295' title='bbox 1503 2771 1600 2803; x_wconf 83' lang='lat' dir='ltr'>vestrae</span> <span class='ocrx_word' id='word_1_1296' title='bbox 1615 2782 1663 2810; x_wconf 89' lang='lat' dir='ltr'>per</span> <span class='ocrx_word' id='word_1_1297' title='bbox 1680 2772 1840 2811; x_wconf 86' lang='lat' dir='ltr'>Apostolica</span> <span class='ocrx_word' id='word_1_1298' title='bbox 1857 2774 1956 2813; x_wconf 86' lang='lat' dir='ltr'>scripta</span> <span class='ocrx_word' id='word_1_1299' title='bbox 1975 2776 2152 2815; x_wconf 76' lang='lat' dir='ltr'>mandamus,</span> <span class='ocrx_word' id='word_1_1300' title='bbox 2169 2780 2293 2816; x_wconf 86' lang='lat' dir='ltr'>quatinus</span> <span class='ocrx_word' id='word_1_1301' title='bbox 2306 2780 2341 2811; x_wconf 91' lang='lat' dir='ltr'>de</span> 
     </span>
     <span class='ocr_line' id='line_1_171' title="bbox 1282 2809 2338 2857; baseline 0.009 -18"><span class='ocrx_word' id='word_1_1302' title='bbox 1282 2809 1335 2839; x_wconf 90' lang='lat' dir='ltr'>hiis</span> <span class='ocrx_word' id='word_1_1303' title='bbox 1356 2810 1389 2840; x_wconf 87' lang='lat'>&amp;</span> <span class='ocrx_word' id='word_1_1304' title='bbox 1410 2809 1483 2848; x_wconf 87' lang='lat' dir='ltr'>aliis,</span> <span class='ocrx_word' id='word_1_1305' title='bbox 1502 2821 1563 2849; x_wconf 84' lang='lat' dir='ltr'>quae</span> <span class='ocrx_word' id='word_1_1306' title='bbox 1577 2812 1651 2841; x_wconf 82' lang='lat' dir='ltr'>circa</span> <span class='ocrx_word' id='word_1_1307' title='bbox 1662 2811 1796 2848; x_wconf 74' lang='lat' dir='ltr'>praemiffa</span> <span class='ocrx_word' id='word_1_1308' title='bbox 1812 2813 1891 2843; x_wconf 87' lang='lat' dir='ltr'>vobis</span> <span class='ocrx_word' id='word_1_1309' title='bbox 1913 2814 2077 2845; x_wconf 88' lang='lat' dir='ltr'>videbuntur</span> <span class='ocrx_word' id='word_1_1310' title='bbox 2091 2815 2151 2845; x_wconf 82' lang='lat' dir='ltr'>fore</span> <span class='ocrx_word' id='word_1_1311' title='bbox 2164 2817 2338 2857; x_wconf 86' lang='lat' dir='ltr'>inquirenda,</span> 
     </span>
     <span class='ocr_line' id='line_1_172' title="bbox 1282 2847 2338 2891; baseline 0.008 -13"><span class='ocrx_word' id='word_1_1312' title='bbox 1282 2847 1390 2879; x_wconf 81' lang='lat' dir='ltr'>solerter</span> <span class='ocrx_word' id='word_1_1313' title='bbox 1404 2850 1586 2887; x_wconf 77' lang='lat' dir='ltr'>inquirentes,</span> <span class='ocrx_word' id='word_1_1314' title='bbox 1603 2849 1706 2886; x_wconf 89' lang='lat' dir='ltr'>plenius</span> <span class='ocrx_word' id='word_1_1315' title='bbox 1721 2851 1860 2881; x_wconf 87' lang='lat' dir='ltr'>veritatem</span> <span class='ocrx_word' id='word_1_1316' title='bbox 1878 2852 1972 2890; x_wconf 83' lang='lat' dir='ltr'>nobis,</span> <span class='ocrx_word' id='word_1_1317' title='bbox 1993 2853 2125 2891; x_wconf 89' lang='lat' dir='ltr'>quicquid</span> <span class='ocrx_word' id='word_1_1318' title='bbox 2146 2854 2210 2885; x_wconf 91' lang='lat' dir='ltr'>inde</span> <span class='ocrx_word' id='word_1_1319' title='bbox 2226 2856 2338 2886; x_wconf 88' lang='lat' dir='ltr'>invene-</span> 
     </span>
     <span class='ocr_line' id='line_1_173' title="bbox 1281 2886 2339 2931; baseline 0.008 -15"><span class='ocrx_word' id='word_1_1320' title='bbox 1281 2887 1337 2916; x_wconf 90' lang='lat' dir='ltr'>ritis</span> <span class='ocrx_word' id='word_1_1321' title='bbox 1345 2909 1362 2930; x_wconf 38' lang='grc' dir='ltr'>,Ι</span> <span class='ocrx_word' id='word_1_1322' title='bbox 1373 2889 1533 2931; x_wconf 83' lang='lat' dir='ltr'>quantocius</span> <span class='ocrx_word' id='word_1_1323' title='bbox 1550 2886 1662 2931; x_wconf 83' lang='lat' dir='ltr'>fideliter</span> <span class='ocrx_word' id='word_1_1324' title='bbox 1677 2898 1725 2926; x_wconf 83' lang='lat' dir='ltr'>per</span> <span class='ocrx_word' id='word_1_1325' title='bbox 1741 2888 1837 2920; x_wconf 87' lang='lat' dir='ltr'>vestras</span> <span class='ocrx_word' id='word_1_1326' title='bbox 1852 2889 2069 2928; x_wconf 87' lang='lat' dir='ltr'>littei·as,harum</span> <span class='ocrx_word' id='word_1_1327' title='bbox 2084 2891 2180 2923; x_wconf 84' lang='lat' dir='ltr'>seriem</span> <span class='ocrx_word' id='word_1_1328' title='bbox 2192 2894 2339 2924; x_wconf 88' lang='lat' dir='ltr'>continen-</span> 
     </span>
     <span class='ocr_line' id='line_1_174' title="bbox 1280 2932 1601 2963; baseline 0.003 -8"><span class='ocrx_word' id='word_1_1329' title='bbox 1280 2932 1336 2963; x_wconf 88' lang='lat' dir='ltr'>tes,</span> <span class='ocrx_word' id='word_1_1330' title='bbox 1353 2935 1480 2956; x_wconf 81' lang='lat' dir='ltr'>mumare</span> <span class='ocrx_word' id='word_1_1331' title='bbox 1495 2934 1601 2956; x_wconf 71' lang='lat' dir='ltr'>curetis</span> 
     </span>
    </p>
   </div>
   <div class='ocr_carea' id='block_1_30' title="bbox 1280 3000 2338 3078">
    <p class='ocr_par' dir='ltr' id='par_1_47' title="bbox 1280 3000 2338 3078">
     <span class='ocr_line' id='line_1_175' title="bbox 1316 3000 2338 3046; baseline 0.008 -15"><span class='ocrx_word' id='word_1_1332' title='bbox 1316 3000 1374 3031; x_wconf 90' lang='lat' dir='ltr'>Dat</span> <span class='ocrx_word' id='word_1_1333' title='bbox 1398 3001 1554 3046; x_wconf 65' lang='lat' dir='ltr'>Burdegalis</span> <span class='ocrx_word' id='word_1_1334' title='bbox 1575 3001 1688 3033; x_wconf 89' lang='lat' dir='ltr'>decimo</span> <span class='ocrx_word' id='word_1_1335' title='bbox 1709 3004 1805 3042; x_wconf 89' lang='lat' dir='ltr'>quinto</span> <span class='ocrx_word' id='word_1_1336' title='bbox 1826 3002 1942 3034; x_wconf 84' lang='lat' dir='ltr'>Kalend.</span> <span class='ocrx_word' id='word_1_1337' title='bbox 1952 3003 2038 3043; x_wconf 87' lang='lat' dir='ltr'>Julii,</span> <span class='ocrx_word' id='word_1_1338' title='bbox 2055 3003 2238 3038; x_wconf 76' lang='lat' dir='ltr'>Pontificatfis</span> <span class='ocrx_word' id='word_1_1339' title='bbox 2253 3007 2338 3039; x_wconf 82' lang='lat' dir='ltr'>nostri</span> 
     </span>
     <span class='ocr_line' id='line_1_176' title="bbox 1280 3049 1470 3078; baseline 0 -8"><span class='ocrx_word' id='word_1_1340' title='bbox 1280 3049 1353 3071; x_wconf 87' lang='lat' dir='ltr'>anno</span> <span class='ocrx_word' id='word_1_1341' title='bbox 1368 3050 1470 3078; x_wconf 83' lang='lat' dir='ltr'>primo.</span> 
     </span>
    </p>
   </div>
   <div class='ocr_carea' id='block_1_31' title="bbox 2055 3119 2300 3162">
    <p class='ocr_par' dir='ltr' id='par_1_48' title="bbox 2055 3119 2300 3162">
     <span class='ocr_line' id='line_1_177' title="bbox 2055 3119 2300 3162; baseline 0.016 -12"><span class='ocrx_word' id='word_1_1342' title='bbox 2055 3119 2109 3150; x_wconf 78' lang='lat' dir='ltr'>Sub</span> <span class='ocrx_word' id='word_1_1343' title='bbox 2115 3119 2167 3162; x_wconf 90' lang='lat' dir='ltr'>filo</span> <span class='ocrx_word' id='word_1_1344' title='bbox 2180 3123 2300 3154; x_wconf 80' lang='lat' dir='ltr'>canabeo.</span> 
     </span>
    </p>
   </div>
   <div class='ocr_carea' id='block_1_32' title="bbox 1279 3240 2335 3327">
    <p class='ocr_par' dir='ltr' id='par_1_49' title="bbox 1279 3240 2335 3327">
     <span class='ocr_line' id='line_1_178' title="bbox 1279 3240 2335 3292; baseline 0.003 -17"><span class='ocrx_word' id='word_1_1345' title='bbox 1279 3242 1368 3275; x_wconf 80' lang='lat' dir='ltr'>Bulla</span> <span class='ocrx_word' id='word_1_1346' title='bbox 1384 3244 1503 3290; x_wconf 85' lang='lat' dir='ltr'>Papalis</span> <span class='ocrx_word' id='word_1_1347' title='bbox 1523 3240 1734 3274; x_wconf 58' lang='lat' dir='ltr'>introduc‘ioria</span> <span class='ocrx_word' id='word_1_1348' title='bbox 1752 3241 1795 3274; x_wconf 79' lang='lat' dir='ltr'>ad</span> <span class='ocrx_word' id='word_1_1349' title='bbox 1811 3246 1896 3274; x_wconf 80' lang='lat' dir='ltr'>viam</span> <span class='ocrx_word' id='word_1_1350' title='bbox 1910 3247 1994 3288; x_wconf 82' lang='lat' dir='ltr'>pacis</span> <span class='ocrx_word' id='word_1_1351' title='bbox 2015 3246 2092 3276; x_wconf 81' lang='lat' dir='ltr'>inter</span> <span class='ocrx_word' id='word_1_1352' title='bbox 2108 3246 2197 3290; x_wconf 74' lang='lat' dir='ltr'>Reges</span> <span class='ocrx_word' id='word_1_1353' title='bbox 2221 3247 2335 3292; x_wconf 46' lang='lat' dir='ltr'>Angli&amp;</span> 
     </span>
     <span class='ocr_line' id='line_1_179' title="bbox 1696 3292 1895 3327; baseline 0 -5"><span class='ocrx_word' id='word_1_1354' title='bbox 1696 3293 1732 3327; x_wconf 62' lang='grc' dir='ltr'>(ῤ’</span> <span class='ocrx_word' id='word_1_1355' title='bbox 1756 3292 1895 3325; x_wconf 74' lang='lat' dir='ltr'>Francia.</span> 
     </span>
    </p>
   </div>
   <div class='ocr_carea' id='block_1_33' title="bbox 1272 3374 2478 4140">
    <p class='ocr_par' dir='ltr' id='par_1_50' title="bbox 1341 3374 2478 3481">
     <span class='ocr_line' id='line_1_180' title="bbox 1341 3374 2470 3427; baseline -0.002 -18"><span class='ocrx_word' id='word_1_1356' title='bbox 1341 3379 1459 3409; x_wconf 87' lang='lat' dir='ltr'>Lemens</span> <span class='ocrx_word' id='word_1_1357' title='bbox 1476 3375 1626 3414; x_wconf 87' lang='lat' dir='ltr'>Episcopus</span> <span class='ocrx_word' id='word_1_1358' title='bbox 1659 3374 1747 3405; x_wconf 74' lang='lat' dir='ltr'>servus</span> <span class='ocrx_word' id='word_1_1359' title='bbox 1764 3374 1903 3406; x_wconf 87' lang='lat' dir='ltr'>servorum</span> <span class='ocrx_word' id='word_1_1360' title='bbox 1922 3375 1996 3414; x_wconf 90' lang='lat' dir='ltr'>Dei,</span> <span class='ocrx_word' id='word_1_1361' title='bbox 2013 3375 2152 3406; x_wconf 82' lang='lat' dir='ltr'>cariffinio</span> <span class='ocrx_word' id='word_1_1362' title='bbox 2167 3377 2195 3404; x_wconf 92' lang='lat' dir='ltr'>in</span> <span class='ocrx_word' id='word_1_1363' title='bbox 2216 3374 2331 3407; x_wconf 84' lang='lat' dir='ltr'>Christo</span> <span class='ocrx_word' id='word_1_1364' title='bbox 2354 3394 2400 3425; x_wconf 69' lang='lat' dir='ltr'>An</span> <span class='ocrx_word' id='word_1_1365' title='bbox 2438 3395 2470 3427; x_wconf 81' lang='lat' dir='ltr'>D</span> 
     </span>
     <span class='ocr_line' id='line_1_181' title="bbox 1355 3397 2478 3473; baseline -0.004 -26"><span class='ocrx_word' id='word_1_1366' title='bbox 1355 3417 1413 3447; x_wconf 91' lang='lat' dir='ltr'>filio</span> <span class='ocrx_word' id='word_1_1367' title='bbox 1433 3414 1570 3446; x_wconf 81' lang='lat' dir='ltr'>Edwardo</span> <span class='ocrx_word' id='word_1_1368' title='bbox 1585 3437 1595 3452; x_wconf 91' lang='lat'>,</span> <span class='ocrx_word' id='word_1_1369' title='bbox 1622 3397 1696 3450; x_wconf 68' lang='lat' dir='ltr'>Regi</span> <span class='ocrx_word' id='word_1_1370' title='bbox 1715 3413 1830 3451; x_wconf 60' lang='lat' dir='ltr'>Augila:</span> <span class='ocrx_word' id='word_1_1371' title='bbox 1847 3414 1957 3451; x_wconf 83' lang='lat' dir='ltr'>illustri,</span> <span class='ocrx_word' id='word_1_1372' title='bbox 1974 3414 2082 3444; x_wconf 81' lang='lat' dir='ltr'>salutem</span> <span class='ocrx_word' id='word_1_1373' title='bbox 2100 3415 2132 3444; x_wconf 85' lang='lat'>&amp;</span> <span class='ocrx_word' id='word_1_1374' title='bbox 2150 3413 2331 3451; x_wconf 84' lang='lat' dir='ltr'>apostolicam</span> <span class='ocrx_word' id='word_1_1375' title='bbox 2373 3405 2448 3473; x_wconf 41' lang='lat'><em>13¹¹&amp;</em></span> <span class='ocrx_word' id='word_1_1376' title='bbox 2471 3420 2478 3427; x_wconf 85' lang='grc'><em>·</em></span> 
     </span>
     <span class='ocr_line' id='line_1_182' title="bbox 1465 3463 1513 3481; baseline 0 0"><span class='ocrx_word' id='word_1_1377' title='bbox 1465 3471 1468 3472; x_wconf 53' lang='grc'>’</span> <span class='ocrx_word' id='word_1_1378' title='bbox 1493 3463 1513 3481; x_wconf 60' lang='lat' dir='ltr'>i.</span> 
     </span>
    </p>

    <p class='ocr_par' dir='ltr' id='par_1_51' title="bbox 1274 3456 2478 3762">
     <span class='ocr_line' id='line_1_183' title="bbox 1279 3456 2456 3536; baseline -0.005 -11"><span class='ocrx_word' id='word_1_1379' title='bbox 1279 3456 1630 3526; x_wconf 44' lang='lat' dir='ltr'>beffissssssnfiieinignimis</span> <span class='ocrx_word' id='word_1_1380' title='bbox 1643 3487 1761 3528; x_wconf 69' lang='lat' dir='ltr'>affeetu,</span> <span class='ocrx_word' id='word_1_1381' title='bbox 1778 3490 1930 3520; x_wconf 84' lang='lat' dir='ltr'>Serenitatis</span> <span class='ocrx_word' id='word_1_1382' title='bbox 1946 3489 2048 3532; x_wconf 61' lang='lat' dir='ltr'>Reeiae</span> <span class='ocrx_word' id='word_1_1383' title='bbox 2062 3489 2161 3520; x_wconf 86' lang='lat' dir='ltr'>litteras</span> <span class='ocrx_word' id='word_1_1384' title='bbox 2178 3492 2332 3528; x_wconf 86' lang='lat' dir='ltr'>recepimus</span> <span class='ocrx_word' id='word_1_1385' title='bbox 2350 3475 2456 3536; x_wconf 52' lang='lat'>‘2⁷⁴¹34·</span> 
     </span>
     <span class='ocr_line' id='line_1_184' title="bbox 1276 3528 2477 3576; baseline -0.004 -12"><span class='ocrx_word' id='word_1_1386' title='bbox 1276 3532 1371 3564; x_wconf 89' lang='lat' dir='ltr'>nostro</span> <span class='ocrx_word' id='word_1_1387' title='bbox 1384 3541 1468 3568; x_wconf 87' lang='lat' dir='ltr'>nuper</span> <span class='ocrx_word' id='word_1_1388' title='bbox 1476 3528 1836 3567; x_wconf 67' lang='lat' dir='ltr'>Apostoiatuipraesenmtas3</span> <span class='ocrx_word' id='word_1_1389' title='bbox 1854 3538 1966 3565; x_wconf 83' lang='lat' dir='ltr'>quarum</span> <span class='ocrx_word' id='word_1_1390' title='bbox 1976 3530 2051 3557; x_wconf 68' lang='lat' dir='ltr'>lenes</span> <span class='ocrx_word' id='word_1_1391' title='bbox 2067 3537 2114 3565; x_wconf 88' lang='lat' dir='ltr'>per</span> <span class='ocrx_word' id='word_1_1392' title='bbox 2129 3538 2179 3557; x_wconf 90' lang='lat' dir='ltr'>nos</span> <span class='ocrx_word' id='word_1_1393' title='bbox 2194 3529 2332 3571; x_wconf 69' lang='lat' dir='ltr'>intellectu</span> <span class='ocrx_word' id='word_1_1394' title='bbox 2352 3531 2390 3574; x_wconf 50' lang='lat' dir='ltr'>Ea</span> <span class='ocrx_word' id='word_1_1395' title='bbox 2417 3552 2444 3576; x_wconf 70' lang='grc' dir='ltr'><em>Α</em></span> <span class='ocrx_word' id='word_1_1396' title='bbox 2464 3564 2477 3570; x_wconf 54' lang='grc'><strong>-</strong></span> 
     </span>
     <span class='ocr_line' id='line_1_185' title="bbox 1277 3559 2478 3612; baseline -0.004 -10"><span class='ocrx_word' id='word_1_1397' title='bbox 1277 3571 1360 3609; x_wconf 90' lang='lat' dir='ltr'>pleno</span> <span class='ocrx_word' id='word_1_1398' title='bbox 1383 3568 1515 3605; x_wconf 67' lang='lat' dir='ltr'>colleehi,</span> <span class='ocrx_word' id='word_1_1399' title='bbox 1533 3575 1608 3598; x_wconf 88' lang='lat' dir='ltr'>tanto</span> <span class='ocrx_word' id='word_1_1400' title='bbox 1631 3567 1741 3604; x_wconf 83' lang='lat' dir='ltr'>majoris</span> <span class='ocrx_word' id='word_1_1401' title='bbox 1763 3566 1930 3596; x_wconf 81' lang='lat' dir='ltr'>exultationis</span> <span class='ocrx_word' id='word_1_1402' title='bbox 1953 3566 1984 3596; x_wconf 68' lang='grc' dir='ltr'>ὃ(</span> <span class='ocrx_word' id='word_1_1403' title='bbox 2008 3565 2110 3596; x_wconf 65' lang='lat' dir='ltr'>laetitiae</span> <span class='ocrx_word' id='word_1_1404' title='bbox 2134 3575 2192 3596; x_wconf 80' lang='lat' dir='ltr'>iore</span> <span class='ocrx_word' id='word_1_1405' title='bbox 2216 3567 2333 3604; x_wconf 65' lang='lat' dir='ltr'>perfudit</span> <span class='ocrx_word' id='word_1_1406' title='bbox 2349 3593 2374 3612; x_wconf 57' lang='grc' dir='ltr'><em>ω</em></span> <span class='ocrx_word' id='word_1_1407' title='bbox 2391 3596 2404 3612; x_wconf 83' lang='lat' dir='ltr'>r</span> <span class='ocrx_word' id='word_1_1408' title='bbox 2444 3559 2478 3583; x_wconf 55' lang='grc' dir='ltr'>κ’</span> 
     </span>
     <span class='ocr_line' id='line_1_186' title="bbox 1278 3596 2413 3644; baseline -0.004 -4"><span class='ocrx_word' id='word_1_1409' title='bbox 1278 3618 1401 3640; x_wconf 89' lang='lat' dir='ltr'>mentem</span> <span class='ocrx_word' id='word_1_1410' title='bbox 1418 3606 1558 3644; x_wconf 89' lang='lat' dir='ltr'>nostram,</span> <span class='ocrx_word' id='word_1_1411' title='bbox 1576 3613 1678 3643; x_wconf 88' lang='lat' dir='ltr'>quanto</span> <span class='ocrx_word' id='word_1_1412' title='bbox 1695 3614 1727 3634; x_wconf 78' lang='lat' dir='ltr'>ex</span> <span class='ocrx_word' id='word_1_1413' title='bbox 1744 3604 1807 3634; x_wconf 90' lang='lat' dir='ltr'>inde</span> <span class='ocrx_word' id='word_1_1414' title='bbox 1824 3604 1945 3640; x_wconf 67' lang='lat' dir='ltr'>Regiam</span> <span class='ocrx_word' id='word_1_1415' title='bbox 1963 3603 2160 3633; x_wconf 83' lang='lat' dir='ltr'>Excelleiitiam</span> <span class='ocrx_word' id='word_1_1416' title='bbox 2176 3603 2211 3635; x_wconf 90' lang='lat' dir='ltr'>de</span> <span class='ocrx_word' id='word_1_1417' title='bbox 2227 3605 2330 3636; x_wconf 74' lang='lat' dir='ltr'>nostrae</span> <span class='ocrx_word' id='word_1_1418' title='bbox 2371 3596 2390 3622; x_wconf 68' lang='lat' dir='ltr'><em>g</em></span> <span class='ocrx_word' id='word_1_1419' title='bbox 2407 3607 2413 3612; x_wconf 91' lang='lat'>&#39;</span> 
     </span>
     <span class='ocr_line' id='line_1_187' title="bbox 1276 3641 2328 3686; baseline -0.005 -8"><span class='ocrx_word' id='word_1_1420' title='bbox 1276 3646 1457 3686; x_wconf 87' lang='lat' dir='ltr'>promotionis</span> <span class='ocrx_word' id='word_1_1421' title='bbox 1472 3644 1595 3681; x_wconf 85' lang='lat' dir='ltr'>auspiciis</span> <span class='ocrx_word' id='word_1_1422' title='bbox 1610 3643 1643 3674; x_wconf 84' lang='lat' dir='ltr'>ad</span> <span class='ocrx_word' id='word_1_1423' title='bbox 1658 3644 1766 3680; x_wconf 88' lang='lat' dir='ltr'>apicem</span> <span class='ocrx_word' id='word_1_1424' title='bbox 1782 3642 1880 3672; x_wconf 86' lang='lat' dir='ltr'>summi</span> <span class='ocrx_word' id='word_1_1425' title='bbox 1905 3641 2080 3679; x_wconf 34' lang='lat' dir='ltr'>Apostoltitsis</span> <span class='ocrx_word' id='word_1_1426' title='bbox 2098 3641 2262 3678; x_wconf 80' lang='lat' dir='ltr'>gaudentem</span> <span class='ocrx_word' id='word_1_1427' title='bbox 2272 3667 2281 3681; x_wconf 95' lang='lat'>,</span> <span class='ocrx_word' id='word_1_1428' title='bbox 2300 3645 2328 3674; x_wconf 90' lang='lat' dir='ltr'>in</span> 
     </span>
     <span class='ocr_line' id='line_1_188' title="bbox 1274 3680 2329 3724; baseline -0.005 -8"><span class='ocrx_word' id='word_1_1429' title='bbox 1274 3685 1382 3724; x_wconf 67' lang='lat' dir='ltr'>nostra,</span> <span class='ocrx_word' id='word_1_1430' title='bbox 1403 3682 1507 3714; x_wconf 84' lang='lat' dir='ltr'>&amp;sedis</span> <span class='ocrx_word' id='word_1_1431' title='bbox 1517 3681 1687 3719; x_wconf 75' lang='lat' dir='ltr'>Apostolicae</span> <span class='ocrx_word' id='word_1_1432' title='bbox 1702 3681 1852 3711; x_wconf 87' lang='lat' dir='ltr'>devotione</span> <span class='ocrx_word' id='word_1_1433' title='bbox 1867 3680 1968 3710; x_wconf 72' lang='lat' dir='ltr'>sincerii</span> <span class='ocrx_word' id='word_1_1434' title='bbox 1983 3680 2043 3710; x_wconf 87' lang='lat' dir='ltr'>fore</span> <span class='ocrx_word' id='word_1_1435' title='bbox 2060 3682 2230 3717; x_wconf 82' lang='lat' dir='ltr'>percepimus</span> <span class='ocrx_word' id='word_1_1436' title='bbox 2240 3683 2329 3717; x_wconf 77' lang='lat' dir='ltr'>magis</span> 
     </span>
     <span class='ocr_line' id='line_1_189' title="bbox 1275 3717 2330 3762; baseline -0.006 -7"><span class='ocrx_word' id='word_1_1437' title='bbox 1275 3725 1373 3762; x_wconf 80' lang='lat' dir='ltr'>fixam,</span> <span class='ocrx_word' id='word_1_1438' title='bbox 1390 3723 1421 3754; x_wconf 75' lang='grc' dir='ltr'>δε</span> <span class='ocrx_word' id='word_1_1439' title='bbox 1440 3721 1473 3751; x_wconf 89' lang='lat' dir='ltr'>ad</span> <span class='ocrx_word' id='word_1_1440' title='bbox 1491 3721 1581 3758; x_wconf 86' lang='lat' dir='ltr'>pacis,</span> <span class='ocrx_word' id='word_1_1441' title='bbox 1602 3719 1668 3749; x_wconf 92' lang='lat' dir='ltr'>Deo</span> <span class='ocrx_word' id='word_1_1442' title='bbox 1684 3727 1788 3757; x_wconf 84' lang='lat' dir='ltr'>gratae,</span> <span class='ocrx_word' id='word_1_1443' title='bbox 1805 3717 1986 3749; x_wconf 86' lang='lat' dir='ltr'>concordiam</span> <span class='ocrx_word' id='word_1_1444' title='bbox 2008 3719 2198 3749; x_wconf 77' lang='lat' dir='ltr'>rationabiliter</span> <span class='ocrx_word' id='word_1_1445' title='bbox 2213 3719 2330 3750; x_wconf 86' lang='lat' dir='ltr'>inclina-</span> 
     </span>
    </p>

    <p class='ocr_par' dir='ltr' id='par_1_52' title="bbox 1272 3772 2422 4129">
     <span class='ocr_line' id='line_1_190' title="bbox 1354 3772 1374 3791; baseline 0 0"><span class='ocrx_word' id='word_1_1446' title='bbox 1354 3772 1374 3791; x_wconf 85' lang='lat' dir='ltr'>i.</span> 
     </span>
     <span class='ocr_line' id='line_1_191' title="bbox 1274 3772 2328 3838; baseline -0.004 -8"><span class='ocrx_word' id='word_1_1447' title='bbox 1274 3772 1455 3830; x_wconf 47' lang='lat' dir='ltr'>nasspaedffiae</span> <span class='ocrx_word' id='word_1_1448' title='bbox 1469 3806 1590 3834; x_wconf 86' lang='lat' dir='ltr'>namque</span> <span class='ocrx_word' id='word_1_1449' title='bbox 1603 3795 1688 3826; x_wconf 85' lang='lat' dir='ltr'>literae</span> <span class='ocrx_word' id='word_1_1450' title='bbox 1696 3794 1806 3826; x_wconf 79' lang='lat' dir='ltr'>ulterius</span> <span class='ocrx_word' id='word_1_1451' title='bbox 1813 3795 2010 3832; x_wconf 82' lang='lat' dir='ltr'>continebant,</span> <span class='ocrx_word' id='word_1_1452' title='bbox 2019 3794 2135 3838; x_wconf 71' lang='lat' dir='ltr'>eandem</span> <span class='ocrx_word' id='word_1_1453' title='bbox 2144 3794 2266 3831; x_wconf 79' lang='lat' dir='ltr'>Regiam</span> <span class='ocrx_word' id='word_1_1454' title='bbox 2272 3794 2328 3826; x_wconf 82' lang='lat' dir='ltr'>Ex-</span> 
     </span>
     <span class='ocr_line' id='line_1_192' title="bbox 1274 3832 2327 3871; baseline -0.005 -2"><span class='ocrx_word' id='word_1_1455' title='bbox 1274 3839 1428 3869; x_wconf 89' lang='lat' dir='ltr'>celleiitiam</span> <span class='ocrx_word' id='word_1_1456' title='bbox 1446 3845 1479 3865; x_wconf 89' lang='lat' dir='ltr'>ex</span> <span class='ocrx_word' id='word_1_1457' title='bbox 1498 3844 1531 3864; x_wconf 88' lang='lat' dir='ltr'>eo</span> <span class='ocrx_word' id='word_1_1458' title='bbox 1550 3834 1697 3871; x_wconf 57' lang='lat' dir='ltr'>praesertim</span> <span class='ocrx_word' id='word_1_1459' title='bbox 1715 3833 1903 3864; x_wconf 80' lang='lat' dir='ltr'>consolationis</span> <span class='ocrx_word' id='word_1_1460' title='bbox 1918 3834 1950 3863; x_wconf 91' lang='lat'>&amp;</span> <span class='ocrx_word' id='word_1_1461' title='bbox 1975 3832 2070 3867; x_wconf 71' lang='lat' dir='ltr'>gaudii</span> <span class='ocrx_word' id='word_1_1462' title='bbox 2094 3834 2234 3863; x_wconf 87' lang='lat' dir='ltr'>materiam</span> <span class='ocrx_word' id='word_1_1463' title='bbox 2256 3843 2327 3864; x_wconf 92' lang='lat' dir='ltr'>con-</span> 
     </span>
     <span class='ocr_line' id='line_1_193' title="bbox 1274 3869 2326 3915; baseline -0.005 -8"><span class='ocrx_word' id='word_1_1464' title='bbox 1274 3875 1391 3915; x_wconf 84' lang='lat' dir='ltr'>cepisse,</span> <span class='ocrx_word' id='word_1_1465' title='bbox 1410 3873 1483 3912; x_wconf 90' lang='lat' dir='ltr'>quod</span> <span class='ocrx_word' id='word_1_1466' title='bbox 1502 3873 1609 3910; x_wconf 84' lang='lat' dir='ltr'>pridem</span> <span class='ocrx_word' id='word_1_1467' title='bbox 1621 3872 1781 3902; x_wconf 88' lang='lat' dir='ltr'>venerabilis</span> <span class='ocrx_word' id='word_1_1468' title='bbox 1796 3871 1875 3901; x_wconf 78' lang='lat' dir='ltr'>frater</span> <span class='ocrx_word' id='word_1_1469' title='bbox 1890 3869 2038 3901; x_wconf 79' lang='lat' dir='ltr'>Anibaldus</span> <span class='ocrx_word' id='word_1_1470' title='bbox 2052 3869 2203 3908; x_wconf 85' lang='lat' dir='ltr'>Episcopus</span> <span class='ocrx_word' id='word_1_1471' title='bbox 2217 3871 2326 3902; x_wconf 90' lang='lat' dir='ltr'>Tuscu-</span> 
     </span>
     <span class='ocr_line' id='line_1_194' title="bbox 1273 3908 2326 3952; baseline -0.006 -6"><span class='ocrx_word' id='word_1_1472' title='bbox 1273 3916 1364 3952; x_wconf 88' lang='lat' dir='ltr'>lanus,</span> <span class='ocrx_word' id='word_1_1473' title='bbox 1382 3914 1414 3944; x_wconf 85' lang='lat'>&amp;</span> <span class='ocrx_word' id='word_1_1474' title='bbox 1429 3912 1544 3942; x_wconf 67' lang='lat' dir='ltr'>dileetus</span> <span class='ocrx_word' id='word_1_1475' title='bbox 1558 3910 1626 3940; x_wconf 89' lang='lat' dir='ltr'>silius</span> <span class='ocrx_word' id='word_1_1476' title='bbox 1633 3910 1724 3940; x_wconf 86' lang='lat' dir='ltr'>noster</span> <span class='ocrx_word' id='word_1_1477' title='bbox 1732 3908 1909 3948; x_wconf 86' lang='lat' dir='ltr'>,Ramundus</span> <span class='ocrx_word' id='word_1_1478' title='bbox 1922 3910 2032 3939; x_wconf 67' lang='lat' dir='ltr'>Santiae</span> <span class='ocrx_word' id='word_1_1479' title='bbox 2041 3909 2144 3939; x_wconf 83' lang='lat' dir='ltr'>Mariae</span> <span class='ocrx_word' id='word_1_1480' title='bbox 2157 3919 2241 3940; x_wconf 84' lang='lat' dir='ltr'>novae</span> <span class='ocrx_word' id='word_1_1481' title='bbox 2257 3910 2326 3940; x_wconf 87' lang='lat' dir='ltr'>Dia-</span> 
     </span>
     <span class='ocr_line' id='line_1_195' title="bbox 1273 3946 2328 3989; baseline -0.007 -5"><span class='ocrx_word' id='word_1_1482' title='bbox 1273 3964 1376 3989; x_wconf 87' lang='lat' dir='ltr'>conus,</span> <span class='ocrx_word' id='word_1_1483' title='bbox 1394 3949 1548 3981; x_wconf 85' lang='lat' dir='ltr'>Cardinales</span> <span class='ocrx_word' id='word_1_1484' title='bbox 1563 3971 1572 3986; x_wconf 90' lang='lat'>,</span> <span class='ocrx_word' id='word_1_1485' title='bbox 1597 3948 1704 3978; x_wconf 52' lang='lat' dir='ltr'>dictam</span> <span class='ocrx_word' id='word_1_1486' title='bbox 1726 3949 1936 3986; x_wconf 87' lang='lat' dir='ltr'>promotionem</span> <span class='ocrx_word' id='word_1_1487' title='bbox 1959 3946 2079 3977; x_wconf 88' lang='lat' dir='ltr'>nostram</span> <span class='ocrx_word' id='word_1_1488' title='bbox 2102 3957 2152 3985; x_wconf 87' lang='lat' dir='ltr'>per</span> <span class='ocrx_word' id='word_1_1489' title='bbox 2173 3946 2229 3977; x_wconf 88' lang='lat' dir='ltr'>suas</span> <span class='ocrx_word' id='word_1_1490' title='bbox 2242 3949 2328 3978; x_wconf 88' lang='lat' dir='ltr'>literas</span> 
     </span>
     <span class='ocr_line' id='line_1_196' title="bbox 1273 3985 2326 4024; baseline -0.007 -2"><span class='ocrx_word' id='word_1_1491' title='bbox 1273 3992 1431 4022; x_wconf 84' lang='lat' dir='ltr'>nunciantes</span> <span class='ocrx_word' id='word_1_1492' title='bbox 1447 3987 1608 4018; x_wconf 82' lang='lat' dir='ltr'>Celsitudini</span> <span class='ocrx_word' id='word_1_1493' title='bbox 1621 3986 1741 4024; x_wconf 72' lang='lat' dir='ltr'>Regiae,</span> <span class='ocrx_word' id='word_1_1494' title='bbox 1757 3986 1944 4023; x_wconf 86' lang='lat' dir='ltr'>subjunxerant</span> <span class='ocrx_word' id='word_1_1495' title='bbox 1955 3985 2032 4022; x_wconf 86' lang='lat' dir='ltr'>quod</span> <span class='ocrx_word' id='word_1_1496' title='bbox 2047 3995 2114 4024; x_wconf 81' lang='lat' dir='ltr'>nOS,</span> <span class='ocrx_word' id='word_1_1497' title='bbox 2131 3985 2166 4016; x_wconf 90' lang='lat' dir='ltr'>ad</span> <span class='ocrx_word' id='word_1_1498' title='bbox 2181 3985 2326 4023; x_wconf 89' lang='lat' dir='ltr'>personam</span> 
     </span>
     <span class='ocr_line' id='line_1_197' title="bbox 1272 4023 2422 4065; baseline -0.007 -5"><span class='ocrx_word' id='word_1_1499' title='bbox 1272 4039 1346 4060; x_wconf 81' lang='lat' dir='ltr'>tuam</span> <span class='ocrx_word' id='word_1_1500' title='bbox 1364 4028 1484 4063; x_wconf 78' lang='lat' dir='ltr'>Regiam</span> <span class='ocrx_word' id='word_1_1501' title='bbox 1500 4026 1610 4056; x_wconf 80' lang='lat' dir='ltr'>iincerae</span> <span class='ocrx_word' id='word_1_1502' title='bbox 1625 4025 1781 4054; x_wconf 65' lang='lat' dir='ltr'>dileetionis</span> <span class='ocrx_word' id='word_1_1503' title='bbox 1797 4032 1921 4065; x_wconf 65' lang='lat' dir='ltr'>gerentes</span> <span class='ocrx_word' id='word_1_1504' title='bbox 1934 4023 2085 4062; x_wconf 62' lang='lat' dir='ltr'>affeetum,</span> <span class='ocrx_word' id='word_1_1505' title='bbox 2103 4023 2195 4054; x_wconf 87' lang='lat' dir='ltr'>zelum</span> <span class='ocrx_word' id='word_1_1506' title='bbox 2210 4025 2228 4043; x_wconf 69' lang='lat'>²*</span> <span class='ocrx_word' id='word_1_1507' title='bbox 2246 4024 2355 4053; x_wconf 67' lang='lat' dir='ltr'>habe-*t</span> <span class='ocrx_word' id='word_1_1508' title='bbox 2384 4034 2422 4059; x_wconf 75' lang='grc' dir='ltr'>Π,</span> 
     </span>
     <span class='ocr_line' id='line_1_198' title="bbox 1274 4063 2416 4129; baseline -0.007 -31"><span class='ocrx_word' id='word_1_1509' title='bbox 1274 4069 1367 4099; x_wconf 80' lang='lat' dir='ltr'>bames</span> <span class='ocrx_word' id='word_1_1510' title='bbox 1379 4064 1571 4096; x_wconf 77' lang='lat' dir='ltr'>ferventem&amp;</span> <span class='ocrx_word' id='word_1_1511' title='bbox 1586 4073 1687 4101; x_wconf 84' lang='lat' dir='ltr'>purum</span> <span class='ocrx_word' id='word_1_1512' title='bbox 1696 4063 2001 4129; x_wconf 47' lang='lat' dir='ltr'>circagJeiormationem</span> <span class='ocrx_word' id='word_1_1513' title='bbox 2013 4064 2088 4100; x_wconf 84' lang='lat' dir='ltr'>pacis</span> <span class='ocrx_word' id='word_1_1514' title='bbox 2096 4071 2199 4092; x_wconf 83' lang='lat' dir='ltr'>mutuae</span> <span class='ocrx_word' id='word_1_1515' title='bbox 2207 4064 2275 4093; x_wconf 86' lang='lat' dir='ltr'>inter</span> <span class='ocrx_word' id='word_1_1516' title='bbox 2285 4069 2329 4128; x_wconf 51' lang='grc' dir='ltr'>τεῇ</span> <span class='ocrx_word' id='word_1_1517' title='bbox 2337 4077 2416 4100; x_wconf 64' lang='lat'>1021,</span> 
     </span>
    </p>

    <p class='ocr_par' dir='ltr' id='par_1_53' title="bbox 1826 4109 2306 4140">
     <span class='ocr_line' id='line_1_199' title="bbox 1826 4109 2306 4140; baseline -0.006 -11"><span class='ocrx_word' id='word_1_1518' title='bbox 1826 4109 1839 4140; x_wconf 78' lang='lat'>3</span> <span class='ocrx_word' id='word_1_1519' title='bbox 2301 4121 2306 4126; x_wconf 88' lang='lat'><em>.</em></span> 
     </span>
    </p>
   </div>
  </div>
 </body>
</html>
