2570 4261
47 259 125 290 Ann-
142 255 184 288 D.

42 320 45 321 γ
68 304 154 334 1257.

48 339 117 365 Hen-
139 344 164 372 3.

53 737 132 771 Anti.
147 734 187 768 D.
210 725 262 783 A

77 783 161 812 1257.

54 820 107 846 An.
121 824 169 849 42.

52 860 91 884 H.
114 862 140 889 3.

54 898 95 923 Ex
108 894 165 918 Aa·

53 940 121 968 pgr,

56 1352 74 1370 Ο
89 1352 113 1380 Ι.
126 1351 191 1386 ⁶50·

64 1931 142 1964 Ann.
156 1929 199 1961 D.

83 1969 168 2008 1258.

64 2014 118 2040 An.
132 2018 179 2044 42.

64 2054 98 2078 H.
122 2057 147 2083 3.

65 2092 105 2115 Ex
120 2089 179 2115 Au-

64 2132 129 2162 togr.

195 180 248 233 36

199 271 266 299 vos,
284 258 329 291 vel
343 257 409 288 alios
421 249 574 292 exequendi
586 249 698 286 plenam
711 248 746 279 &
764 246 884 277 liberam
897 242 979 275 vobis
993 239 1194 276 concedimus,
1210 245 1259 266 au-

199 301 328 333 &oritate
341 293 517 337 praesentium
525 312 534 328 ,
551 286 726 327 potestatem.

236 381 304 413 Dat.
318 374 456 411 viterbii,
475 380 492 410 9
507 369 571 401 Kal.
581 366 722 407 Januarii,
741 361 924 396 Pontificatiis
936 359 1023 392 nostri
1037 368 1113 390 anno
1126 363 1233 396 quarto.

745 445 872 478 Plumbeo
878 442 967 486 figillo
979 454 997 472 a
1005 441 1059 484 filo
1073 437 1199 470 canabeo.

202 518 1260 547 μ

200 590 290 624 Bulla
310 586 346 620 de
363 583 591 634 obligationibus
608 583 804 663 Praelatozum
820 607 830 624 ,
865 581 903 618 ὠ·
927 576 1139 623 reformatione
1157 570 1266 617 negotii

675 634 737 665 Sici
750 633 790 663 iae.

266 723 411 756 Lexander
423 723 592 763 Episcopus,
604 720 696 752 servus
710 719 854 761 servorum
870 716 946 759 Dei,
962 710 1166 746 venerabilibus
1180 707 1269 738 fratri-

272 766 324 795 bus
336 764 467 794 universis
481 760 667 801 Archiepisco
688 759 723 796 is,
741 758 775 789 &
796 755 962 797 Episcopis,
985 762 1035 796 per
1054 751 1190 790 Regnum
1208 745 1271 776 An-

209 805 273 845 gliae
287 801 458 840 constitutis,
476 801 591 832 salutem
604 799 637 829 &
681 796 849 841 postolicam
863 791 1102 835 benedietionem.
1265 823 1270 828 ⁸

246 843 349 879 Licet,
375 851 427 881 pro
439 850 475 870 ne
494 840 556 870 otio
574 837 670 876 Regni
683 836 785 867 Sieiliae
807 831 902 874 (quod
914 829 1063 869 specialiter
1076 825 1174 871 residet
1191 822 1272 855 cordi

209 881 324 917 nostro)
346 890 395 917 per
412 881 467 910 cari
493 886 584 909 imum
601 876 631 906 in
651 874 768 906 Christo
783 872 872 903 silium
888 869 1017 900 nostrum
1135 862 1272 895 illustrem

207 922 320 953 Revem
342 918 455 957 Angliae
472 914 672 956 promovendo
685 937 695 952 ,
720 923 771 943 vos
792 912 826 943 ὃ(
846 908 981 952 Ecclesias
1000 905 1104 950 vestras
1122 910 1273 946 earumque

206 945 300 997 bori’a,
320 959 378 988 tiim
394 958 424 987 in
438 956 565 987 maneriis
579 979 588 993 ‚
611 953 695 991 quam
712 952 742 981 in
758 950 814 980 aliis
833 947 984 991 constituta
998 969 1008 984 ,
1032 954 1138 988 ratione
1152 941 1273 972 decimae

204 997 465 1030 Ecclesiasticorum
479 1001 669 1033 proventuum
686 990 782 1029 Regni
797 987 926 1026 Angliae,
944 985 1037 1016 eidem
1054 984 1130 1028 Regi
1142 981 1228 1018 usque
1239 977 1273 1008 ad

204 1046 316 1068 certum
330 1044 440 1074 tempus
455 1034 491 1064 ab
504 1031 672 1071 Apostolica
691 1029 754 1060 sede
768 1024 910 1059 conceffae
922 1047 932 1063 ,
956 1033 1007 1054 vos
1021 1024 1054 1054 &
1070 1021 1158 1052 dietas
1172 1017 1274 1050 Eccle—

206 1077 254 1107 sias
267 1074 472 1111 contingentis,
490 1072 572 1102 certis
584 1068 811 1105 Mercatoribus,
827 1064 912 1108 usque
922 1063 957 1094 ad
970 1071 1057 1093 certas
1069 1061 1206 1095 summaS,
1222 1066 1273 1101 per

205 1114 343 1146 ditet-rum
362 1112 451 1143 filium
475 1111 608 1141 Finatum
628 1107 812 1150 Canonicurn
833 1100 1022 1148 Fulginatons.
1039 1100 1075 1132 de
1095 1095 1274 1138 Apostolicae

207 1152 351 1192 potestatis
365 1150 553 1189 plenitudine,
570 1148 718 1178 fecerimus
729 1144 861 1184 obligari,
1183 1174 1189 1180 .

242 1191 426 1221 praesentium
440 1198 535 1220 tamen
550 1195 648 1218 tenore
663 1185 729 1215 scire
746 1193 798 1214 vos
812 1181 945 1225 volumus
957 1177 1044 1225 'quod
1060 1174 1275 1218 nostrae-inten-

206 1231 289 1261 tionis
304 1229 392 1259 extitit
407 1228 440 1258 &
457 1226 548 1257 existit
560 1225 638 1265 quod
652 1247 662 1262 ‚
688 1222 738 1253 nili
759 1222 921 1252 reformatio
931 1217 1061 1262 ‘eiusdem
1080 1220 1188 1254 negotii
1202 1220 1275 1242 inter

207 1268 376 1299 Romanam
390 1265 542 1296 Ecclesiam
561 1265 594 1296 &
633 1261 782 1293 raediehim
800 1259 914 1298 Regem
929 1266 1002 1302 iuxta
1018 1256 1140 1286 formam
1154 1274 1164 1290 ,
1187 1259 1274 1295 quam

208 1318 258 1346 per
271 1306 406 1337 dilcfium
419 1304 508 1335 filium
521 1302 599 1343 Mag'
629 1311 691 1331 rum
710 1299 843 1330 Arlotum
856 1297 1014 1329 Notarium
1033 1292 1164 1337 nostrum
1180 1289 1274 1334 eidem

207 1345 433 1381 transmittimus,
450 1345 465 1360 ³*
480 1343 556 1379 Regi
571 1340 749 1380 provenerit,
766 1348 816 1375 per
833 1336 1019 1378 obligationes
1035 1329 1194 1370 huiusmodi
1210 1327 1274 1358 nul-

211 1386 315 1417 latenus
326 1382 510 1422 procedatur,
527 1374 564 1411 set
579 1380 702 1410 omnino
722 1377 828 1408 viribus
842 1382 976 1411 careant,
1000 1381 1038 1417 ita
1057 1369 1134 1409 quod
1154 1377 1221 1410 VOS,
1239 1366 1273 1396 δε

208 1422 352 1462 praedictae
371 1419 521 1458 Ecclesiae,
536 1419 684 1450 occasione
700 1416 809 1447 illarum
821 1438 832 1454 ,
851 1424 911 1445 non
932 1410 1039 1454 possitis
1055 1405 1274 1450 quomodolibet

206 1460 355 1494 molestari.

248 1542 315 1574 Dat.
342 1539 485 1578 Viterbii,
512 1538 632 1577 septimo
653 1535 719 1567 Kal.
742 1535 855 1575 Januar.
879 1528 1065 1565 Pontificati'is
1085 1525 1176 1560 nostn'
1198 1533 1275 1556 anno

207 1590 314 1623 quarto.

910 1628 1000 1668 Sigillo
1011 1625 1115 1666 avulso.

212 1769 301 1802 Bulla
322 1767 357 1801 de
382 1778 475 1814 4500
493 1770 604 1801 Marc.
615 1764 753 1812 sterling.
773 1775 828 1811 pro
851 1763 1054 1796 melioratione
1075 1757 1112 1792 de
1129 1757 1278 1804 refhrma-

387 1820 464 1850 tione
479 1814 679 1849 conditionum
691 1814 782 1860 [ἔφαν
801 1811 966 1856 conceffione
981 1809 1096 1843 Sicilie.

219 1906 423 1970 ALexander
436 1906 606 1950 Episcopus,
621 1903 711 1948 servus
724 1902 868 1947 servorum
877 1900 935 1930 Dei
944 1923 954 1938 ,
971 1897 1113 1930 cariffimo
1125 1897 1154 1941 in
1162 1894 1281 1964 Chrigo

217 1945 422 2017 nedigiignem.
486 1944 562 1984 Regi
576 1944 686 1983 Angliae
702 1942 817 1980 illustri,
835 1939 948 1970 salutem
962 1939 996 1970 &
1014 1936 1212 1979 Apostohcam
1253 1944 1282 1964 e-

260 2022 384 2054 Pertinet
397 2022 430 2053 ad
447 2022 550 2062 Regiae
562 2021 701 2061 dignitatis
714 2020 856 2064 honorem
871 2023 901 2046 ut
915 2024 946 2045 eu
956 2025 1021 2056 quae
1034 2024 1083 2055 per
1101 2012 1238 2044 Nuncios
1248 2011 1283 2043 &

222 2061 418 2093 Procuratores
431 2069 494 2106 tuos
507 2061 594 2105 fiunt,
619 2060 653 2091 &
672 2068 737 2100 quae
756 2068 786 2089 in
797 2057 940 2088 honorem
955 2063 1037 2086 tuum
1051 2052 1204 2084 redundare
1217 2060 1283 2082 nos-

219 2109 336 2170 cugiiiie’
343 2100 751 2178 ἀῖἷξὲἓιέῐίῐίῃῗῃῧὲῑῖῃυῐευὲξοῑῑί
766 2133 920 2166 Dominici
961 2132 1086 2178 jacobus
1099 2131 1207 2162 Balioni
1215 2153 1225 2169 ,
1236 2128 1286 2169 Ja-

219 2178 309 2209 cobus
323 2178 448 2216 Romei,
466 2177 592 2208 Ventura
608 2175 744 2214 Martini,
762 2184 795 2205 ac
809 2182 911 2205 eorum
924 2156 1007 2212 socii,
1024 2171 1113 2202 Cives
1126 2168 1285 2213 &Merca-

217 2224 292 2247 tores
310 2216 412 2248 Senen.
430 2226 530 2247 coram
548 2215 630 2246 nobis
654 2222 812 2253 proponere
831 2219 998 2244 curaverunt
1017 2209 1096 2256 quod
1114 2208 1286 2242 venerabiles

217 2256 311 2286 fratres
414 2254 603 2285 Tarantasien.
625 2252 860 2296 Archiepiscopus
964 2249 1130 2294 Bathomen.
1152 2249 1187 2280 &
1202 2246 1286 2292 Wel-

218 2293 274 2324 len.
290 2304 323 2325 ac
429 2293 549 2324 Roffen.
563 2291 696 2331 Episcopi
710 2315 721 2331 ,
744 2292 778 2322 ὃς
793 2289 910 2321 dilectus
923 2289 992 2320 filius
1004 2313 1014 2329 ,
1038 2288 1173 2329 Magister
1188 2286 1286 2332 Nico-

221 2333 277 2363 laus
290 2333 326 2364 de
342 2332 505 2372 Plumpton.
519 2330 686 2372 Capelianus
699 2329 794 2361 noster
807 2329 1032 2360 Archidiaconus
1046 2328 1080 2358 N
1083 2325 1248 2371 orfolchiae,

258 2371 372 2403 Nuncii
392 2371 426 2402 &
443 2370 640 2402 Procuratores
657 2370 698 2401 tui
713 2392 723 2408 ,
746 2368 780 2400 ad
802 2368 957 2406 petendum
979 2377 995 2398 a
1013 2368 1095 2399 nobis
1114 2367 1286 2397 mehoratio-

221 2420 306 2450 nem,
324 2411 358 2442 &
377 2410 610 2440 reformationem
630 2408 832 2478 consstionuRn
847 2431 856 2446 ,
878 2415 1075 2476 ccisriteiliitarurrfi
1090 2407 1121 2475 {p
1138 2405 1285 2474 privissgio

220 2448 823 2531 3?&augziigffssoispgfssafflfifids‘fflgi
856 2454 1285 2530 issiiiaefciiiufiziffiassocssfioj‘m

259 2525 297 2557 Et
317 2527 352 2557 ad
374 2526 549 2558 metandum
562 2526 598 2556 de
613 2536 693 2556 novrs
707 2524 918 2555 conditionibus
931 2522 1120 2566 apponendis,
1132 2523 1170 2568 ,δε
1185 2521 1219 2552 ad
1231 2522 1285 2552 ob-

223 2564 367 2603 ligandum
395 2574 424 2596 te
452 2565 486 2597 &
513 2565 623 2597 distum
642 2564 757 2605 Regem
776 2563 810 2594 ad
829 2563 1013 2594 observandas
1031 2561 1209 2593 conditiones
1227 2571 1286 2592 eas-

225 2603 291 2634 dem

260 2627 309 2673 De
327 2641 344 2672 s
357 2641 434 2672 eciali
454 2642 588 2673 mandato
608 2642 705 2673 nostro
718 2665 728 2679 ,
752 2640 855 2671 eisdem
873 2640 1080 2678 procuratoris,
1137 2649 1149 2668 r
1168 2637 1286 2670 dile&os

225 2680 314 2720 filios,
365 2704 370 2709 .
388 2680 502 2711 Sanihc
519 2680 622 2711 Mariae
637 2682 665 2710 in
680 2681 724 2709 via
738 2680 789 2710 lata
803 2679 968 2710 Diaconum
982 2679 1089 2709 Cardin
1117 2677 1286 2715 em,Nico-

225 2719 302 2749 laum
318 2717 527 2758 Camerarium,
545 2720 579 2751 &
594 2718 766 2758 Magistrum
780 2717 922 2757 Angelum
937 2717 1047 2747 diCtum
1061 2717 1206 2755 Priorem,
1228 2716 1288 2746 Ca-

225 2757 366 2795 pellanum
388 2757 533 2795 nostrum,
549 2759 613 2789 viva
632 2767 707 2788 voce
724 2756 823 2795 satim,
839 2756 875 2786 de
887 2756 1004 2786 consilio
1019 2765 1133 2795 quoque
1144 2754 1240 2786 dilecCti
1255 2753 1288 2784 fi-

229 2797 258 2826 lii
273 2795 405 2834 Magistri
417 2796 558 2826 Rostandi
571 2796 714 2836 Capeliani
728 2794 832 2832 nostri,
850 2793 1008 2825 Consiliarii
1020 2795 1059 2824 tui

265 2834 462 2873 Affignarunt,
477 2834 690 2873 concesserunt,
713 2835 746 2866 &
760 2833 900 2864 cesserunt
912 2832 1051 2873 praediffis
1065 2817 1289 2870 Mercatoribus,

228 2873 257 2902 in
271 2872 381 2903 decima
395 2881 585 2914 proventuum
599 2872 857 2904 Ecclesiasticorum
866 2895 876 2910 ‚
899 2872 1140 2911 redemptionibus
1154 2880 1290 2902 votorum

228 2912 501 2951 crucesignatorum,
520 2913 554 2943 &
573 2913 793 2942 obventionibus
812 2911 862 2941 tibi
877 2911 908 2941 in
920 2910 1025 2950 Regno
1039 2919 1091 2942 tuo
1105 2909 1242 2940 concessis
1255 2910 1291 2939 ab

230 2949 383 2987 apostolica
398 2951 476 2988 sede,
493 2960 561 2981 tunc
576 2951 699 2982 collec'tis
713 2951 747 2982 ὃ(
761 2950 896 2990 perceptis
909 2972 919 2987 ‚
946 2958 1065 2989 quatuor
1080 2949 1166 2979 millia
1178 2948 1293 2979 Marca-

231 2997 314 3026 rum,
332 2989 364 3018 &
378 2991 539 3029 quingentas
554 2989 667 3020 Marcas
687 2989 899 3028 sterlingorum,
922 2998 975 3027 pro
991 2988 1184 3019 melioratione
1196 2998 1229 3018 ac
1249 2997 1293 3018 re-

229 3026 400 3057 formatione
414 3028 613 3059 conditionum
636 3027 794 3065 huiusmodi
807 3050 818 3065 ,
842 3037 875 3057 ac
895 3028 1094 3058 exoneratione
1107 3029 1189 3064 partis
1203 3027 1294 3063 cujus-

229 3065 295 3095 dam
307 3064 409 3102 debiti,
428 3067 458 3095 in
470 3076 528 3103 quo
541 3075 571 3097 tu
585 3068 617 3097 &
633 3066 683 3097 filii
696 3068 737 3098 tui
749 3066 885 3097 tenemini
900 3090 909 3104 ,
932 3076 969 3096 ex
987 3066 1065 3097 causa
1079 3067 1170 3096 mutui
1182 3087 1192 3104 ,
1212 3064 1295 3096 Mer-

230 3104 371 3134 catoribus
387 3103 545 3143 supradietis
557 3128 567 3143 ,
589 3115 642 3144 pro
659 3115 717 3144 quo
740 3106 825 3135 etiam
844 3103 977 3135 Romana
992 3104 1116 3137 Ecclesia
1135 3103 1178 3134 est
1191 3104 1295 3134 eisdem

231 3141 441 3172 Mercatoribus
454 3143 573 3182 obligata
581 3166 590 3179 ,
608 3153 691 3182 prout
706 3145 737 3174 in
751 3143 937 3174 instrumento
950 3143 1067 3181 publico
1079 3143 1145 3174 inde
1157 3143 1295 3174 confecto

229 3180 417 3218 perspeximus
430 3181 536 3219 plenius
551 3183 705 3211 contineri:

268 3219 338 3249 Nos
350 3221 459 3258 itaque,
476 3220 505 3249 in
515 3229 638 3258 quorum
652 3220 787 3251 desideriis
801 3220 903 3260 geritur
918 3219 997 3258 quod
1011 3219 1113 3251 eisdem
1125 3218 1297 3251 Mercatori-

231 3258 283 3287 bus
301 3257 338 3288 de
355 3257 489 3295 praedicta
507 3259 626 3297 pecunia
645 3260 791 3298 proveniat
806 3259 951 3289 satissaffio
966 3258 1090 3290 festinata
1105 3281 1115 3297 ,
1137 3258 1297 3290 concessio-

232 3305 299 3325 nem
310 3319 320 3334 ,
344 3295 556 3335 affignationem
569 3296 602 3326 δε
617 3296 770 3327 cessionem
789 3297 946 3334 hujusmodi
960 3306 1028 3328 ratas
1040 3299 1074 3329 &
1087 3297 1178 3328 firmas
1189 3298 1297 3328 haben-

233 3343 272 3364 tes
308 3345 341 3365 ac
357 3345 399 3365 eas
413 3335 576 3365 austoritate
590 3334 755 3374 Apostolica
773 3335 970 3367 confirmantes
983 3360 992 3375 ‚
1015 3336 1170 3376 supplentes
1184 3346 1298 3376 quoque

232 3357 377 3415 desedi-um
387 3396 395 3411 ,
414 3373 434 3403 si
445 3374 506 3417 quis
518 3373 571 3417 ¹fuit
585 3374 614 3403 in
630 3374 700 3412 hiis,
719 3373 754 3403 de
771 3374 941 3411 plenitudine
955 3374 1098 3413 potestatis
1110 3398 1120 3411 ,
1145 3374 1252 3405 dilecto
1264 3374 1299 3405 fi-

233 3410 289 3449 lio,
308 3410 450 3451 Magistro
464 3412 566 3442 Sinitio
577 3436 586 3449 ,
615 3411 746 3442 Camerae
765 3412 869 3442 nostrae
889 3412 1007 3444 Clerico
1021 3437 1031 3453 ,
1054 3414 1084 3444 in
1099 3413 1200 3453 Anglia
1213 3422 1298 3444 corn-

235 3451 370 3488 moranti‚
386 3449 487 3480 nostris
500 3450 628 3481 dedimus
644 3451 725 3482 literis
739 3451 768 3480 in
783 3450 916 3481 mandatis
929 3461 959 3482 ut
975 3451 1149 3482 Bentivenne
1163 3451 1298 3490 Consilii,

238 3486 271 3516 ὅ(
284 3486 437 3518 Herminio
451 3488 613 3527 Herminii,
628 3489 709 3520 sociis
722 3488 920 3520 Mercatorum
931 3490 1073 3531 ipsorum,
1091 3499 1137 3521 aut
1148 3500 1248 3521 eorum
1260 3490 1300 3520 al-

219 3549 221 3551 .
238 3526 306 3562 t'eri,
327 3527 372 3557 vel
385 3526 561 3558 Procuratori
575 3537 674 3559 eorum
689 3551 698 3565 ,
722 3528 846 3571 ipsorum
859 3538 977 3559 nomine
990 3552 999 3568 ‚
1024 3529 1062 3560 de
1079 3528 1219 3569 praedidlcis
1232 3539 1299 3568 qua-

239 3570 303 3592 tuor
316 3566 435 3608 millibus
454 3566 617 3597 Marcarum
629 3590 639 3605 ‚
664 3567 698 3598 &
720 3568 876 3606 quingentis
892 3566 998 3598 Marcis
1011 3592 1021 3606 ,
1047 3568 1084 3598 de
1098 3567 1208 3598 decima
1222 3591 1232 3608 ,
1256 3578 1300 3598 re-

241 3599 468 3643 demptionibus,
483 3606 515 3636 δε
533 3605 752 3635 obventionibus
770 3605 908 3645 praedirstis
921 3628 931 3644 ,
954 3606 1082 3637 colleffis
1095 3607 1129 3637 &
1146 3608 1301 3646 perceptis,

242 3646 328 3681 penes
339 3641 529 3680 quoscumque
541 3643 715 3674 detineantur
728 3667 738 3681 ,
761 3653 794 3673 ac
809 3644 918 3674 damnis
929 3667 939 3682 ,
966 3646 1089 3685 expensis
1107 3645 1141 3675 &
1158 3644 1302 3683 interesse,

245 3675 364 3719 sialiqua
377 3677 548 3721 Mercatores
562 3682 633 3719 ipsos
646 3682 805 3718 huiusmodi
820 3683 970 3713 occasione
988 3685 1130 3714 incurrere
1144 3683 1218 3714 forte
1231 3693 1303 3714 cori-

244 3714 449 3782 ffisstekhftiigmt
458 3719 533 3755 juxta
547 3721 628 3758 ipsius
643 3721 821 3752 instrumenti
841 3729 969 3751 tenorem
983 3721 1198 3754 satisfactionem
1209 3722 1304 3759 plena-

348 3775 351 3780 ι
414 3763 459 3783 erl.

286 3789 364 3827 Quia
378 3800 446 3833 vero
459 3792 537 3824 favor
552 3798 640 3835 regius
652 3797 686 3828 ad
701 3797 759 3828 hoc
776 3796 831 3828 esse
852 3797 1003 3830 dinoscitur
1023 3799 1176 3836 plurimum
1189 3807 1307 3836 oportu-

248 3837 317 3864 nus,
336 3827 515 3871 serenitatem
529 3841 604 3864 tuam
618 3845 746 3874 rogamus
761 3837 794 3867 &
810 3836 957 3867 hortamur
976 3846 1080 3868 attente
1090 3839 1218 3878 quatinus
1230 3859 1241 3876 ,
1265 3837 1307 3867 ob

248 3874 432 3909 reverentiam
446 3868 619 3907 Apostolicae
628 3874 696 3903 sedis
709 3875 742 3905 ὃς
756 3873 879 3904 nostram
888 3898 897 3912 ‚
911 3874 958 3905 des
968 3886 1056 3916 opem
1069 3877 1103 3907 &
1115 3885 1232 3917 operam
1244 3874 1311 3907 effia

248 3913 348 3948 cacem
362 3914 392 3935 ut
404 3904 505 3951 eisdem
522 3907 740 3949 Mercatoribus,
756 3912 791 3941 de
804 3912 961 3950 hujusmodi
980 3917 1114 3954 pecunia,
1130 3915 1256 3946 celeriter
1270 3914 1310 3944 sa-

251 3942 515 4011 ἓέἓῇῑίέωρῑὲξῖἂέ
526 3944 672 4011 griagistm
691 3950 792 3980 Sinitio
806 3951 998 3988 impendendo
1016 3953 1053 3983 ad
1066 3955 1124 3985 hoc
1144 3953 1310 3992 consilium,

291 4004 294 4007 ,
473 3992 491 4010 V
512 3992 524 4010 Υ
575 4006 579 4011 .

289 4017 387 4047 Preces
399 4027 493 4048 autem
509 4019 614 4049 nostras
628 4021 665 4051 sic
683 4024 808 4056 admittat
824 4025 916 4064 Regia
934 4026 1080 4060 Celfitudo
1092 4051 1104 4069 ,
1128 4027 1206 4068 quod
1223 4027 1310 4059 iidem

252 4053 426 4088 Mercatores
438 4058 468 4088 in
481 4058 533 4090 bac
546 4066 622 4096 parte
634 4059 770 4094 assecutos
781 4064 808 4094 se
822 4064 957 4102 gaudeant
972 4067 1051 4106 quod
1062 4066 1231 4110 intendunt,
1245 4076 1314 4101 nos-
1350 4066 1439 4106 iacmt
1448 4065 1649 4103 Ecclefiastice
1659 4068 1823 4109 interdieto5

630 145 1427 204 CONVENTIONES‚
1479 143 1887 198 LITERAE,

2389 221 2466 253 Ann.
2479 220 2520 253 D.

1319 242 1355 263 ue
1361 256 1376 277 ,Ι
1387 233 1435 273 qui
1449 231 1477 263 id
1489 240 1602 272 gratum
1620 232 1786 263 habebimus
1797 230 1954 271 Plurimum
1975 227 2010 260 δῖ
2021 227 2173 270 aecepmm
2185 249 2207 272 '-
2218 225 2366 259 Serenitati
2406 259 2491 298 1258.

1335 281 1405 312 egiae
1416 281 1531 313 propter
1542 271 1600 303 hoc
1612 271 1713 302 referre
1723 280 1868 303 teneamur
1882 269 2029 310 gratiarum
2041 268 2140 298 uberes
2152 267 2287 297 adhones.

2432 310 2471 328 eu.
2499 319 2510 327 ο

1343 350 1412 383 Dat.
1426 351 1562 392 viterbii,
1580 351 1647 384 Kal.
1655 351 1796 392 januarii,
1813 348 1999 383 Pontificati‘is
2011 347 2102 381 nostri
2112 358 2189 381 anno
2207 355 2318 387 quarto.
2404 305 2430 329 H
2481 307 2495 336 3

1988 429 2101 471 Subfilo
2115 429 2224 461 canabi.

1348 559 1377 586 ἵ(
1394 565 1444 597 De
1460 563 1595 598 eleft‘ione
1612 563 1780 599 Abraham
1801 569 1832 599 in
1851 563 2114 612 Archiepiftopum
2132 560 2328 615 Armaclaan.
2394 562 2415 582 ⁴⁸
2431 563 2528 601 1.651.

1312 649 1517 707 ALexander
1530 653 1635 695 Episco
1654 666 1704 694 us,
1721 657 1812 687 servus
1825 655 1970 687 servorum
1985 653 2063 693 Dei,
2077 650 2221 683 karissimo
2233 652 2264 683 in
2277 651 2377 684 Chris-
2395 647 2473 679 Ann-
2485 648 2527 680 D-

1383 700 1416 735 19
1437 691 1496 735 filio
1626 665 1702 734 {egi
1723 695 1837 735 Angliae
1857 693 1970 732 illustri,
1991 692 2106 723 salutem
2123 690 2158 723 &
2179 689 2377 731 Apostolicam
2414 689 2498 727 1258·

1310 729 1553 761 benedictionem.
2393 730 2448 755 An.
2464 737 2514 763 42·

1347 768 1414 798 Suae
1429 769 1504 800 dona
1519 770 1614 809 gratiae
1625 771 1702 802 circa
1714 779 1744 802 te
1758 772 1894 803 virtutum
1907 770 2054 801 Dominus
2067 771 2105 801 ita
2117 767 2255 801 munifice
2269 766 2314 799 dis
2344 778 2378 798 n-
2395 770 2430 793 H.
2453 774 2481 801 3·

1309 806 1396 851 savit,
1411 815 1443 837 ut
1463 808 1499 852 id.
1512 808 1653 853 potissime
1667 818 1717 840 tuo
1730 811 1763 841 sit
1775 810 1857 841 cordi
1871 809 2033 841 delcetabile
2048 809 2126 847 quod
2141 807 2227 848 poffit
2241 806 2296 838 suae
2309 777 2379 838 ἢ·
2396 808 2436 831 1³³⁶
2450 807 2512 839 An,

1310 845 1410 884 lestans
1423 846 1530 886 oculis,
1547 847 1582 878 &
1597 856 1682 878 etiam
1696 847 1822 879 humano
1835 848 2000 886 conspectui
2012 848 2199 888 complacere.

1347 884 1432 922 Nos,
1447 885 1582 925 siquidem
1603 895 1637 916 ex
1658 887 1716 917 hoc
1738 887 1890 918 exultantes
1909 887 1940 916 in
1963 886 2118 924 Domino,
2136 886 2170 917 ὅτ.
2194 885 2273 915 illurn
2286 883 2381 915 cordis

1312 923 1514 961 consequentes
1531 923 1667 955 affectum
1689 934 1719 956 ut
1737 934 1783 964 te,
1800 926 1830 955 in
1852 924 1969 956 caritatis
1989 925 2158 962 visceribuS,
2186 924 2260 967 quasi
2282 924 2382 961 praeci-

1312 971 1402 1002 puum
1416 962 1566 993 habeamus
1574 987 1584 1001 ,
1592 962 1719 994 securam
1728 964 1907 1005 concipimus
1919 963 1956 994 de
1969 972 2016 994 tua
2031 963 2148 1004 persona
2160 959 2382 1001 fiduciam,&c.

1314 1008 1346 1031 ut
1361 1004 1390 1030 in
1404 1001 1491 1031 Bulla
1506 1002 1538 1032 de
1554 1011 1598 1040 19.
1618 1004 1686 1031 Dec.
1697 1001 1793 1042 fiaepra.

2394 850 2460 880 logr-

1314 1131 1335 1163 q
1352 1083 1421 1153 ng.
1437 1081 1558 1114 Viterbii
1571 1104 1582 1120 ‚
1605 1090 1707 1122 quarto
1727 1081 1813 1114 Non.
1827 1081 1969 1122 Januarii‚
1994 1080 2180 1114 Pontificatfis
2199 1082 2291 1114 nostn‘
2306 1091 2384 1114 anno

1336 1132 1381 1152 uas
1416 1145 1424 1152 .

1801 1200 1928 1232 Plumheo
1936 1199 2026 1243 figillo
2038 1212 2057 1231 a
2072 1200 2120 1241 filo
2134 1200 2260 1231 canabei».

1460 1338 1582 1369 Littera
1602 1335 1639 1369 de
1658 1333 1818 1369 Credentia
1834 1333 1965 1381 Alfimss
1985 1337 2060 1382 Regi
2078 1332 2215 1378 Castellae.

1313 1423 1433 1487 REgi
1447 1423 1579 1455 Castellae
1591 1424 1712 1455 salutem.
2400 1415 2477 1447 Ann-
2493 1415 2536 1447 D·

1412 1462 1514 1501 Cum,
1547 1473 1597 1502 per
1622 1463 1812 1494 venerabilem
1837 1470 1946 1503 patrem
1966 1461 2068 1502 Jahen.
2094 1460 2195 1493 vestrae
2222 1460 2382 1492 serenitatis
2415 1454 2500 1492 1258·

1313 1502 1489 1540 Nuncium,
1505 1500 1539 1532 ad
1560 1511 1612 1532 nos
1630 1502 1660 1531 in
1683 1502 1816 1541 Angliam
1831 1511 1920 1539 nuper
1932 1503 2113 1539 venientem,
2131 1500 2166 1531 ad
2180 1510 2228 1538 ea,
2243 1510 2309 1539 quae
2324 1510 2379 1531 no·
2395 1498 2449 1523 Aa.
2462 1502 2511 1530 4²·

1314 1541 1357 1571 bis
1373 1541 1464 1572 retulit
1486 1550 1519 1570 ex
1540 1548 1616 1580 parte
1633 1539 1742 1578 vestra,
1760 1548 1873 1578 propter
1886 1538 2018 1578 quaedam
2034 1538 2254 1579 impedimenta,
2268 1546 2377 1570 certum
2397 1538 2430 1561 H.
2452 1542 2479 1569 3·
2531 1572 2535 1577 ,

1315 1580 1396 1612 vobis
1410 1588 1446 1609 eo
1458 1588 1586 1618 tempore
1599 1578 1645 1608 res
1678 1578 1759 1609 nsum
1769 1577 1834 1608 dare
1846 1578 2039 1618 nequiremus,
2396 1571 2535 1608 Claus42.

1350 1617 1403 1648 Ob
1422 1617 1499 1657 quod
1518 1617 1619 1648 vestrae
1655 1617 1805 1648 ublirnitati
1817 1617 2062 1654 renunciavimus,
2077 1625 2128 1656 per
2140 1615 2284 1655 eundem,
2300 1615 2378 1656 quod
2397 1614 2433 1638 H.
2455 1619 2480 1646 3·

1315 1656 1395 1695 super
1408 1655 1553 1696 praemiffis
1566 1655 1601 1686 ad
1618 1665 1670 1687 vos
1685 1655 1795 1686 nostros
1808 1655 1945 1686 Nuncios
1957 1664 2066 1685 eramus
2076 1654 2200 1694 missuri,
2394 1658 2432 1677 m·
2445 1646 2521 1684 ¹3³2

1355 1696 1418 1735 Qii
1439 1695 1556 1726 demum
1577 1696 1607 1725 iri
1626 1695 1747 1735 partibus
1768 1693 1894 1725 Franciae
1907 1717 1918 1733 ‚
1943 1693 2068 1732 ipsorum
2088 1694 2176 1725 altero
2199 1701 2355 1733 aegrotante
2368 1715 2380 1732 ‚

1317 1733 1462 1773 praepediti
1480 1733 1573 1771 (nobis
1592 1735 1678 1764 etiam
1700 1742 1836 1764 eventum
1854 1733 2014 1764 liberiorem
2036 1731 2070 1763 :id
2083 1731 2295 1772 explementum
2309 1741 2383 1772 prz-

1318 1773 1467 1803 missorum
1485 1771 1706 1811 expeetanubus)
1723 1771 1758 1802 ad
1778 1781 1847 1809 vos,
1863 1771 1914 1802 sub
1935 1771 2091 1810 celeritate,
2114 1770 2170 1811 qua
2193 1770 2330 1803 vellemus
2348 1771 2384 1803 &

1318 1810 2067 1893 p‘ffcsssi‘iffiiasacsceff'i‘iiieeiff‘ssigiiieossffnii’bbaoem
2081 1846 2221 1893 saiopiae,
2237 1847 2273 1893 a<
2280 1847 2388 1893 ipim

1320 1898 1389 1919 nem
1409 1887 1445 1918 de
1465 1886 1592 1918 castello
1614 1886 1760 1927 Militem,
1776 1887 1811 1917 ad
1831 1885 1953 1918 vestram
1973 1886 2148 1927 praesentiam
2163 1886 2390 1925 transmittimus3

1320 1928 1371 1966 qui
1392 1928 1473 1958 vobis
1495 1925 1694 1966 respondeant,
1711 1926 1746 1957 &
1765 1925 1925 1957 satisfaciant
1944 1925 1974 1955 iri
1993 1925 2062 1964 hiis,
2079 1935 2145 1965 quae
2165 1924 2320 1956 secundum
2331 1926 2390 1956 for-

1321 1975 1405 2033 mand
1419 1966 1562 2004 scripturae
1585 1965 1800 2004 conventionis,
1815 1965 1888 1996 inter
1909 1973 1961 1997 vos
1977 1964 2012 1996 δε
2033 1974 2086 1996 nos
2098 1964 2219 2003 habitae,
2237 1964 2341 1995 fuerint
2350 1964 2392 1995 fa-

1322 2015 1386 2036 cien
1406 2014 1431 2034 a.

1356 2043 1422 2083 Ipsis
1443 2043 1527 2083 igitur
1548 2043 1578 2073 in
1600 2042 1653 2074 hac
1673 2050 1752 2084 parte
1770 2041 1798 2073 su
1820 2051 1850 2072 er
1870 2041 1922 2073 hiis
1936 2065 1947 2081 ,
1971 2052 2038 2082 quae
2055 2043 2138 2073 vobis
2157 2042 2276 2073 nomine
2295 2040 2394 2072 nostro

1322 2081 1459 2125 duxerint.
1471 2080 1632 2120 referenda,
1655 2080 1741 2112 fidem
1761 2091 1777 2112 a
1816 2081 1911 2124 ibere,
1935 2090 1969 2112 ac
1990 2082 2075 2112 nobis
2093 2091 2143 2122 per
2161 2080 2274 2112 eosdem
2294 2078 2395 2112 vestrae

1321 2120 1473 2154 voluntatis
1484 2120 1693 2160 beneplacitum
1706 2129 1868 2152 renunciare
1882 2119 1980 2152 velitis.

1353 2202 1445 2235 Teste
1455 2201 1538 2242 Rege
1549 2200 1624 2241 apud
1645 2200 1766 2233 Merton
1774 2224 1784 2241 ,
1801 2200 1923 2242 septimo
1938 2199 1984 2231 die
1991 2199 2124 2239 Januarii.

1392 2345 1442 2378 De
1461 2342 1595 2377 Nunciis
1614 2341 1659 2376 ad
1671 2342 1839 2388 Affonfitm
1856 2343 1968 2388 Regem
1989 2337 2117 2384 Castellae
2129 2337 2323 2385 profeHuris.

1326 2431 1576 2494 REXpAisbati
1587 2432 1680 2473 Salop.
1697 2432 1822 2477 satutem.
2409 2418 2486 2449 Ann-
2499 2416 2542 2449 D·

1421 2471 1567 2502 Mittimus
1585 2471 1620 2502 ad
1639 2481 1690 2502 vos
1707 2470 1843 2501 dilestum
1861 2468 1896 2500 &
1914 2466 2027 2498 fidelem
2041 2464 2170 2498 nostrum
2177 2463 2340 2503 Johannem
2355 2462 2391 2508 de
2431 2457 2516 2496 1258-

1324 2509 1468 2549 Castello,
1484 2511 1603 2541 latorem
1622 2509 1818 2550 praesentium,
1835 2507 1985 2551 vobiscum
2003 2505 2038 2537 ad
2050 2505 2166 2549 Regem
2178 2503 2311 2548 Castellae
2326 2526 2337 2542 ,
2361 2513 2392 2533 in
2409 2501 2471 2525 ΡΜ·
2484 2506 2534 2533 4²-

1324 2548 1481 2579 Nuricium
1502 2548 1649 2602 nostrum,
1665 2557 1719 2588 pro
1737 2558 1796 2589 quo
1815 2556 1867 2579 vos
1884 2554 1971 2576 etiam
1984 2544 2019 2575 ad
2033 2553 2122 2583 partes
2134 2543 2192 2574 illas
2204 2542 2394 2581 destinamus,
2410 2540 2515 2607 gigm—

1323 2587 1544 2670 prgfsffdlerdudliu
1555 2624 1590 2656 ad
1603 2635 1656 2656 vos
1669 2627 1782 2670 mittere
1795 2623 1950 2668 distulimus
1962 2631 2018 2666 pro
2028 2631 2065 2652 eo
2078 2620 2155 2666 quod
2170 2620 2206 2652 de
2218 2619 2397 2675 quibusdam,

1323 2663 1839 2747 Νὲἔῐᾚῗρῖἑῗέἓέυὲἳῗὲἒῖἱΐὲ
1842 2672 1878 2730 mm
1927 2660 2291 2765 affiss'gfssgeiszncsiffis,
2313 2704 2398 2736 prout

1324 2736 2303 2824 aestimassetis&sntizssgffisnn
2312 2744 2399 2814 aas

1327 2827 1412 2886 miii?
1426 2813 2286 2919 {ifnfsst‘iiiig'riiassffiiiisvffiigqoiciieui'ri’ffiinpffilissigffirglffieiiae
2298 2850 2331 2894 ξς
2344 2849 2402 2895 Af-

1330 2903 1426 2972 {iffi}
1435 2904 1542 2963 5355}ss
1561 2893 1606 2924 seu
1618 2902 1723 2970 523³
1732 2891 2034 2975 r¹2¹2⁰f¹2¹tqss3¹52¹i3¹313i1²2¹1i1
2043 2898 2167 2957 ῐὶεῗῐὲἓ
2172 2889 2404 2958 ἔξὲξέἓῗὲἒέῑὶ

1332 2982 1411 3010 mus,
1429 2972 1506 3002 velut
1519 2972 1549 3009 ip
1560 2982 1576 3002 e
1590 2971 1672 3015 vobis
1683 2942 1782 3001 reseret
1796 2979 1860 3013 viva
1873 2977 1965 3006 voce,
1977 2967 2030 2997 una
2044 2975 2113 3010 curn
2125 2966 2243 3006 praefato
2253 2965 2404 3010 J⁰h.³¹¹¹².e²

1333 3009 1488 3055 secundum
1502 3008 1667 3054 industriam
1680 3009 1715 3042 &
1729 3009 1941 3045 discretionem,
1956 3015 2011 3044 qua
2027 3005 2125 3036 melius
2138 3004 2172 3036 &
2187 3012 2406 3036 convenientius

1335 3047 1806 3157 poffiritilgciriitlistizciiegeariissgsobisdpg
1818 3083 1941 3116 eundem
1951 3082 2116 3123 Johannem
2128 3090 2167 3121 50
2179 3080 2295 3114 Marcas
2306 3079 2344 3112 de
2352 3080 2405 3113 do-

1335 3136 1429 3158 nono
1455 3135 1516 3158 roa
1550 3135 1621 3165 expe
1694 3135 1730 3157 ve
1799 3149 1806 3155 .

1374 3206 1464 3240 Teste
1478 3215 1510 3239 ut
1523 3207 1610 3247 supra.

1343 3354 1393 3387 De
1420 3348 1518 3385 tribus
1545 3348 1688 3393 mensibus
1711 3352 1801 3397 fhper
1822 3352 2032 3399 prorogatt'one
2053 3347 2203 3396 fintentt'ae
2221 3346 2352 3393 ferendae
2373 3346 2405 3378 in
2422 3353 2555 3392 *1652-

1416 3402 1526 3446 Regem
1540 3410 1597 3446 pro
1612 3398 1729 3446 defeiin
1741 3401 1952 3447 proficutionis
1969 3401 2079 3446 negotii
2095 3400 2190 3444 Regni
2206 3397 2324 3431 Sicilia.

1402 3486 1549 3518 Lexander
1569 3486 1724 3528 Episcopus
1758 3489 1851 3522 servus
1870 3489 2015 3521 servorum
2034 3487 2094 3519 Dei
2130 3486 2237 3517 ἀῦεᾶο
2254 3484 2313 3516 filio
2332 3482 2400 3514 Ma·
2417 3478 2494 3509 Ann-
2509 3477 2554 3509 D:

1417 3525 1506 3566 gistro
1523 3526 1641 3571 Arloto,
1659 3513 1840 3561 subdiacono
1861 3529 1895 3561 &
1913 3527 2041 3560 Notario
2050 3510 2164 3565 nostro,
2180 3525 2295 3557 salutem
2309 3523 2343 3554 δε
2357 3521 2399 3553 A-
2437 3526 2489 3555 125
2495 3518 2522 3548 8·

1342 3564 1511 3605 postolicam
1524 3565 1761 3598 benedictionem.
2414 3560 2467 3585 Aa.
2480 3566 2528 3592 4²·

1377 3603 1436 3635 Pro
1448 3604 1563 3642 negotio
1572 3603 1665 3644 Regni
1677 3606 1780 3637 Siciliae
1795 3616 1866 3638 curn
1879 3603 2023 3638 cariffimis
2034 3604 2065 3634 in
2077 3602 2194 3634 Christo
2206 3601 2266 3632 filiis
2279 3597 2379 3642 ”Ostsis
2387 3620 2397 3637 a
2412 3599 2447 3623 H·
2465 3604 2491 3631 3·

1343 3641 1387 3673 H·
1405 3642 1491 3681 Angl·
1510 3642 1544 3672 &
1564 3641 1734 3684 Edmundo‚
1762 3654 1831 3676 nato
1848 3647 1921 3684 ejus,
1941 3643 2062 3686 Siciliae,
2084 3641 2212 3681 Regibus
2231 3637 2396 3676 illustribus,
2412 3637 2452 3661 Ex
2464 3635 2524 3666 Aue

1343 3680 1394 3712 sub
1413 3689 1488 3711 certa
1503 3680 1610 3720 forma,
1628 3693 1676 3721 pei·
1692 3684 1755 3715 alias
1768 3684 1868 3715 litteras
1878 3681 1985 3714 nostras
1997 3681 2048 3713 tibi
2060 3680 2176 3717 tradita,
2190 3678 2227 3709 us
2241 3686 2275 3707 ue
2288 3675 2322 3706 ad
2337 3675 2397 3706 Ka·
2413 3680 2478 3710 ngr.

1345 3718 1438 3751 lendas
1454 3718 1531 3757 junii
1553 3722 1690 3763 proximas
1711 3721 1906 3761 reformandO,
1928 3729 1956 3751 te
1974 3720 2010 3751 ad
2027 3728 2114 3759 partes
2135 3718 2207 3754 illas:
2243 3725 2260 3745 e
2280 3714 2398 3746 fratrum

1344 3756 1506 3790 nostrorum
1518 3759 1633 3790 coniilio
1642 3760 1770 3793 duximus
1783 3758 1998 3798 destinandum
2158 3794 2164 3800 ,
2374 3793 2381 3800 ·

1384 3795 1487 3826 Poenas
1498 3805 1615 3836 omneS,
1632 3809 1776 3831 contentas
1790 3801 1821 3830 in
1834 3799 1980 3838 privilegio
1991 3796 2194 3831 innovationis,
2207 3791 2406 3832 conceffioms,

1345 3834 1380 3866 δί
1395 3833 1631 3875 confirmationis,
1647 3847 1712 3877 quas
1734 3838 1850 3876 praefato
1871 3836 2027 3868 Edmundo
2039 3835 2119 3872 super
2130 3831 2232 3876 eodem
2246 3830 2352 3874 Regno
2365 3832 2407 3863 fe-

1347 3875 1457 3943 gimgs,
1473 3873 1562 3912 usque
1583 3875 1617 3905 ad
1638 3877 1784 3916 praedidtas
1802 3875 1958 3914 (mendas,
1978 3883 2028 3915 per
2049 3870 2158 3905 oesdem
2176 3870 2280 3901 litteras
2295 3870 2408 3910 iuspeni-

1367 3922 1526 3990 eftaoi'quod
1545 3952 1673 3993 interim,
1686 3954 1835 3985 occasione
1854 3958 2089 3995 quorumcunque
2102 3948 2282 3993 defectuum,
2292 3958 2350 3995 'per
2363 3947 2408 3986 ip-⁴

1349 3987 1410 4019 sum
1428 3988 1550 4034 Regem
1564 3990 1675 4031 Angliae
1694 3993 1724 4025 in
1739 4000 1897 4022 memorato
1912 3997 2028 4028 negotio
2039 3986 2253 4019 commissorum
2289 3987 2347 4025 ipse
2359 3993 2408 4017 ex-

1349 4029 1613 4060 communicationis
1628 4031 1792 4062 sententiam
1803 4039 1865 4061 non
1877 4029 2014 4066 iaciunt,
2029 4035 2084 4059 uec
2096 4025 2235 4067 Regnum
2245 4011 2326 4058 si'ium
2344 4024 2420 4057 sub-.

2340 4098 2412 4132 Nec
