2560 4261
76 215 155 246 Arm.
165 214 205 245 D.

99 263 111 284 1
120 263 131 283 1
139 262 153 290 7
159 262 183 291 7.

78 442 183 477 ⁹149.

77 3758 180 3793 *1.50.

225 133 277 170 16

224 213 317 255 Garfie
330 215 457 251 Berneri,

225 253 330 283 Samffii
344 254 447 280 Ramiri
456 272 465 286 ‚

232 294 257 321 E
252 289 378 330 spaignol
391 290 422 318 de
436 284 571 326 Taiffbnal
577 308 586 323 ,

771 209 848 236 Petri
861 208 979 237 Raimiri
986 227 996 243 .,

773 248 897 275 Acenari·
911 246 942 274 de
956 242 1077 282 Chala,

227 366 392 399 Assertione
403 363 592 404 cognovimus
603 370 611 390 ι

227 445 246 463 ³*
257 444 358 482 placuit
372 441 484 479 utrique
495 439 624 470 vestrum
639 439 834 477 queremonias
847 438 919 468 inter
931 446 984 468 vos
996 436 1115 473 habitas,
1130 434 1209 478 super
1223 433 1285 477 qui·

229 482 345 512 busdam
368 478 495 510 Castellis
506 503 516 516 ,
534 479 567 509 &
581 478 698 516 Terris,
716 487 785 508 cum
799 485 896 507 earum
909 477 1035 506 terminis
1049 476 1083 505 &
1097 481 1284 516 pertinentiis,

222 520 331 560 judicio
345 517 444 548 nostro
456 517 614 555 terminari3
633 526 685 547 nos
698 527 769 546 vero
784 516 807 546 F
809 515 925 545 idelibus
937 515 971 545 ὃς
984 514 1109 544 Nunciis
1123 511 1222 555 vestris
1238 520 1284 554 ea,

228 569 283 595 qua
303 557 414 594 decuit,
430 557 612 586 veneratione
630 554 775 592 susceptis,
794 562 896 594 pacem
914 553 987 582 inter
1008 562 1061 581 vos
1076 575 1086 589 ,
1104 550 1209 593 honori
1226 548 1284 592 Dei

228 598 262 627 &
288 597 342 627 toti
364 594 565 625 Christianitati
585 592 739 631 plurimum
760 592 939 629 profuturam
962 589 1135 620 attendentes
1149 612 1159 626 ,
1182 587 1285 617 divinae

226 636 334 673 pietatis
353 635 386 665 δε
406 633 569 664 communis
589 632 709 662 utilitatis
724 631 841 667 intuitu,
859 629 1007 667 negotium
1020 628 1120 657 hocin
1132 636 1184 656 nos
1197 625 1286 656 susce-

227 674 329 711 pimus.
354 672 492 702 Fidelibus
511 673 604 708 itaque
624 680 639 699 a
659 668 741 700 vobis
753 669 947 698 communiter
962 666 1058 696 eiectis
1071 667 1105 697 ὃς
1112 672 1285 733 ἅνθρωπο-

226 712 303 741 ribus
323 712 356 742 &
374 711 516 741 advocatis
536 707 680 738 causarum
699 705 856 737 vestrarum
871 706 899 734 in
914 704 1057 742 praesentia
1071 714 1110 734 no
1137 713 1181 741 ra,
1198 704 1231 734 &
1246 701 1287 732 E-

226 749 409 788 piscoporum
423 773 433 786 ,
459 749 492 779 &
511 746 666 777 Comitum
679 769 689 783 ,
714 745 747 776 δε
768 744 912 774 Baronum
932 743 1097 773 nostrorum
1111 741 1287 780 constitutis,

226 789 374 826 petitiones
394 789 429 818 &
447 786 622 825 allegationes
641 783 783 822 utriusque
803 783 885 821 partis
908 781 1054 821 diligenter
1073 781 1231 812 audivimus
1253 780 1287 811 &

228 828 235 833 ”
249 827 420 857 ⁴telleximus.

226 837 256 858 m
268 864 469 901 proponebant
486 861 621 900 siquidem
637 861 682 898 hi,
701 860 802 899 quibus
815 860 893 890 causa
909 858 1056 890 Aldefonsi
1077 858 1166 898 Regis
1179 856 1288 888 Castel-

227 902 263 933 lae
282 902 431 933 commissa
451 900 538 932 fuerat
552 924 562 938 ,
581 900 728 930 Saunium
749 898 864 935 Regem
880 897 1019 928 Navarrae
1038 905 1197 928 memorato
1212 895 1288 926 Reoi

229 940 359 971 Castellae
372 966 382 979 ,
409 939 479 970 dum
499 939 591 969 adhuc
613 937 738 975 Pupillus
760 937 828 967 esset
851 937 884 968 &
909 935 1060 974 Orphanus
1075 960 1085 974 ,
1111 934 1232 965 Castella
1255 920 1288 966 «ξε

227 979 331 1010 Terras
347 1005 355 1017 ‚
382 979 484 1010 scilicet
506 977 687 1017 Logronium
702 1000 713 1014 ,
737 975 879 1006 Navarret
894 999 903 1013 ,
929 975 1067 1013 Antlena,
1084 973 1190 1012 Aioi,
1208 973 1290 1013 Ago-

228 1017 306 1057 solo,
325 1028 392 1049 cum
407 1016 539 1047 omnibus
554 1016 678 1045 terminis
693 1016 726 1045 δε
750 1014 919 1052 pertinentiis
940 1013 991 1044 suis
1008 1038 1018 1051 ,
1037 1023 1099 1052 quae
1140 1020 1195 1042 ater
1210 1012 1289 1050 suuS,

229 1056 275 1087 die
292 1067 344 1095 qua
358 1055 490 1093 decessit,
508 1055 541 1085 ὃς
558 1053 612 1091 ipse
628 1052 691 1091 post
707 1053 813 1091 aliquot
828 1062 915 1082 annos
939 1053 1034 1090 quiete
1057 1050 1229 1089 possederat,
1246 1051 1291 1080 in-

224 1095 346 1164 justjted&
363 1094 500 1125 violenter
514 1092 672 1131 abstulisse,
692 1091 766 1123 unde
781 1092 815 1123 ὃ(
831 1100 932 1122 eorum
947 1090 998 1121 fibi
1011 1089 1070 1121 fieri
1085 1089 1290 1134 restitutionem

247 1136 276 1163 oi
294 1149 303 1163 t
321 1135 410 1164 abant.

226 1144 246 1172 p
266 1172 308 1203 llli
322 1183 410 1212 vero,
428 1172 528 1210 quibus
544 1170 623 1202 causa
639 1169 745 1202 SanCtii
760 1169 848 1208 Regis
873 1168 1012 1200 Navarrae
1027 1166 1178 1199 commissa
1192 1165 1291 1204 fuerat,

225 1210 313 1241 nichil
328 1221 429 1241 eorum
445 1220 508 1253 quae
522 1210 558 1240 ab
572 1209 629 1240 aliis
645 1219 697 1250 pro
718 1208 785 1239 osita
801 1209 908 1238 fuerant
932 1207 1172 1244 contradicentes,
1189 1204 1289 1248 affere-

226 1249 296 1279 bant
318 1249 522 1287 Aldefonium,
540 1248 684 1286 praefatum
739 1256 820 1286 egem
836 1245 966 1276 Castellae
981 1270 991 1284 ,
1008 1245 1123 1276 Sant‘tio
1138 1252 1290 1281 praenoml-

228 1296 295 1318 nato
311 1288 388 1328 Regi
402 1287 540 1318 Navarrae
556 1286 693 1324 castella,
710 1285 766 1316 scil.
787 1285 898 1324 Legiun
913 1309 922 1323 ‚
948 1283 1065 1322 Portol,
1083 1285 1117 1315 &
1133 1282 1289 1313 Castellum

251 1326 308 1356 uod
331 1334 406 1357 tenet
429 1326 530 1356 Godin
546 1350 556 1364 ,
581 1335 629 1364 per
652 1324 794 1366 Guerram
817 1324 851 1358 ἃς
873 1322 973 1364 injuste
986 1321 1145 1359 abstulisse,
1164 1322 1197 1365 ὃς
1213 1328 1288 1359 parte

228 1336 311 1395 {tera
333 1367 362 1395 in
385 1365 464 1396 nullo
487 1363 697 1395 contradicente
719 1363 787 1401 libi,
806 1372 907 1393 eorum
927 1361 978 1392 libi
1000 1361 1060 1392 fieri
1081 1360 1287 1391 restitutionem

227 1405 286 1442 pari
301 1404 431 1442 petebant
445 1403 579 1434 instantia.
1252 1438 1256 1443 Ι

206 1478 208 1480 ,
267 1441 402 1473 Praeterea
415 1443 444 1472 in
459 1442 560 1480 scripto
575 1439 670 1472 vestro
685 1440 881 1471 continebatur
902 1440 1052 1470 communi
1067 1463 1077 1477 ,
1102 1448 1154 1469 vos
1168 1437 1286 1475 Treujas

220 1481 297 1512 jnter
320 1491 371 1511 vos
389 1505 398 1519 ³
424 1480 510 1518 usque
531 1482 559 1510 in
579 1480 753 1517 septennium
776 1478 831 1509 fide
851 1478 1009 1516 interposita
1023 1477 1160 1516 firrnasse,
1178 1477 1211 1508 &
1227 1477 1285 1508 hoc

216 1519 316 1557 'ipsum
331 1519 444 1549 Nuncii
458 1518 542 1549 vestri
557 1520 586 1548 in
597 1520 658 1556 jure
674 1518 763 1555 palam
777 1517 838 1548 sunt
853 1516 1002 1555 protestati.

262 1557 372 1587 Habito
394 1559 478 1597 igitur
500 1567 567 1587 cum
583 1556 747 1595 Episcopis,
764 1555 928 1586 Comitibus
942 1556 976 1587 ὃ(
993 1554 1148 1586 Baronibus
1163 1553 1283 1591 nostris,

225 1605 293 1626 cum
315 1595 514 1626 deliberatione
536 1595 655 1626 consilio
670 1619 680 1633 ,
706 1595 810 1626 Pacem
825 1596 895 1624 inter
910 1604 980 1633 vos,
998 1594 1031 1624 ad
1047 1592 1134 1624 fidem
1150 1591 1286 1624 Christia-

224 1643 328 1664 norum
352 1633 556 1674 propagandam
573 1658 582 1671 ,
606 1634 640 1664 ὃς
662 1632 696 1663 ad
718 1634 899 1663 inimicorum
928 1632 1035 1663 Christi
1061 1631 1260 1664 confusionem
1274 1655 1285 1670 ,

225 1673 405 1703 necessariam
420 1673 482 1703 fore
496 1672 717 1710 considerantes;
736 1672 846 1710 plenam
861 1672 960 1710 etiam,
978 1680 1035 1702 tam
1049 1681 1083 1702 ex
1097 1671 1202 1709 scriptis
1222 1680 1285 1701 ves-

224 1713 271 1741 tris
289 1721 372 1749 quam
387 1710 574 1741 Nunciorum
596 1710 805 1748 assertionibus,
824 1709 955 1740 fiduciam
976 1711 1169 1748 concipientes
1190 1709 1285 1749 quod,

225 1750 254 1779 in
272 1760 341 1787 pace
354 1749 486 1780 firmanda
502 1751 535 1781 ὃς
550 1748 756 1787 conservanda,
774 1748 893 1779 consilio
915 1747 1014 1779 nostro
1030 1749 1063 1779 ὃς
1079 1756 1222 1786 praecepto
1237 1758 1285 1786 pa-

225 1789 335 1827 rebitis,
353 1797 416 1819 ante
433 1788 526 1819 'udicii
540 1789 821 1826 pronunciationem,
839 1786 917 1824 super
938 1786 1101 1825 praescriptis
1117 1786 1235 1825 querelis
1250 1787 1284 1817 &

223 1828 333 1865 treujis,
352 1837 417 1857 man
438 1836 514 1857 amus
530 1827 612 1857 vobis
628 1836 676 1864 per
690 1825 827 1856 Nuncios
848 1824 956 1856 vestros
970 1850 979 1863 ,
997 1826 1031 1857 ὃ(
1046 1824 1233 1863 consulimus,
1250 1826 1284 1856 &

225 1866 422 1904 praecipimus,
439 1867 473 1896 ὃς
489 1865 579 1895 adhuc
595 1866 678 1894 etiarn
694 1864 818 1902 praesenti
832 1862 934 1901 scripto
949 1863 1112 1895 mandamus
1128 1871 1158 1894 ut
1179 1863 1286 1895 Pacem

226 1905 298 1934 inter
314 1914 366 1935 vos
381 1903 513 1943 firmetis,
531 1904 564 1934 ὅ(
580 1905 608 1933 in
624 1911 790 1941 perpetuum
803 1901 919 1932 fideliter
933 1903 1092 1933 observetis.

262 1942 351 1981 Super
368 1943 484 1981 querelis
499 1952 569 1973 vero
585 1943 734 1980 praetax'atis
749 1940 786 1972 de
801 1940 927 1971 Castellis
950 1942 984 1973 δε
999 1941 1096 1972 Terris
1110 1965 1120 1979 ,
1138 1951 1206 1972 curn
1220 1951 1286 1972 orn-

224 1980 306 2012 nibus
322 1982 445 2011 terminis
460 1982 493 2012 &
510 1981 695 2019 pertinentiis,
713 1981 781 2010 hinc
796 1979 861 2010 inde
876 1979 1014 2010 violenter
1035 1980 1069 2011 δε
1092 1980 1192 2018 injuste
1210 1980 1286 2011 abla-

223 2019 300 2059 latis,
320 2030 388 2050 curn
410 2019 497 2050 nichil
512 2027 611 2050 contra
624 2019 787 2050 violentiam
802 2020 913 2056 utrique
928 2018 1071 2057 objediam
1086 2028 1101 2048 a
1117 2026 1192 2056 parte
1205 2019 1286 2049 alter-

223 2066 282 2088 utra
304 2058 380 2089 alteri
401 2057 628 2097 responderetur,
653 2068 707 2088 nec
730 2056 885 2096 quicquid,
903 2067 962 2095 quo
977 2058 1069 2087 minus
1083 2057 1287 2097 restitutiones,

221 2106 290 2135 quas
305 2098 455 2136 petebant,
473 2096 608 2128 faciendae
623 2096 730 2134 essent,
747 2096 926 2135 allegaretur,
944 2095 1093 2133 plenariam
1106 2097 1217 2134 utrique
1225 2106 1286 2134 par-

221 2137 243 2179 ti
252 2135 480 2203 dsupradidtornm
494 2160 504 2175 ,
523 2145 586 2174 quae
609 2136 639 2166 in
656 2136 720 2175 jure
734 2135 817 2174 petita
832 2142 924 2174 erant,
942 2133 1002 2166 fieri
1015 2134 1222 2167 restitutionem
1238 2134 1286 2166 ad-

232 2184 250 2204 u
272 2184 413 2205 icawmus.

217 2183 229 2213 J
260 2212 446 2251 Adjunximus
468 2214 551 2244 etiam
572 2223 606 2244 ex
622 2213 732 2252 judicio
754 2213 851 2251 treujas
866 2212 989 2252 praefatas
1004 2212 1076 2244 inter
1088 2223 1141 2244 vos
1158 2214 1201 2252 (ut
1214 2223 1286 2253 prae-

224 2249 335 2282 dietum
349 2252 401 2290 est)
418 2252 473 2283 fide
494 2252 610 2283 firmatas
624 2277 633 2290 ,
659 2252 728 2283 licut
748 2261 782 2282 ex
802 2252 906 2290 scn'pto
930 2252 1025 2283 vestro
1045 2253 1079 2284 &
1096 2252 1286 2284 Nunciorum

223 2289 383 2321 vestrorum
405 2291 515 2329 publica
536 2290 712 2322 confeffione
731 2292 760 2321 in
775 2292 839 2330 jure
859 2290 931 2321 facta
944 2292 1027 2321 nobis
1042 2290 1182 2330 constitit,
1199 2292 1237 2322 us
1252 2302 1287 2323 ue

224 2328 260 2358 ad
275 2329 459 2360 constitutum
472 2330 544 2359 inter
556 2340 608 2360 vos
623 2330 776 2360 terminum
790 2329 986 2360 inviolabiliter
997 2329 1190 2360 observandas.
1251 2341 1286 2361 o-

224 2366 318 2398 lumus
332 2369 415 2398 etiam
430 2369 464 2400 ὃ(
479 2369 656 2406 praecipimus
669 2392 679 2406 ,
705 2378 758 2407 pro
771 2368 852 2398 bono
900 2369 955 2407 cis,
973 2375 1004 2398 ut
1019 2367 1085 2398 Rex
1099 2367 1267 2399 Aldefonsus
1276 2394 1286 2408 ,

225 2404 344 2436 dilectus
367 2407 451 2437 Filius
473 2406 568 2437 noster
583 2431 593 2446 ,
617 2406 705 2437 donet
727 2406 844 2437 Sanffio
899 2408 944 2446 egi
957 2406 1113 2444 Navarrae,
1130 2406 1287 2439 Avunculo

225 2443 293 2483 suo,
311 2445 421 2485 singulis
435 2447 512 2475 annis
525 2445 611 2484 usque
626 2445 660 2475 ad
671 2445 840 2476 decennium
855 2446 905 2475 tria
919 2445 1005 2475 millia
1019 2445 1287 2485 Marabotinorum,

225 2482 259 2512 ad
281 2492 335 2513 tres
354 2485 489 2514 terminos
510 2485 538 2514 in
560 2494 635 2514 anno
655 2483 709 2523 Byr
730 2485 750 2513 is
770 2483 935 2521 recipienda.
955 2483 1021 2514 Scil.
1040 2483 1075 2513 ad
1096 2492 1214 2522 quatuor
1229 2486 1285 2523 pri-

224 2530 340 2552 morum
369 2522 506 2553 mensium
529 2522 593 2560 post
620 2522 706 2560 praedi
724 2523 783 2552 lam
810 2521 1014 2552 restitutionem
1033 2523 1162 2561 utrinque
1182 2523 1287 2554 faciam

223 2559 302 2589 mille
327 2560 574 2591 Marabotinorum
590 2585 600 2599 ,
623 2562 658 2592 δε
671 2561 705 2591 ad
718 2560 804 2590 finem
819 2568 937 2598 quatuor
948 2560 1086 2590 mensium
1101 2562 1234 2599 proximo
1247 2562 1287 2592 se-

223 2600 372 2635 quentium
394 2599 470 2630 mille
492 2599 740 2630 Marabotinorum
758 2623 767 2636 ,
793 2599 827 2630 &
852 2598 887 2628 ad
908 2598 995 2629 finem
1015 2607 1133 2637 quatuor
1147 2600 1286 2631 mensium

222 2638 306 2665 terrio
327 2637 502 2675 sequentium
523 2638 598 2667 mille
620 2637 867 2668 Marabotinorum
881 2661 891 2676 ‚
917 2638 953 2667 ita
967 2646 997 2667 ut
1012 2637 1121 2676 singulis
1135 2637 1172 2668 de
1188 2647 1224 2668 10
1237 2648 1287 2668 an-

224 2676 266 2703 nis
282 2699 291 2712 ,
317 2674 491 2713 sequentibus
518 2676 679 2713 praedietam
707 2676 910 2705 restitutionem
925 2699 934 2713 ,
963 2675 1102 2705 solvantur
1123 2677 1173 2705 tria
1199 2677 1286 2707 millia

224 2712 472 2744 Marabotinorum
492 2715 526 2744 ad
548 2714 663 2745 eosdem
684 2715 820 2746 terminos
836 2738 846 2752 ,
877 2714 911 2745 δε
940 2714 970 2744 in
991 2713 1059 2744 loco
1078 2715 1285 2751 praenominato

223 2750 341 2782 santrio
362 2752 437 2791 Regi
452 2753 596 2783 Navarrae.

262 2788 398 2820 Praeterea
419 2790 450 2820 N
457 2793 531 2821 uncii
553 2791 691 2830 utriusque
712 2791 837 2822 vestrum
854 2791 1017 2829 juraverunt
1031 2814 1040 2828 ‚
1064 2799 1128 2821 ante
1143 2790 1285 2822 sententiae

223 2830 487 2864 pronunciationem
524 2841 575 2859 vos
593 2830 759 2868 praedictum
769 2829 907 2868 judicium
922 2829 1065 2867 nostrum,
1083 2830 1141 2860 ram
1157 2829 1194 2859 de
1207 2830 1286 2860 resti-

225 2868 378 2908 tutionibus
391 2868 476 2905 quam
488 2853 524 2898 cle
539 2869 666 2906 Treu'is,
685 2868 800 2898 firmiter
811 2867 1006 2898 observaturos
1021 2879 1031 2904 ς
1057 2869 1107 2906 ἃ,
1126 2868 1175 2898 nisi
1187 2868 1286 2899 feceri-

226 2912 275 2941 tis,
293 2906 371 2943 quod
384 2916 502 2945 corpora
514 2906 559 2937 sua
574 2879 690 2938 reddent
705 2909 733 2938 in
748 2916 865 2938 manum
879 2905 1003 2938 nostram
1018 2907 1051 2937 &
1065 2905 1253 2945 protestatem.

655 2984 790 3017 Testibus
803 2984 861 3024 his,

773 3061 841 3092 Rob.
860 3064 961 3091 Comite
976 3060 1160 3101 Leircestriae,
1179 3059 1218 3096 &

774 3099 908 3130 uillelmo
928 3101 960 3129 de
982 3099 1161 3129 Maudevilla
1184 3102 1286 3129 Comite

812 3140 844 3168 de
858 3137 988 3178 Exstxa,
1004 3136 1043 3172 (ὧν

774 3177 852 3206 Wll.
872 3181 973 3207 Comite
985 3175 1086 3206 Glauce
1109 3179 1172 3214 riae,
1191 3174 1229 3211 ὠ

775 3214 853 3291 Μ’]’ζᾉ
884 3216 1066 3288 dedArunde
1099 3218 1200 3245 comite
1220 3217 1283 3244 Sut-

825 3265 882 3282 exae
936 3266 958 3275 a·

775 3293 877 3320 Comite
891 3278 1016 3331 bistriae,
1036 3291 1074 3327 ὠ·

774 3332 874 3358 comite
887 3331 918 3359 de
931 3333 1057 3360 ferreris.

773 3365 882 3434 EtLde·
894 3367 1048 3440 Βέοηὼυε
1070 3367 1156 3407 Angl.
1176 3369 1233 3399 Ric.
1253 3368 1285 3398 de

841 3416 881 3435 κει
931 3418 953 3428 Α·

774 3443 850 3473 Wll.
868 3430 900 3473 d}
913 3444 990 3483 Vpfii.

774 3481 901 3512 Odenello
916 3483 947 3512 de
963 3481 1171 3522 Dumfravilla:

772 3520 840 3551 Rob.
859 3521 892 3550 de
904 3519 976 3550 Vall.

771 3561 871 3595 Rogero
884 3560 917 3589 de
930 3558 1080 3589 Mumbrai.

771 3597 838 3628 Rob.
854 3598 885 3627 de
898 3596 1057 3627 stutevilla.

772 3635 893 3675 Philippo
907 3637 939 3665 de
953 3636 1058 3666 Chima.

772 3678 882 3711 Rogerio
894 3677 994 3713 Bigot,
1010 3672 1049 3708 ό·

774 3713 843 3743 Aliis
864 3723 949 3752 quam
963 3712 1102 3752 plun'bus,
1119 3718 1178 3741 tam
1191 3709 1283 3740 Cleri-

810 3753 978 3820 {5¹21un
1001 3751 1111 3789 Laicis,
1128 3748 1164 3780 de
1176 3748 1283 3789 Regno

860 3799 877 3813 0

859 3814 877 3831 υ
890 3814 895 3819 .

224 3060 281 3088 Ric.
301 3059 500 3099 Archippiscopo
515 3064 680 3093 Cantuariae.

223 3098 299 3134 Hug.
318 3099 445 3127 Dunelm.
465 3099 596 3138 Epistopo-

224 3134 326 3175 Gaufr.
345 3136 450 3178 Elyenst
464 3137 594 3179 Episcopo.

224 3175 334 3211 Rogerio
349 3177 471 3213 Wgorn.
491 3178 621 3214 Episcopo.

224 3211 402 3242 Bar-thalamo
415 3213 561 3256 Exonienfi
576 3212 708 3254 Epiftopo.

225 3250 363 3280 Gileberto
379 3253 471 3281 Lund.
492 3251 624 3291 Episcopo.

224 3288 347 3318 Waltero
361 3289 466 3331 quenfi
478 3291 608 3330 EpistopO.

222 3327 371 3362 Reginaldo
386 3328 562 3369 Bathonienfi
575 3331 629 3368 Epi
641 3336 706 3368 copo.

225 3363 357 3401 Johanne
370 3369 518 3398 Norwz‘cen
529 3379 537 3395 1
551 3369 604 3406 ΕΡ]
617 3376 682 3406 copo.

226 3402 358 3439 Johanne
372 3405 500 3444 cicestren
512 3419 520 3434 1
538 3405 669 3445 Epg'sffopo.

225 3440 358 3471 Rodberto
375 3446 448 3472 Here
463 3447 514 3475 ord
525 3444 656 3483 Epistopo.

369 3483 422 3518 Epi
435 3491 492 3521 copo
502 3507 511 3520 ,
521 3484 552 3512 de
567 3485 664 3513 Sanclo
670 3484 734 3513 Da»

264 3517 319 3545 vid
331 3519 453 3558 naam,
473 3518 511 3555 (ῥυ

225 3555 323 3630 Ajanlz
350 3556 471 3614 EssiftOPO
497 3559 530 3589 de
561 3560 659 3590 Saudo
685 3563 733 3592 A-

276 3605 293 3620 a
317 3603 343 3630 ),
363 3607 400 3628 0*

225 3629 254 3660 E
272 3601 367 3669 ι’]ζορο,
385 3633 416 3661 de
430 3635 557 3675 Bqngor,
573 3633 611 3670 ό

227 3672 250 3698 C
256 3667 379 3707 Jristiano
394 3672 514 3710 Episcopo
534 3674 664 3704 Candida:
680 3677 733 3704 Ca-

256 3707 298 3745 sae
312 3708 343 3736 de
357 3707 470 3737 Galueia
481 3721 489 3745 ‚-

229 3745 249 3764 ³³
264 3744 348 3784 Gauf
370 3745 436 3774 Filio
454 3751 532 3784 Regis
553 3754 653 3780 comite
667 3752 734 3780 Bri-

266 3787 385 3822 tanniae,
405 3781 442 3817 ᾤ’

228 3821 303 3853 Wll.
324 3825 424 3853 comite
437 3822 640 3866 Abbemarliae,
657 3824 696 3862 ὦ·

688 113 1490 163 CONVENTIONsss,
1545 111 1930 167 L1TERAE,

1323 290 1483 320 Conventio
1509 286 1599 330 fasta
1626 290 1704 320 inter
1733 290 1902 320 Henricum
1930 290 2039 334 Regem
2061 288 2178 334 Angliae
2192 292 2228 327 ῤ’
2247 291 2387 324 Ludo-vi-

1369 348 1437 368 cum
1459 338 1566 381 Regem
1583 337 1732 379 Francia,
1751 347 1805 382 per
1819 348 1913 382 qnam
1936 346 2061 381 uterque
2080 346 2196 370 tenetur
2213 341 2258 371 ire
2275 343 2307 372 in
2316 339 2386 385 fir-

1369 387 1483 416 vitium
1503 385 1617 417 Crucis.

1327 478 1351 500 1.
1418 467 1510 515 Ciant
1523 479 1622 500 omnes
1635 494 1644 508 ,
1662 467 1806 508 praesentes
1819 471 1852 502 &
1868 469 1970 508 futuri,
1986 470 2066 508 quod
2082 480 2136 512 ego
2151 473 2311 503 Lodowicus
2325 472 2386 504 Dei
2409 469 2485 500 Ann-
2496 469 2540 509 Daf

1429 516 1515 548 gratia
1535 511 1595 537 Rex
1616 511 1803 553 Francoru-ms,
1819 510 1853 540 &
1869 518 1924 548 ego
1944 511 2078 539 Henricus
2100 510 2199 541 eadem
2238 512 2302 543 ratis
2324 515 2385 542 Rex
2428 518 2514 547 1177.

1324 545 1454 590 Audite,
1471 546 1658 577 volumus‘ad
1677 549 1825 585 omnium,
1842 555 1899 577 tam
1915 547 2090 585 praesentiiun
2107 550 2193 591 quam
2221 558 2386 590 uturorum,
2405 551 2448 577 A·
2467 557 2517 587 23-

1324 592 1452 614 notitiam
1472 587 1633 623 pervenire,
1650 596 1718 623 nos,
1738 586 1806 616 Deo
1826 586 1971 623 inspirante
1983 610 2006 630 ,η
2017 587 2174 624 promiliss'e
2186 611 2196 626 ,
2214 589 2249 619 ὃς
2265 589 2384 628 juraffe‚
2404 588 2446 615 H.
2463 596 2493 617 2.

1325 621 1404 660 quod
1423 622 1503 653 simul
1523 624 1625 653 ibimus
1646 625 1675 653 in
1696 624 1837 655 iel-viritim
1856 624 2068 655 Christianitatis
2084 649 2094 663 ,
2112 626 2145 657 ὃς
2161 624 2288 657 Crucem
2301 627 2385 659 susci-

1325 662 1434 698 piemus
1447 661 1511 690 ituri
1521 661 1718 699 Jerosolimam
1727 687 1737 701 ,
1755 663 1824 693 sicut
1838 664 1867 692 in
1882 662 1984 701 scripto
1999 663 2035 694 de
2050 663 2223 703 susceptione
2236 668 2326 695 crucis
2340 667 2385 698 in-

1325 707 1366 729 ter
1380 708 1432 728 nos
1445 698 1521 728 ῐαξὶο
1537 701 1704 731 continetur.

1364 746 1390 766 2.
1410 736 1551 767 Volumus
1564 739 1646 768 etiam
1662 739 1740 776 quod
1753 749 1854 770 omnes
1869 739 1954 770 sciant
1970 740 2048 779 quod
2065 740 2102 772 fic
2117 740 2209 772 sumus
2220 766 2230 780 ,
2248 742 2283 773 &
2302 751 2385 774 amo-

1325 775 1367 820 do
1384 775 1516 806 volumus
1535 775 1592 806 esse
1614 778 1696 807 amici
1711 802 1721 815 ,
1744 778 1822 816 quod
1842 786 1960 815 uterque
1977 779 2106 810 nostrum
2121 780 2197 810 alteri
2210 780 2388 813 conservabit

1325 822 1413 844 Vitam
1427 838 1437 852 ,
1455 814 1488 845 &
1510 814 1638 844 membra
1652 838 1661 853 ,
1686 818 1719 846 &
1743 823 1885 846 terrenum
1904 817 2045 847 honorem
2067 817 2147 848 suum
2168 825 2266 849 contra
2285 830 2388 851 ornnes

1327 853 1456 883 homines
1479 862 1531 890 pro
1554 852 1634 889 poffe
1654 853 1713 883 suo.
1751 853 1843 897 Eds}
1857 865 2034 894 quaecunque
2056 856 2171 894 persona
2185 856 2305 888 alterum·
2320 867 2388 889 nos-

1327 899 1402 922 trum
1425 890 1530 921 malum
1549 891 1640 921 facere
1663 891 1861 930 praesumpierit
1875 918 1885 931 ,
1911 903 1966 933 ego
1981 896 2117 925 Henricus
2129 896 2237 934 juvabo
2252 897 2388 926 Ludowi-

1328 940 1386 959 cum
1408 932 1502 966 Regem
1526 933 1647 959 Franciae
1667 929 1830 962 Dominum
1849 942 1947 962 meum
1962 941 2060 963 contra
2074 944 2174 964 omnes
2188 933 2318 965 homines
2332 945 2387 973 pro

1328 967 1410 1007 posse
1433 978 1526 1007 meo,
1550 969 1584 999 &
1604 978 1659 1008 ego
1679 969 1840 998 Ludowicus
1857 970 1965 1008 juvabo
1986 973 2134 1002 Henricum
2154 974 2252 1010 Regem
2271 973 2387 1010 Angliae

1328 1015 1426 1038 contra
1440 1017 1540 1037 omnes
1554 1007 1684 1037 homines
1698 1017 1751 1045 pro
1766 1008 1845 1044 poffe
1859 1017 1926 1039 meo
1939 1032 1949 1046 ,
1966 1008 2035 1040 ficut
2050 1010 2198 1041 hominem
2220 1013 2254 1043 &
2272 1011 2387 1043 fidelem

1327 1055 1442 1083 meum,
1462 1045 1543 1083 (salva
1564 1045 1620 1076 fide
1634 1070 1644 1084 ,
1668 1055 1754 1084 quam
1775 1045 1910 1077 debemus
1930 1047 2093 1079 hominibus
2114 1048 2233 1088 nostris,
2251 1051 2386 1088 quamdiu

1327 1084 1377 1122 ipsi
1391 1083 1476 1114 fidem
1491 1084 1574 1114 nobis
1588 1084 1758 1121 servabunt).

1368 1131 1395 1162 3.
1414 1121 1452 1152 Et
1467 1130 1564 1153 neuter
1582 1124 1712 1153 retinebit
1731 1124 1880 1154 inimicum
1899 1122 2006 1154 alterius
2027 1124 2135 1156 amodo
2157 1127 2186 1156 in
2208 1133 2279 1158 terra
2292 1127 2388 1160 nostra

1327 1171 1362 1191 ex
1378 1171 1438 1199 quo
1454 1161 1596 1199 requisitus
1612 1160 1678 1191 inde
1689 1162 1781 1191 fuerit.

1363 1207 1392 1238 4.
1410 1198 1448 1229 Et
1460 1223 1470 1237 ,
1494 1208 1524 1230 ut
1544 1199 1652 1230 amodo
1673 1199 1784 1230 tollatur
1805 1200 1877 1230 inter
1897 1210 1950 1230 nos
1969 1201 2062 1231 omnis
2085 1203 2199 1232 materia
2220 1202 2388 1243 discordiae,

1327 1237 1515 1269 concessimus
1535 1237 1695 1268 adinvicem
1716 1237 1795 1276 quod
1815 1238 1852 1268 de
1871 1240 1965 1277 terris,
1984 1240 2017 1270 ὃ(
2032 1238 2265 1279 poffeffionibus,
2283 1243 2317 1273 ὃς
2331 1243 2389 1273 aliis

1325 1277 1426 1315 rebus,
1445 1286 1511 1314 quas
1527 1276 1650 1315 quisque
1669 1276 1798 1307 nostrum
1819 1276 1910 1307 modo
1930 1276 2066 1316 possidet,
2084 1274 2153 1308 alter
2173 1278 2299 1311 adversus
2320 1280 2388 1311 alte-

1325 1325 1389 1345 rum
1407 1314 1472 1345 inde
1483 1314 1591 1346 amodo
1606 1315 1694 1345 nichil
1707 1323 1800 1353 petet3
1819 1323 1938 1352 excepto
1960 1325 1996 1346 eo
2018 1315 2055 1346 de
2067 1315 2211 1346 Alvernia
2226 1317 2301 1348 unde
2315 1329 2390 1350 con·

1324 1355 1414 1384 tentio
1435 1354 1506 1383 inter
1525 1363 1579 1383 nos
1600 1353 1661 1391 est3
1679 1355 1713 1385 &
1736 1362 1856 1391 excepto
1878 1352 1979 1384 Feodo
1997 1353 2034 1384 de
2055 1353 2158 1385 Castro
2182 1356 2335 1396 Radulphi‚
2353 1359 2388 1389 ὃς

1325 1392 1446 1430 exceptis
1468 1393 1582 1422 minutis
1603 1390 1706 1422 Feodis
1728 1393 1761 1423 &
1783 1392 1876 1422 divisis
1892 1399 2027 1423 terrarum
2042 1393 2200 1424 nostrarum
2223 1394 2258 1425 de
2272 1397 2390 1435 Berria,

1325 1430 1344 1460 sl
1367 1430 1497 1461 homines
1517 1429 1607 1461 nostri
1631 1429 1734 1468 aliquid
1756 1429 1823 1460 inde
1847 1431 2046 1469 interceperint
2056 1432 2128 1462 inter
2142 1431 2187 1471 se,
2201 1433 2248 1464 vel
2260 1433 2390 1466 adversus

1322 1468 1440 1500 alterum
1451 1467 1589 1499 nostrum.

1361 1515 1388 1546 5.
1406 1507 1437 1538 Si
1450 1515 1543 1538 autem
1563 1507 1643 1545 super
1664 1506 1733 1545 hiis,
1751 1516 1817 1546 quae
1838 1506 1961 1544 superius
1982 1516 2099 1546 excepta
2117 1508 2194 1547 sunt,
2213 1519 2263 1547 per
2276 1520 2330 1541 nos
2345 1512 2390 1549 ip-

1322 1545 1366 1577 sos
1378 1546 1533 1588 convenire
1548 1555 1608 1576 non
1623 1546 1795 1585 poterimus,
1812 1554 1867 1586 ego
1882 1545 2042 1575 Lodowicus
2058 1548 2119 1576 Rex
2133 1549 2296 1579 Francorum
2318 1549 2390 1589 elegi

1323 1594 1377 1616 tres
1392 1584 1545 1624 Epilcopos,

1326 1659 1567 1703 claremontenfi’m
1573 1687 1584 1702 ,
1875 1660 2065 1701 Reverensom
2073 1674 2084 1691 .“

1324 1702 1541 1743 Nivernenfi’m,

1361 1779 1400 1810 Et
1414 1787 1470 1811 tres
1484 1782 1624 1818 Barones,

1324 1860 1452 1887 Comitem
1465 1855 1648 1888 Theobaldum
1655 1881 1664 1895 ,
1682 1854 1721 1891 ό

1875 1858 1989 1887 Petrum
2019 1856 2053 1888 de
2072 1859 2231 1889 Courteneia
2246 1880 2257 1896 ‚
2280 1855 2387 1889 Fratres

1324 1899 1453 1926 Comitem
1467 1895 1631 1934 Robertum,
1649 1893 1689 1931 &

1915 1904 1984 1926 meos
1992 1906 2001 1924 .-

1361 1971 1400 2004 Et
1414 1981 1470 2014 ego
1484 1973 1616 2005 Henricus
1632 1974 1692 2003 Rex
1707 1969 1821 2011 Angliae
1834 1971 1905 2012 elegi
1918 1978 1972 2002 tres
1986 1971 2140 2012 Epistopor,

1877 2050 1912 2080 R.
1931 2046 2176 2088 Nanctumenfi’m,·

1325 2048 1501 2080 Wllielmum
1515 2048 1733 2089 Cenomanenfi’m
1740 2073 1751 2088 ,

1325 2091 1439 2120 Petrum
1455 2086 1694 2129 Petragonensem,
1712 2086 1752 2124 &-

1360 2166 1399 2198 Et
1413 2174 1467 2199 tres
1481 2169 1603 2198 Barones
1612 2191 1623 2206 ‚

1877 2245 1991 2275 Petrum
2020 2244 2054 2274 de
2081 2244 2179 2273 Monte
2207 2240 2310 2274 Rabell
2319 2267 2331 2282 ‚
2352 2246 2388 2276 ἐκ

1916 2291 1994 2321 parte
2005 2292 2083 2313 mea:

1326 2360 1537 2400 Qi,inqt1ifita
1551 2359 1696 2400 diligenter
1709 2359 1778 2390 hinc
1793 2358 1859 2390 inde
1873 2359 2099 2398 veritate,*ta1n
2113 2368 2164 2398 per
2177 2358 2214 2390 sei
2244 2360 2388 2398 os,qu*am

1325 2409 1375 2437 per
1396 2401 1550 2438 juramenta
1573 2399 1724 2429 hominum
1750 2406 1884 2429 terrarum
1903 2398 2011 2429 illarum
2062 2397 2190 2436 praedisti
2236 2397 2342 2436 piscopi
2358 2400 2390 2428 in

1326 2438 1417 2468 verbo
1440 2439 1560 2469 veritatis
1579 2436 1771 2481 assecurabunt
1785 2460 1795 2474 ,
1819 2436 1852 2467 ὃς
1871 2436 1952 2467 Laici
1966 2422 2098 2475 jurabunt
2117 2435 2196 2475 quod
2211 2445 2391 2475 quaecunque

1326 2477 1515 2516 cognoverint
1534 2475 1570 2506 de
1587 2485 1649 2515 jure
1673 2475 1865 2513 cujuscunque
1883 2474 2013 2506 nostrum
2025 2474 2099 2513 effe,
2115 2475 2175 2506 hoc
2195 2475 2268 2506 inter
2281 2484 2334 2506 nos
2346 2473 2389 2506 di-

1327 2522 1409 2553 cent,
1427 2516 1460 2546 &
1475 2525 1527 2545 nos
1543 2524 1644 2545 eorum
1656 2512 1736 2544 dicio
1750 2513 1827 2544 bona
1841 2512 1897 2544 fide
1910 2512 2027 2544 firmiter
2037 2513 2180 2544 stabimus.

1365 2555 1392 2584 6.
1413 2553 1444 2584 Si
1462 2563 1532 2584 vero
1552 2562 1653 2584 omnes
1674 2552 1713 2582 illi
1726 2551 1875 2591 Episcopi,
1913 2561 1965 2582 uos
1979 2560 2034 2591 ego
2048 2550 2224 2583 Ludowicus
2237 2551 2264 2582 el
2301 2552 2328 2591 ⁰,
2345 2552 2391 2582 in-

1326 2591 1426 2623 teresse
1438 2602 1498 2623 non
1514 2599 1664 2630 poterunt,
1683 2590 1883 2621 nichilominus
1936 2590 2029 2621 bimus
2041 2589 2123 2621 dieto
2132 2589 2247 2621 illorum
2286 2600 2391 2621 uorum

1327 2632 1377 2668 qui
1390 2632 1548 2668 intererint,
1567 2630 1600 2661 &
1613 2629 1633 2660 fi
1647 2638 1749 2660 ornnes
1764 2627 1887 2659 Barones
1901 2637 1936 2659 ex
1948 2636 2025 2666 parte
2039 2637 2102 2659 men
2121 2628 2258 2658 nominati
2272 2638 2333 2659 non
2344 2629 2390 2659 in-

1326 2669 1485 2707 terfuerint,
1503 2678 1556 2706 pro
1570 2678 1606 2698 eo
1620 2677 1680 2697 non
1695 2666 1850 2698 remanebit
1864 2667 1933 2704 quin
1945 2667 2079 2697 &bimus
2091 2666 2172 2697 dic'to
2183 2666 2302 2696 aliorum
2315 2665 2391 2697 duo-

1326 2717 1390 2737 rum
1404 2708 1453 2745 qui
1466 2706 1640 2737 interfuerint
1655 2717 1660 2722 ·
1689 2704 1727 2735 Et
1748 2703 1870 2735 similiter
1884 2705 1936 2735 erit
1949 2703 1986 2734 de
2000 2704 2052 2734 illis
2070 2714 2142 2742 quos
2158 2713 2213 2744 ego
2224 2703 2290 2734 Rex
2303 2703 2389 2735 Hen-

1327 2746 1400 2775 ricus
1421 2745 1491 2784 elegi
1510 2744 1570 2774 tam
1590 2743 1627 2773 de
1643 2728 1790 2780 Episcopis
1835 2742 1922 2781 quam
1940 2741 1977 2772 de
1998 2741 2154 2773 Baronibus
2165 2754 2177 2780 3
2190 2743 2345 2780 juravimus
2358 2753 2390 2773 e-

1327 2782 1510 2850 tiamh'quo'd
1529 2781 1639 2813 nullum
1660 2780 1766 2811 malum
1835 2781 1924 2812 iemus
1937 2781 1977 2812 eis
1992 2788 2106 2819 propter
2120 2781 2179 2812 hoc
2195 2779 2275 2819 quod
2290 2782 2391 2813 verita-

1325 2829 1385 2852 tem
1425 2829 1531 2851 ixermt.

1366 2868 1393 2898 7.
1412 2859 1450 2890 Et
1471 2859 1492 2889 si
1512 2859 1589 2890 forte
1602 2883 1612 2898 ‚
1630 2857 1709 2897 quod
1729 2857 1810 2889 Deus
1831 2865 1954 2896 avertat,
1970 2858 2042 2888 inter
2060 2867 2113 2889 nos
2136 2857 2173 2888 de
2196 2859 2275 2888 terris
2288 2857 2392 2889 nostris

1326 2898 1417 2936 aliqua
1432 2898 1544 2936 querela
1555 2899 1675 2936 oriatur,
1693 2906 1742 2935 per
1757 2895 1888 2934 eosdem,
1906 2897 1984 2927 bona
1997 2895 2071 2935 fide,
2087 2897 2122 2928 δε
2142 2896 2201 2926 sine
2217 2896 2295 2927 malo
2310 2898 2389 2936 inge-

1327 2938 1395 2976 nio,
1413 2937 1470 2967 sine
1483 2935 1616 2968 dilatione
1629 2937 1811 2973 terminetur3
1829 2935 1850 2965 s1
1863 2943 1958 2965 autem
1978 2934 2070 2973 aliqua
2083 2933 2279 2973 praedietarum
2294 2935 2390 2974 perso·

1325 2985 1425 3005 narum
1438 2977 1549 3006 interim
1561 2982 1672 3005 mortua
1684 2974 1783 3012 fuerit,
1801 2973 1883 3004 altera
1896 2973 1966 3004 loco
1978 2973 2060 3011 ipfius
2072 2972 2256 3004 substituatur.

1367 3014 1393 3044 8.
1412 3014 1443 3044 Si
1466 3024 1537 3044 vero
1556 3013 1684 3044 alteruter
1706 3010 1832 3042 nostrum
1846 3035 1856 3050 ,
1881 3019 1944 3042 ante
1962 3011 2166 3050 susceptionem
2185 3010 2288 3042 Crucis
2301 3035 2311 3049 ,
2335 3012 2388 3043 iter

1325 3053 1553 3093 peregrinationis
1573 3053 1692 3089 arripere
1709 3050 1846 3088 voluerit,
1864 3050 1931 3080 alter
1943 3073 1953 3088 ,
1972 3051 2021 3088 qui
2040 3050 2214 3088 remanebit,
2230 3057 2334 3080 terram
2352 3050 2388 3080 il-

1325 3092 1394 3130 lius,
1413 3092 1460 3130 qui
1478 3092 1507 3121 in
1545 3090 1745 3130 eregrinatione
1762 3089 1814 3119 erit
1861 3089 1895 3121 &
1913 3089 2044 3120 homines
2063 3088 2134 3120 ficut
2154 3087 2200 3119 sua
2219 3089 2332 3127 propria
2352 3089 2388 3120 &

1325 3129 1469 3160 dominica
1481 3139 1498 3160 c
1543 3129 1622 3160 odiet
1634 3129 1668 3159 &
1682 3134 1832 3157 manutene
1853 3128 1882 3157 it.

1364 3178 1392 3208 9.
1410 3167 1566 3206 Postquam
1588 3176 1659 3198 vero
1672 3190 1682 3204 ,
1707 3165 1777 3196 Deo
1801 3165 1931 3204 volente,
1948 3165 2078 3197 Crucem
2098 3163 2315 3203 susceperimus,
2331 3164 2387 3196 ho-

1325 3208 1415 3238 mines
1429 3206 1556 3244 nostros,
1575 3207 1624 3244 qui
1642 3203 1791 3235 nobiscum
1811 3204 1910 3243 ibunt,
1927 3204 2060 3234 faciemus
2077 3205 2170 3242 jurare
2191 3202 2270 3242 quod
2305 3203 2326 3234 fi
2345 3202 2385 3233 al-

1326 3253 1427 3275 teruter
1443 3244 1573 3275 nostrum
1588 3246 1616 3273 in
1631 3245 1676 3274 via
1689 3242 1854 3280 decesserit,
1871 3242 1963 3281 (quod
1977 3241 2058 3273 Deus
2078 3241 2194 3279 avertat)
2215 3243 2252 3272 ita
2266 3243 2271 3248 '
2295 3243 2318 3279 ',
2336 3241 2386 3279 qui

1325 3283 1457 3321 superstes
1472 3284 1541 3321 erit,
1559 3281 1675 3312 fideliter
1696 3280 1813 3312 servient
1833 3282 1903 3311 ficut
1921 3281 2055 3311 servirent
2074 3280 2208 3311 Domino
2221 3279 2288 3317 su0,
2306 3279 2328 3309 fi
2342 3280 2386 3310 vi-

1326 3332 1377 3352 vus
1393 3322 1479 3360 esset,
1498 3319 1632 3359 quamdiu
1646 3321 1675 3350 in
1689 3327 1758 3349 terra
1772 3318 2038 3358 Jerosolimanitana
2051 3320 2155 3349 morari
2167 3318 2297 3349 voluerit.

1366 3370 1411 3390 10.
1430 3359 1585 3390 Pecuniam
1604 3368 1674 3389 vero
1697 3357 1825 3389 defundi-i
1847 3358 1962 3389 habebit
1981 3359 2062 3388 vivus
2083 3356 2118 3387 ad
2129 3354 2288 3388 faciendum
2302 3353 2387 3386 servi-

1325 3400 1397 3429 tium
1417 3397 1628 3429 Christianitatis
1640 3421 1650 3435 ,
1674 3404 1774 3434 praeter
1796 3402 1902 3434 partem
1919 3396 2011 3434 illam,
2030 3405 2132 3434 quam,
2149 3401 2212 3425 ante
2222 3394 2274 3423 iter
2286 3392 2386 3432 suum,

1326 3438 1407 3470 certis
1419 3437 1505 3474 locis,
1525 3437 1558 3468 &
1572 3436 1653 3467 ceru's
1667 3435 1789 3473 personis
1803 3434 1922 3465 dandam
1934 3434 2068 3466 decrevit.

1367 3485 1410 3505 11.
1429 3474 1482 3513 Et,
1502 3474 1522 3504 fi
1544 3482 1662 3512 uterque
1683 3473 1811 3504 nostrum
1825 3472 1988 3512 decesserit,
2006 3473 2155 3514 eligemus?
2173 3469 2194 3500 fi
2206 3467 2288 3501 Deus
2301 3471 2386 3514 nobis

1324 3515 1442 3552 spatium
1454 3512 1610 3550 indulserit,
1629 3511 1666 3542 de
1682 3512 1779 3550 probis
1793 3511 1957 3543 hominibus
1970 3511 2090 3548 nostris,
2104 3508 2205 3552 qmbus
2221 3515 2386 3552 committe-

1324 3562 1370 3584 rur
1384 3553 1502 3591 pecunia
1511 3551 1654 3589 utriusque
1666 3550 1796 3581 nostrum
1808 3549 1842 3580 ad
1856 3550 2017 3581 faciendum
2039 3548 2181 3579 servitium
2195 3545 2384 3577 Christianita-

1325 3594 1377 3629 tis,
1396 3592 1429 3622 &
1445 3591 1494 3629 qui
1509 3589 1613 3620 ducent
1626 3590 1660 3620 ὃς
1676 3597 1772 3628 regent
1786 3589 1915 3620 homines
1932 3588 2051 3619 nostros.
2200 3589 2203 3591 ’

1366 3639 1410 3661 12.
1428 3629 1589 3666 Antequam
1609 3630 1692 3658 etiam
1715 3629 1766 3659 iter
1787 3627 1917 3659 nostrum
1935 3627 2118 3664 arripiemus,
2147 3622 2212 3667 1³⁰.st
2231 3622 2384 3660 susceptam

1324 3667 1454 3699 Crucem
1468 3691 1479 3706 ,
1504 3667 1637 3697 faciemus
1659 3666 1720 3697 illos
1744 3668 1829 3697 'urare
1843 3690 1854 3705 ,
1879 3675 1950 3705 quos
1978 3661 2108 3695 custodes
2129 3662 2164 3693 &
2184 3661 2386 3705 gubernatores

1324 3706 1528 3737 constituemus
1541 3712 1675 3735 terrarum
1695 3715 1735 3735 no
1822 3715 1853 3735 m
1868 3728 1877 3742 ‚
1903 3700 1980 3741 quod
1994 3701 2044 3743 ipsi
2059 3701 2136 3730 bona
2149 3699 2205 3729 fide
2219 3708 2287 3730 cum
2301 3708 2386 3729 omm

1323 3744 1405 3782 poffe
1426 3744 1493 3782 suo,
1512 3742 1532 3773 fi
1553 3743 1665 3774 necesse
1679 3743 1780 3782 fuerit,
1797 3742 1851 3774 sese
1863 3740 2020 3783 adinvicem
2027 3739 2168 3782 juvabunt
2181 3735 2217 3782 ad
2230 3736 2384 3782 defenden-

1323 3783 1394 3814 dum
1408 3787 1489 3813 terras
1503 3781 1625 3820 nostras,
1643 3791 1712 3814 cum
1725 3782 1761 3812 ab
1775 3782 1898 3812 invicem
1913 3780 2034 3816 requisiti
2046 3776 2164 3814 fuennt3
2182 3782 2218 3805 ita
2233 3774 2312 3813 quod
2326 3774 2385 3814 illi,

1322 3831 1396 3860 quos
1411 3831 1466 3861 ego
1479 3819 1621 3851 Henricus
1636 3820 1703 3851 Rex
1718 3820 1828 3860 Angliae
1847 3816 2001 3855 praefecero
2021 3814 2056 3845 ad
2070 3812 2285 3854 gubernandum
2299 3821 2385 3844 terras

1323 3869 1399 3891 meas
1411 3883 1422 3898 ,
1446 3868 1515 3890 cum
1529 3860 1610 3888 omni
1633 3859 1713 3897 poffe
1728 3859 1778 3890 suo
1797 3857 1935 3897 juvabunt
1950 3853 1984 3884 ad
1997 3850 2207 3884 defendendum
2223 3860 2307 3882 terras
2324 3851 2384 3882 Lu-

1322 3897 1429 3928 dowici
1451 3897 1538 3937 Regis
1559 3895 1684 3928 Franciae
1702 3896 1825 3928 Domini
1847 3895 1903 3924 mei
1920 3917 1930 3930 ,
1946 3888 2198 3930 ,quemadmodum
2212 3897 2295 3920 terras
2310 3898 2387 3921 meas

1322 3935 1522 3975 defenderent,
1540 3933 1561 3964 fi
1580 3937 1678 3967 civitas
1699 3945 1762 3968 mea
1779 3933 1980 3971 Rothomagus
2002 3927 2110 3959 obsessa
2125 3927 2212 3972 effet3
2231 3928 2266 3960 &
2281 3927 2386 3959 eodem

1323 3973 1415 4006 modo
1429 3973 1508 4013 quod
1523 3973 1579 4012 iili,
1597 3984 1669 4012 quos
1689 3983 1744 4013 ego
1764 3969 1940 4003 Ludowicus
1962 3966 2028 3997 Rex
2042 3966 2167 3998 Franciae
2181 3966 2338 4005 praefecero
2351 3963 2389 3996 ad

1322 4011 1538 4055 gubernandum
1563 4020 1647 4053 terras
1668 4021 1762 4051 rums,
1780 4018 1849 4042 cum
1868 4007 1950 4040 omni
1968 4004 2052 4047 poffe
2073 4004 2124 4037 suo
2135 4004 2275 4044 juvabunt
2288 4003 2388 4074 adga-

1325 2247 1493 2275 Mauritium
1507 2245 1539 2275 de
1556 2247 1671 2282 Cooum,

1326 2283 1502 2314 Wllielmum
1518 2287 1668 2322 Mangott,
1684 2279 1724 2317 ῤ’

2411 2367 2535 2405 *1.ςιὶ,
