2570 4261
0 319 17 339 1.
26 307 66 338 D.

0 355 48 386 ‚97.

29 394 53 413 1.

68 1657 70 1659 >
101 1644 143 1673 Le
157 1643 282 1678 seigneur
296 1638 455 1677 d'Otfilier,

0 1800 96 1831 il-802.

0 2323 104 2386 aaa.

0 2410 4 2417 .
23 2398 46 2416 1.
69 2399 104 2417 m.

0 2436 21 2462 7.
33 2427 60 2455 d.

648 215 758 255 ET
842 210 1106 254 ACTA

79 304 115 335 de
133 303 288 334 Roiaumes
301 312 317 333 3
332 302 506 341 Roiaumes,
525 301 561 332 de
577 308 659 332 terres
673 310 688 329 a
701 308 803 338 terres,
821 299 846 329 13
859 299 916 330 11116
932 298 1072 330 suffrance
1088 295 1139 326 du-

81 351 168 374 rante.

118 380 143 410 E
153 379 297 410 tiendront
312 379 349 408 les
362 378 523 409 devantditz
531 377 627 417 RoyS,
643 376 700 406 leur
713 375 839 413 aidantz,
853 376 942 413 allies,
961 376 994 406 &
1006 376 1139 405 hommes

80 429 115 451 ce
130 419 197 457 qu'il
209 420 333 454 tienent‚
353 418 385 448 &
399 418 526 447 tenoient
539 426 573 445 au
583 417 649 453 jour
664 424 699 452 qe
710 414 735 443 la
746 415 804 445 dite
815 413 953 444 suffrance
968 413 1026 444 seut
1040 413 1119 451 prise.

121 457 147 487 E
164 464 367 495 promettoms,
384 465 421 485 eu
433 455 511 484 bone
525 454 590 492 foy,
608 462 643 491 qe
656 462 728 481 nous
742 452 866 490 feroms,
883 453 916 482 &
932 462 1140 490 procureroms,

82 506 138 534 que
151 494 245 525 nostre
259 493 320 523 Sire
333 493 357 522 le
371 493 439 531 Roy
455 501 565 531 graera‚
583 492 616 521 &
632 489 746 520 ratifiera
761 490 982 529 l’essoignement
996 490 1031 519 de
1047 491 1070 520 la
1085 489 1140 521 suf-

81 536 179 564 france
199 531 331 562 desusdite
347 541 352 560 2
381 530 417 560 Et
439 531 522 560 dorra
539 539 608 567 poer
623 539 638 558 3
651 537 758 558 aucune
772 529 902 568 persone,
920 539 958 558 ou
971 538 986 557 a
1001 528 1140 566 plusours,

84 573 121 602 de
134 573 210 609 jurer
232 579 268 600 en
282 569 374 598 s’alme
389 569 491 599 dedens
506 569 544 598 les
559 567 685 596 Οὰ13ν63
698 566 733 596 de
749 566 773 595 13
786 567 853 596 seint
877 567 1012 603 prochein
1028 569 1141 606 avenir,

83 610 120 640 de
133 607 388 677 ἕπῗὶεὲὝὸῗάωηίι·
401 608 426 637 13
441 607 498 638 dite
508 605 666 642 suffrance,
691 614 731 634 ou
746 604 922 643 abstinence,
940 614 977 634 en
990 605 1014 635 la
1029 614 1141 636 manere

106 648 140 678 u''
163 657 179 676 e
240 656 255 676 e
268 656 284 675 u
316 646 344 675 it.

83 659 104 686 q
122 685 147 715 E
160 685 191 715 fu
203 684 344 728 accorde,
361 683 396 713 de
411 692 552 714 commun
567 681 751 712 assentement
765 704 775 720 ‚
794 691 830 720 qe
844 680 917 711 deux
930 681 1075 712 Chivalers
1087 682 1143 712 ser-

84 732 150 754 1001
187 733 222 752 113

124 734 185 793 0113
200 745 239 791 de’
252 770 301 799 par
321 759 416 790 nostre
436 759 575 798 Seignour
599 757 624 788 le
642 756 729 797 Roy,
745 767 797 795 pur
810 758 846 797 li,
862 767 914 795 pur
928 757 967 787 ses
983 758 1075 797 allies,
1092 767 1143 796 pur

85 800 124 831 ses
142 800 270 837 aidantz,
287 809 303 828 e
317 808 370 835 pur
383 798 421 828 ses
435 797 581 835 hommes,

122 838 147 868 E
171 849 210 868 00
229 845 307 867 30116
330 836 366 865 de
389 846 437 873 par
463 836 489 866 le
513 836 580 874 Roy
600 834 635 864 de
654 834 776 873 France,
795 844 848 872 pur
866 834 885 864 li
899 857 909 873 ,
932 843 985 872 pur
1000 834 1040 864 ses
1056 834 1144 872 allier,

87 887 144 915 pur·
156 887 202 906 ces
219 875 330 905 aidantz
345 874 378 904 &
394 884 444 911 pur
459 874 497 904 ses
512 875 658 911 hommes,

129 915 192 983 (}ui
212 919 328 943 averont
347 922 417 948 poer
436 912 471 942 de
492 914 559 943 faire
581 910 714 942 amender
736 911 769 941 &
792 910 911 940 adresser
923 935 933 948 ,
957 910 997 940 s'il
1014 910 1073 949 fad
1087 910 1147 940 rien

89 963 138 983 rne
164 954 216 990 ait,
234 961 270 980 ne
292 950 402 987 mespris
421 950 503 981 d'une
526 959 586 989 part
600 959 636 979 ne
657 949 777 987 d'autre‚
796 950 855 986 puis
871 959 906 987 qe
920 949 944 979 la
958 949 1015 978 dite
1030 947 1146 979 suffran-

90 1001 140 1029 ce,
158 1001 198 1021 ou
213 989 375 1019 abstinence
390 989 420 1018 fu
435 989 505 1027 prise
521 990 740 1028 primerement,
754 988 864 1025 jusques
877 987 930 1018 elle
943 987 995 1018 soit
1010 987 1101 1017 faillie.

195 1069 251 1096 Les
264 1067 359 1094 Nouns
372 1065 416 1094 des
431 1065 524 1096 Allia-s
536 1064 622 1104 nostre
637 1067 760 1101 Seignour
775 1061 800 1091 le
814 1065 868 1103 Roy
875 1063 940 1103 fimt
957 1067 1042 1093 tieux.

93 1143 136 1175 Le
150 1146 200 1173 Roi
213 1141 431 1181 d'Allemaigne,

94 1186 137 1212 Le
153 1185 235 1211 Conte
249 1182 281 1210 de
296 1179 444 1220 Flana'res,

93 1224 135 1251 Le
149 1224 231 1250 Conte
246 1220 277 1248 de
288 1222 405 1258 Sauvie,

95 1263 138 1289 Le
155 1263 237 1288 Conte
251 1259 283 1287 de
297 1261 376 1295 Bar,

94 1300 136 1327 Le
149 1300 212 1326 Duc
227 1297 258 1325 de
274 1295 420 1333 Brabant‚

96 1339 139 1365 Le
154 1339 237 1365 Conte
255 1334 286 1363 de
301 1333 452 1370 Hellana'e,

95 1378 138 1405 Le
155 1377 238 1403 Conte
252 1373 282 1402 de
298 1370 500 1408 Montbeliard,

96 1412 196 1451 Johan
210 1413 241 1442 de
257 1409 377 1447 chalon,

96 1454 221 1487 seigneur
234 1447 367 1488 d'Arky,
644 1443 682 1475 Et
695 1444 820 1482 plusours
835 1453 925 1476 autres
943 1445 974 1474 de
988 1446 1153 1482 Burgoigne,

97 1489 196 1527 Joloan
212 1489 244 1517 de
258 1489 424 1524 Burgoigne,
644 1482 866 1522 D'Alemaigne,

98 1526 197 1566 Johan
213 1527 338 1561 Seigneur
359 1524 391 1553 de
410 1521 608 1561 Montfaucom,
646 1524 691 1550 De
705 1521 852 1559 Brabant,

98 1568 213 1594 Gautier
224 1561 274 1602 an
289 1565 387 1600 Frere,
649 1562 693 1589 De
707 1559 843 1589 Hollande
851 1581 861 1599 ,

99 1606 142 1632 Le
157 1605 279 1639 Seigneur
295 1601 326 1630 de
342 1597 552 1640 NoefChastel,
650 1600 695 1647 D?
711 1599 870 1637 Gascoigne,

692 1640 806 1674 Aragon
813 1658 824 1676 ,

641 1143 684 1170 Le
699 1143 823 1177 Seigneur
838 1140 870 1169 de
882 1139 1020 1179 Fauconby
1028 1162 1038 1178 ,

641 1181 684 1207 Le
703 1182 826 1215 Seigneur
840 1179 871 1207 a'e
882 1177 974 1216 Jour,

642 1219 685 1245 Le
700 1219 822 1253 Seigneur
836 1218 868 1246 de
881 1216 1054 1255 Cokendary,

641 1258 730 1283 Simon
761 1254 951 1284 Montbeliard
972 1258 1096 1292 Seigneur
1117 1253 1149 1282 de

681 1296 828 1331 Moutron,

642 1329 786 1369 Essiephne
807 1330 950 1369 d'Oifi’lier
969 1333 1092 1367 Seigneur
1119 1330 1151 1358 de

680 1371 709 1397 V
710 1367 756 1397 ille
770 1371 875 1398 Noeve.

137 1718 177 1748 Et
189 1716 343 1755 d’ailleursg,
361 1715 408 1746 des
422 1724 513 1754 queux
527 1723 600 1744 nous
612 1723 648 1743 ne
660 1711 769 1744 savoms
784 1713 822 1743 les
837 1722 928 1743 nouns
940 1723 956 1743 a
971 1712 1086 1750 present.

138 1757 186 1787 En
208 1756 346 1794 tesmoign
367 1754 414 1784 des
435 1753 532 1783 choses
551 1751 696 1783 desusdites
711 1776 721 1790 ,
751 1753 770 1771 ²¹²
789 1762 860 1782 nous
880 1762 980 1783 avoms
995 1751 1043 1782 fait
1060 1756 1160 1780 mettre

103 1805 158 1826 nos
171 1795 251 1825 seaux
265 1803 280 1824 a
293 1794 332 1824 ses
344 1792 481 1831 presentes
493 1790 581 1822 lettre.

141 1871 222 1902 Don.
239 1880 255 1900 a
278 1869 450 1909 Grolingues
472 1868 581 1898 Abbaie
595 1892 605 1906 ,
628 1876 690 1906 pres
710 1866 746 1898 de
763 1866 884 1907 Curtray
901 1890 910 1906 ,
924 1876 960 1897 en
974 1864 1119 1902 Flandres,
1137 1864 1164 1894 le

107 1910 170 1941 vint
183 1911 216 1941 &
232 1909 369 1940 treseisme
376 1910 442 1947 jour
455 1907 494 1938 du
509 1906 590 1937 Mois
602 1905 637 1936 de
652 1906 843 1945 Novembre,
852 1906 918 1936 l'An
932 1905 967 1935 de
981 1914 1063 1944 grace
1080 1911 1163 1942 1297.

365 2048 546 2094 Sufferentiae
558 2058 717 2095 prorogatae
732 2047 919 2093 Notificatim

184 2144 250 2176 EX
266 2168 276 2183 ,
301 2144 408 2175 dilectis
430 2145 463 2176 &
480 2144 608 2176 fidelibus
629 2143 679 2175 suis
692 2168 702 2182 ,
729 2143 884 2174 Batonibus
895 2166 905 2182 ,
931 2142 1055 2181 Ballivis,
1073 2142 1169 2182 probis

198 2184 362 2214 hominibus
377 2206 387 2221 ,
407 2184 441 2214 δε
461 2185 515 2214 1011
537 2183 747 2214 Communitati
766 2181 865 2221 portfis
886 2183 922 2212 de
942 2181 1093 2213 Sandwico
1107 2204 1118 2220 ,
1135 2182 1169 2213 &

119 2222 316 2252 membrorum
329 2222 467 2259 ejusdem,
482 2221 605 2252 salutem.

155 2259 253 2290 Sciatis
267 2260 347 2298 quod
361 2260 536 2298 sufferentia,
551 2269 635 2298 quam
649 2270 756 2299 nuper,
1023 2291 1026 2292 γ

157 2298 216 2329 Pro
231 2299 382 2329 communi
397 2298 513 2329 utilitate
532 2298 630 2337 populi
648 2297 803 2329 Christiani
818 2322 826 2335 ,
842 2298 875 2328 &
886 2297 936 2328 sub
951 2297 997 2335 spe
1010 2295 1089 2328 Pacis
1101 2302 1174 2326 con-

119 2338 256 2368 venientis
271 2361 280 2375 ‚
304 2338 376 2367 inter
399 2345 450 2366 nos
471 2337 505 2366 &
527 2337 641 2376 Regem
653 2337 778 2367 Franciae
791 2335 995 2383 reformandae,
1013 2334 1049 2365 de
1064 2334 1173 2374 guerra,

123 2375 203 2406 mota
222 2376 294 2406 inter
312 2385 365 2406 nos
386 2376 420 2406 &
439 2374 662 2406 Confoederatos
675 2375 787 2406 nostros
806 2383 840 2404 ex
852 2383 928 2412 parte
942 2384 1017 2412 una,
1034 2372 1068 2404 &
1084 2373 1174 2411 ipsum

121 2414 234 2450 Regem
249 2414 373 2444 Franciae
387 2414 421 2444 &
436 2411 658 2444 Confoederatos
671 2414 733 2444 suos
745 2423 779 2443 ex
791 2413 890 2450 altera,

158 2451 358 2482 Conceffimus
374 2473 383 2489 ,
406 2453 440 2482 δε
462 2453 589 2489 cepimus
609 2451 645 2481 de
665 2452 770 2490 Regno
784 2451 817 2480 ad
834 2451 985 2489 Regnum,
1002 2449 1038 2480 de
1053 2448 1125 2480 terra
1140 2447 1175 2479 ad

120 2499 241 2529 terram,
259 2491 292 2521 ὃς
306 2490 342 2520 116
355 2499 440 2528 genre
453 2489 487 2520 ad
500 2498 613 2528 gentem
649 2500 699 2528 per
713 2499 816 2519 terram
825 2513 834 2527 ,
854 2489 886 2519 &
902 2498 951 2527 per
965 2497 1058 2526 mare,

156 2529 258 2566 Usque
272 2527 306 2557 ad
322 2527 436 2558 Festum
451 2527 614 2566 Epiphaniae
654 2529 763 2566 omini,
781 2528 914 2568 proximo
929 2526 1176 2564 futurum,quan-

121 2575 185 2598 tum
198 2567 232 2597 ad
248 2566 395 2597 Ducatum
412 2567 605 2604 Aquitanniae,

158 2605 198 2636 Et
219 2613 356 2644 quantum
377 2604 411 2634 ad
432 2605 494 2634 alias
514 2613 614 2644 terras,
629 2603 714 2643 usque
727 2603 762 2634 ad
774 2603 901 2634 Oetabas
918 2602 992 2633 Festi
1007 2600 1177 2632 830611Αο-

123 2643 215 2681 dreae,
234 2645 366 2681 proximo
383 2643 532 2682 praeteriti,

161 2681 383 2712 Tantummodo
402 2682 529 2712 duratura
542 2706 552 2719 ,
575 2689 660 2720 prout
682 2680 780 2711 litterae
796 2679 918 2718 nostrae,
934 2685 1002 2718 quas
1016 2687 1086 2710 tunc
1099 2677 1178 2715 super

122 2721 183 2751 hoc
195 2721 277 2751 vobis
294 2720 436 2758 mifimus,
451 2720 559 2757 plenius
574 2720 773 2758 continebant,

163 2759 231 2798 Jam
251 2758 309 2796 est,
326 2758 362 2789 de
384 2760 534 2789 communi
555 2758 659 2789 affensu
674 2757 772 2788 nostro
785 2758 819 2789 &
833 2757 920 2796 Regis
933 2755 1076 2794 praedicti,
1093 2754 1179 2792 usque

127 2798 163 2828 ad
184 2799 349 2834 proximum
369 2796 581 2834 Carniprivium
605 2805 756 2834 prorogata
775 2796 809 2827 δε
828 2796 990 2827 continuata
1005 2806 1016 2832 3
1033 2793 1180 2831 videlicet,

128 2836 164 2866 de
178 2836 285 2875 Regno
308 2835 342 2865 ad
358 2834 496 2875 Regnum
509 2858 519 2873 ,
537 2835 572 2866 de
585 2835 659 2866 terra
669 2834 704 2865 ad
715 2843 835 2873 terram,
852 2833 888 2864 de
901 2840 987 2873 gente
1001 2831 1036 2863 ad
1049 2840 1181 2872 gentem,

127 2884 178 2915 per
193 2885 269 2905 mare
278 2898 287 2911 ,
303 2875 337 2905 ὃς
351 2883 399 2911 061
411 2883 524 2905 terram.

169 2912 211 2943 Ita
231 2912 311 2951 quod
332 2922 433 2943 omnes
455 2912 648 2951 Mercatores,
666 2913 700 2943 &
712 2911 757 2942 alii
772 2912 964 2949 quicumque,
981 2909 1183 2946 undecumque

131 2951 236 2982 fuerint
249 2974 260 2988 ,
279 2951 336 2982 five
353 2950 390 2980 de
408 2950 513 2989 Regno
532 2950 659 2981 Franciae
673 2973 683 2989 ,
699 2949 746 2981 vel
758 2949 886 2987 aliunde,
906 2948 942 2979 de
954 2947 1090 2986 potestate
1101 2947 1183 2985 ipfius

132 2987 224 3026 Regis
237 2989 362 3019 Franciae
371 3011 380 3025 ‚
398 2989 444 3018 seu
458 2989 723 3019 confoederatorum
733 3012 742 3026 ,
758 2997 805 3019 301
817 2987 969 3019 hominum
982 2986 1111 3017 suorum:
1128 2985 1184 3016 Seu

135 3028 172 3057 de
193 3027 300 3066 Regno
323 3026 423 3057 nostro
445 3027 560 3064 Angliae
575 3049 584 3065 ‚
611 3028 646 3058 de
669 3026 816 3058 Oomitatu
828 3025 979 3063 Flandriae,
995 3034 1043 3055 aut
1056 3024 1184 3061 aliunde,

135 3066 173 3096 de
186 3065 323 3106 potestate
344 3064 440 3095 0011τᾶ
453 3087 462 3103 ,
480 3065 743 3096 confoederatorum
755 3088 764 3104 ,
780 3065 826 3095 seu
835 3064 988 3095 hominum
1002 3062 1167 3093 nostrorum
1176 3085 1186 3100 ,

133 3104 211 3135 salvo
229 3104 262 3134 &
284 3104 378 3134 secure
391 3104 449 3140 ire,
466 3104 499 3134 &
511 3104 609 3134 venire
619 3109 767 3142 poterunt,
784 3113 834 3141 per
849 3112 968 3140 terram,
986 3102 1019 3133 &
1029 3107 1079 3139 'per
1091 3111 1188 3139 mare,

137 3152 206 3172 cum
223 3143 356 3172 omnibus
367 3142 449 3171 rebus
463 3141 513 3171 suis
521 3163 531 3179 ,
548 3141 585 3171 de
598 3141 704 3182 Regno
717 3141 752 3172 ad
768 3141 903 3182 Regnum
918 3164 927 3179 ‚
944 3140 980 3171 de
993 3141 1071 3171 terris
1085 3139 1119 3170 ad
1131 3148 1188 3170 ter-

138 3191 197 3220 ras,
215 3182 243 3210 111
258 3180 360 3211 eisdem
375 3180 495 3217 morari,
512 3189 545 3209 ac
561 3180 741 3210 mercandisas
755 3179 812 3211 suas
826 3186 956 3210 exercere
969 3202 978 3216 ,
997 3180 1030 3210 ὅτ
1040 3178 1104 3208 inde
1117 3177 1190 3207 redi·-

138 3229 170 3249 re
190 3220 268 3250 licite
281 3242 292 3259 ,
316 3226 401 3260 prout
423 3219 461 3248 eis
481 3218 623 3250 videbitur
635 3218 779 3257 expedire,
796 3218 913 3249 durante
927 3216 1086 3248 sufferentia
1099 3217 1192 3256 supra-
1224 3214 1249 3244 31

139 3257 224 3288 dista.

176 3294 215 3326 Et
225 3295 292 3326 ideo
306 3295 390 3327 vobis
404 3295 582 3333 mandamus,
596 3295 626 3325 in
640 3293 695 3324 fide
706 3294 742 3325 &
757 3294 925 3333 dilectione,
941 3291 1045 3333 'quibus
1057 3293 1138 3324 nobis
1151 3300 1194 3322 te*-

139 3335 269 3377 nemini,
278 3333 394 3365 firmiter
409 3335 581 3374 injungentes
589 3357 598 3370 ,
613 3332 710 3372 quod,
718 3331 807 3364 dictae
816 3333 984 3364 sufferentiae
997 3333 1043 3363 seu
1056 3331 1196 3362 abstinen-

139 3381 187 3402 tiae
198 3374 432 3409 prorogationem
447 3373 476 3402 in
493 3372 627 3402 omnibus
639 3372 672 3402 ὃ(
687 3370 726 3400 fin
735 3371 797 3401 'ulis
811 3371 862 3402 suis
873 3373 995 3402 articulis
1007 3371 1123 3401 firmiter
1138 3370 1194 3399 ob·-

140 3410 295 3448 servantes,
313 3410 452 3448 praedicto
471 3410 567 3449 Regi,
591 3409 637 3440 vel
651 3408 720 3439 Con
733 3409 864 3440 oederatis
874 3410 944 3447 suis,
962 3411 1007 3440 seu
1023 3407 1196 3439 Mercatori-

142 3449 210 3486 bus,
227 3456 275 3478 aut
288 3449 417 3488 gentibus
429 3457 511 3479 terrae
524 3447 652 3485 suae,sub
666 3447 838 3478 forisfaEtura
850 3449 916 3478 vitae
929 3449 962 3479 &
977 3448 1176 3478 membrorum
1185 3468 1195 3484 ,

142 3487 177 3517 ὃ(
193 3487 325 3517 omnium
347 3496 412 3524 quae
431 3486 547 3523 potestis
562 3485 720 3515 forisfacere
732 3494 848 3523 quoque
858 3485 968 3524 modo,
984 3495 1045 3516 non
1060 3485 1195 3522 inferatis,

142 3525 204 3564 seu,
223 3533 357 3562 quantum
371 3526 400 3554 in
413 3525 497 3555 vobis
511 3523 570 3562 est,
586 3523 682 3553 inferri
694 3524 857 3561 permittatis
869 3523 1176 3562 dampnum‚injuriam
1184 3545 1195 3560 ,

144 3564 403 3601 impedimentum,
420 3562 596 3598 molestiam,
612 3570 659 3591 aut
673 3570 843 3600 gravamen,
861 3571 911 3599 per
924 3562 1002 3600 quod
1014 3563 1094 3600 super
1106 3561 1195 3591 refor-

146 3603 272 3633 matione
288 3602 363 3639 pacis
377 3600 520 3638 praedictae
534 3598 618 3638 poffit
629 3599 865 3637 impedimentum
878 3599 992 3638 aliquod
1006 3602 1133 3630 evenire:

184 3640 315 3670 Maxime
329 3649 399 3670 cum
412 3648 464 3669 nos
479 3640 591 3677 omnia,
609 3648 673 3676 quae
686 3646 787 3669 contra
798 3646 863 3677 eos,
878 3638 927 3670 vel
940 3644 1042 3669 eorum
1057 3638 1179 3676 aliquem
1188 3660 1197 3675 ,

148 3687 250 3710 contra
263 3679 387 3709 formam
401 3676 568 3708 sufferenriae
600 3675 646 3707 seu
659 3675 833 3706 abstinentiae
845 3675 1007 3716 praedieiae,
1018 3677 1129 3707 interim
1138 3676 1199 3706 fue-

149 3718 206 3747 rint
217 3725 376 3755 attemptata
408 3715 554 3746 emendari
593 3724 657 3745 cere
669 3722 820 3745 teneamur.

187 3755 289 3786 Scituri
309 3739 401 3793 quod,
419 3754 457 3791 fi,
477 3753 557 3792 quod
570 3753 654 3792 absit,
672 3762 722 3792 per
737 3752 860 3790 aliquem
875 3751 911 3788 de
920 3752 1021 3783 nostris
1034 3753 1198 3792 quomodo*

149 3791 220 3823 libet
233 3794 434 3831 praesumptum
446 3792 528 3822 fixerit
543 3799 643 3822 contra
655 3791 781 3821 formam
794 3789 979 3828 supradictam
990 3814 1000 3828 ,
1015 3801 1068 3821 nos
1080 3801 1140 3821 non
1156 3792 1200 3821 so-

151 3830 215 3860 lum
235 3832 270 3862 ad
283 3832 493 3869 delinquentem
508 3831 650 3868 capiemus
663 3854 673 3867 ,
690 3830 792 3860 verum
806 3829 891 3858 etiam
903 3828 938 3858 ad
949 3831 1183 3861 communitatem
1192 3853 1202 3868 ,

153 3870 233 3906 cujus
245 3871 296 3900 er-it
330 3878 468 3908 erpetrans
479 3868 526 3899 vel
538 3868 733 3898 committens.

191 3907 282 3938 Teste
326 3918 381 3946 ege
392 3907 465 3948 apud
478 3906 602 3938 Westm.
626 3915 670 3945 14.
689 3905 736 3937 die
748 3904 930 3936 Decembris¹

191 3981 306 4012 Eodem
318 3983 409 4014 modo
419 3984 545 4015 scribitur
558 3982 711 4014 Batonibus
725 3988 860 4019 portuum
873 3981 908 4012 δί
928 3980 1129 4012 membrorum
1143 3978 1206 4012 De-

155 4021 276 4057 vorriae,
294 4019 393 4058 Heth,
409 4022 615 4059 Romenhale,
624 4021 659 4051 &
673 4020 817 4056 Hastings.

194 4057 346 4088 Baronibus
359 4060 393 4089 &
405 4062 461 4091 toti
474 4059 683 4091 Communitati
697 4058 733 4088 de
747 4056 912 4088 Winchelse
924 4080 934 4095 ‚
952 4056 1079 4097 Ballivis,
1093 4058 1127 4089 ὃς
1143 4067 1210 4096 pro-

154 4096 200 4128 bis
214 4097 394 4134 hominibus,
413 4100 447 4130 &
461 4101 514 4131 toti
529 4098 740 4130 Communitati
751 4094 788 4127 de
798 4094 976 4135 Jernemuth.

186 4137 297 4167 *TomJ-
318 4137 351 4166 P.
373 4138 436 4174 ΠΙ,

1187 208 1654 252 PUBLICA.
2151 220 2224 262 193

1212 293 1322 325 Ballivis
1343 295 1376 324 &
1399 294 1496 331 probis
1516 295 1679 325 hominibus
1700 295 1735 325 de
1750 294 1850 333 Lenn,
1868 289 2039 332 Gippewiz,
2057 293 2227 333 Donewyz,

1176 331 1268 362 Hulle
1282 356 1291 370 ,
1317 332 1398 361 Villae
1419 333 1513 362 Sancti
1534 333 1666 370 Botulphi
1681 357 1690 371 ,
1715 333 1910 370 Portesmuth,
1930 333 2014 363 Novi
2035 331 2128 362 Castri
2147 332 2226 369 super

1175 370 1306 409 Tynam,
1323 370 1562 408 Suthamptoniae,
1580 371 1673 409 Lym,
1691 372 1715 401 13
1731 370 1817 409 Ρο16,
1836 372 1869 402 &
1884 370 2003 401 Bristoll.

1214 444 1328 475 Eodem
1348 445 1437 476 modo
1456 445 1584 476 scribitur
1597 445 1740 482 Stephano
1756 446 1792 477 de
1805 446 1984 484 Pencestria,
2003 445 2126 476 Custodi
2143 445 2226 483 quina

1178 492 1233 526 que
1247 483 1404 521 Portuum3
1423 484 1517 522 quod,
1535 484 1568 513 ad
1583 484 1702 522 singulos
1717 494 1812 521 portus
1827 485 2003 522 personaliter
2017 484 2151 515 accedens
2161 507 2171 522 ,
2185 483 2227 512 fa⁴

1178 530 1232 551 crat
1249 521 1333 551 dictae
1356 521 1521 552 sufferentiae
1533 523 1578 552 seu
1594 521 1768 552 abstinentiae
1784 524 2014 562 prorogationem
2030 523 2144 561 publice
2158 531 2226 559 pro-

1180 560 1308 597 clamari,
1327 560 1359 590 &
1375 559 1489 590 firmiter
1502 561 1658 597 observari,

1218 597 1378 629 Inhibendo
1397 598 1530 629 omnibus
1551 599 1583 628 &
1606 597 1713 637 singulis
1728 619 1737 635 ,
1756 607 1790 626 ex
1805 607 1880 635 parte
1897 598 1999 637 Regis,
2018 609 2055 628 ne
2068 597 2165 635 aliqui,
2184 596 2230 627 vel

1178 636 1292 674 aliquis,
1312 636 1361 665 sub
1375 636 1546 666 forisfaSrura
1559 645 1731 673 corporum,
1750 636 1782 665 &
1792 637 1924 665 omnium
1947 646 2009 673 quae
2022 635 2135 675 possunt
2149 636 2231 666 foris-

1178 674 1270 705 facere
1290 683 1409 712 quoquo
1427 674 1518 705 modo
1533 697 1542 713 ,
1559 674 1638 704 111610
1654 673 1746 711 Regi,
1765 674 1963 703 confoederatis
1976 675 2043 711 suis,
2063 674 2234 704 Mercatori-

1180 713 1231 742 bus
1245 735 1254 750 ,
1272 713 1317 741 vel
1335 712 1480 750 gentibus,
1500 721 1597 743 contra
1614 721 1742 743 tenorem
1757 712 1842 741 dretae
1856 711 2040 749 sufferentiae,
2056 722 2104 749 per
2116 721 2232 750 terram,

1179 760 1226 780 aur
1241 761 1289 787 per
1304 758 1397 787 mare,
1415 751 1583 788 aliquatenus
1600 750 1701 780 inferre
1716 750 1884 787 praesumant
1898 749 2070 787 dampnum,
2087 751 2234 788 injuriam,

1181 788 1356 826 molestiam,
1375 789 1610 825 impedimentum
1622 788 1753 827 aliquod,
1770 789 1816 819 seu
1830 797 1989 828 gravamen.

1220 864 1238 884 ²*
1258 863 1295 895 Et
1317 864 1393 902 quod
1408 887 1417 902 ,
1442 875 1475 894 ex
1495 872 1571 902 parte
1592 863 1700 901 Regis,
1719 864 1850 894 omnibus
1865 864 1979 894 intimet
1990 862 2089 901 quod,
2109 862 2128 892 s1
2140 862 2236 900 aliquis

1183 912 1280 933 eontra
1294 912 1424 932 tenorem
1436 903 1519 933 diet-„e
1533 902 1701 932 sufferentiae
1714 904 1826 939 venire,
1845 902 1889 931 vel
1911 903 2002 932 facere
2023 901 2238 939 praesumpserit,

1184 942 1249 972 Rex
1264 950 1323 970 non
1338 940 1427 970 solum
1444 941 1477 971 ad
1493 941 1721 978 delinquentem,
1740 938 1799 973 &a
1818 947 1849 968 ut
1856 939 1949 978 supra.

1221 1016 1333 1047 Eodem
1355 1016 1446 1046 modo
1469 1016 1595 1046 scribitur
1609 1015 1733 1053 johanni
1745 1013 1880 1053 Wogan,
1895 1014 2055 1052 Justiciario
2069 1010 2236 1054 Hiberniae}

1185 1055 1264 1094 quod
1284 1055 1369 1086 dietae
1390 1054 1558 1084 sufferentiae
1582 1053 1627 1083 seu
1649 1053 1823 1082 abstinentiae
1838 1055 2070 1090 prorogationem
2085 1055 2114 1083 in
2128 1054 2237 1093 singulis

1184 1093 1320 1132 portubus
1341 1093 1374 1124 &
1397 1092 1466 1123 locis
1487 1092 1542 1122 aliis
1556 1115 1565 1129 ,
1591 1092 1637 1121 ubi
1662 1101 1745 1121 naves
1758 1091 1897 1128 applicant
1910 1092 1938 1119 in
1953 1090 2106 1129 Hibernia,
2123 1093 2157 1122 &
2172 1093 2238 1122 alibi

1185 1132 1308 1163 similiter
1322 1151 1333 1169 ,
1357 1130 1406 1161 ubi
1425 1130 1525 1162 viderit
1545 1130 1674 1169 expedire
1685 1152 1695 1168 ,
1717 1130 1831 1166 publice
1846 1128 2013 1167 proclamari
2031 1129 2129 1167 faciat,
2147 1137 2177 1159 ut
2186 1128 2237 1169 sua

1179 1178 1242 1209 pra.
1872 1180 1877 1183 ⁸

1222 1245 1336 1276 Eodem
1350 1244 1440 1275 modo
1453 1244 1579 1275 scribitur
1592 1243 1624 1274 R
1660 1238 1753 1273 inaldo
1767 1242 1802 1274 de
1815 1241 1897 1281 Grey,
1905 1266 1915 1280 ,
1929 1242 2088 1281 Justiciario
2102 1241 2237 1281 Cestriae'3

1188 1284 1265 1322 quod
1281 1284 1364 1313 dictat
1380 1282 1548 1313 sufferentiae
1564 1283 1608 1313 seu
1623 1292 1638 1311 a
1660 1281 1798 1311 stinentiae
1814 1283 2047 1319 prorogationem
2062 1282 2092 1310 in
2106 1282 2240 1311 omnibus

1188 1322 1276 1360 locis,
1294 1323 1322 1351 in
1335 1321 1437 1352 balliva
1452 1321 1514 1360 sua,
1532 1322 1581 1352 ubi
1595 1330 1697 1358 naves,
1716 1319 1776 1354 &a
1796 1328 1826 1348 ut
1833 1319 1927 1358 suipra.

1222 1398 1346 1437 Johanni
1361 1397 1398 1427 de
1410 1396 1577 1435 Havering,
1591 1396 1751 1435 Justiciario
1767 1396 1953 1433 Norwalliae,
1972 1388 2031 1430 &e
2051 1402 2081 1425 ut
2089 1394 2180 1434 fiapra'.

1190 1437 1362 1514 m}gbjr·to
1378 1436 1414 1466 de
1427 1436 1571 1474 Tybetot,
1591 1436 1636 1467 vel
1648 1436 1704 1472 ejus
1720 1439 1819 1465 locum
1835 1435 1940 1465 tenenti
1954 1435 1983 1463 in
1996 1432 2243 1472 Surhwallia,&22

1232 1552 1346 1583 Eodem
1365 1550 1455 1582 modo
1485 1551 1613 1582 scribitur
1639 1550 1865 1581 Vicecomitibus
1892 1549 2113 1580 Northumbriae
2128 1574 2139 1588 ,
2163 1548 2246 1580 Eho-

1192 1601 1272 1629 rum,
1291 1590 1469 1627 Lincolniae,
1489 1589 1679 1627 Norffolciae,
1698 1588 1862 1631 Suffolciae,
1881 1587 2017 1625 Essexiae,
2034 1586 2161 1626 Kantiae,
2177 1588 2245 1618 Sus:

1193 1630 1290 1668 sexiae,
1307 1629 1548 1665 Suthamptoniae,
1566 1628 1722 1665 Dorsetiae,
1740 1627 1932 1664 Somerletiae,
1952 1626 2108 1664 Devoniae,
2127 1626 2245 1657 Cornu*

1193 1668 1265 1705 biae,
1284 1666 1491 1704 Gloucestriae,
1510 1676 1558 1704 pet
1578 1666 1683 1696 diversa
1705 1666 1821 1702 brevia,
1848 1665 1925 1702 quod
1945 1665 1978 1694 ad
2000 1665 2101 1704 lingula
2115 1664 2195 1704 loca,
2213 1667 2244 1694 in

1195 1707 1294 1743 quibus
1315 1715 1398 1735 naves
1419 1705 1557 1745 applicant
1571 1729 1580 1742 ‚
1605 1706 1633 1734 111
1655 1704 1755 1734 03111νὲ
1773 1703 1834 1742 sua,
1853 1703 2027 1740 personaliter
2040 1703 2192 1742 accedant,
2210 1704 2244 1734 δὲ

1195 1744 1281 1774 didiae
1294 1743 1459 1774 sufferentiae
1471 1743 1515 1773 seu
1531 1743 1701 1773 abstinentiae
1713 1743 1940 1781 prorogationem
1956 1741 2070 1779 publice
2088 1742 2247 1779 proclama-²

1196 1784 1237 1820 ri,
1255 1784 1288 1813 δε
1302 1784 1330 1812 10
1344 1783 1478 1812 omnibus
1491 1781 1541 1812 suis
1554 1782 1674 1812 articulis
1688 1780 1804 1810 firmiter
1817 1780 1957 1810 observari
1971 1779 2087 1810 faciant:

1235 1820 1380 1851 Omnibus
1398 1821 1431 1851 ὃ(
1455 1820 1564 1859 singulis
1577 1844 1587 1857 ,
1612 1829 1646 1850 ex
1666 1827 1742 1856 parte
1762 1818 1847 1857 Regis
1860 1841 1870 1856 ,
1888 1817 2005 1848 firmiter
2021 1817 2192 1854 inhibendo,
2211 1824 2247 1847 ne

1197 1859 1297 1897 aliqui,
1315 1859 1361 1890 vel
1374 1859 1485 1896 aliquis,
1503 1858 1553 1888 sub
1567 1858 1740 1888 forisfactura
1753 1866 1925 1895 corporum,
1944 1857 1977 1887 &
1991 1857 2087 1886 omnia
2102 1864 2166 1894 quae
2181 1865 2247 1894 pos->

1199 1898 1250 1928 sint
1266 1897 1439 1935 forisfacere,
1457 1896 1518 1932 &a
1536 1903 1566 1925 ut
1575 1895 1669 1935 Jispra.

1202 2042 1290 2075 Bulla
1319 2036 1353 2074 de
1378 2042 1590 2073 Matrimoniis
1607 2066 1617 2081 ,
1650 2041 1681 2070 in
1697 2036 1798 2070 ordine
1821 2036 1864 2069 aa'
1873 2046 1977 2082 pacem
1989 2062 1998 2077 ,
2024 2030 2249 2079 contrahendis,

1493 2092 1528 2127 (ῤ’
1547 2087 1582 2121 de
1597 2090 1694 2122 Scotiae
1713 2089 1808 2132 Regno
1827 2085 1949 2118 detento.

1205 2176 1409 2238 BOnifacius
1423 2174 1593 2213 Episcopus,
1611 2173 1702 2203 servus
1717 2171 1862 2201 servorum
1871 2169 1928 2200 Dei
1939 2195 1948 2207 ,
1968 2169 2108 2200 carissimo
2124 2170 2153 2199 in
2168 2169 2255 2199 Chri-

1277 2215 1321 2246 sto
1341 2213 1399 2244 filio
1416 2213 1550 2244 Edvatdo
1564 2237 1574 2251 ,
1592 2212 1666 2251 Regi
1682 2211 1790 2249 Angliae
1804 2209 1914 2246 illustri,
1932 2209 2045 2239 salutem
2059 2209 2092 2239 ὃς
2109 2208 2255 2246 Apostoli-

1207 2264 1272 2284 cam
1285 2253 1526 2284 benedictionem.

1247 2291 1359 2331 Regalis
1380 2290 1562 2321 Excellentiae
1582 2289 1682 2319 litteras
1729 2296 1819 2324 nuper
1841 2285 1923 2316 nobis
1943 2295 1992 2323 per
2012 2292 2104 2315 certos
2125 2284 2260 2316 Nuncios

1209 2331 1380 2370 praesentatas
1396 2354 1405 2367 ‚
1427 2337 1564 2369 gratanter
1582 2328 1614 2358 ὅ(
1630 2311 1785 2356 3116610036
1800 2325 1956 2364 recepimus
1971 2325 2071 2353 intuitu
2084 2322 2258 2353 destinantis:

1208 2372 1241 2402 &
1255 2377 1350 2406 earum
1364 2368 1430 2398 serie
1439 2391 1446 2405 ,
1466 2367 1557 2397 mult'a
1571 2367 1706 2396 nimirum
1719 2364 1874 2394 devotione
1887 2361 2039 2399 conspicua
2053 2383 2062 2399 ,
2080 2363 2113 2392 ὅ(
2128 2362 2262 2399 multipli-

1207 2409 1236 2439 ci
1257 2407 1409 2438 affer-‘tione
1425 2405 1573 2444 praeclara,
1591 2404 1751 2440 diligentius
1768 2400 1926 2437 intellecta,
1945 2401 2129 2436 concepimus
2143 2399 2261 2430 uberem

1208 2446 1282 2476 infra
1296 2446 1416 2483 pefinris
1429 2454 1527 2475 arcana
1540 2443 1664 2473 laetitiam
1676 2466 1685 2478 ,
1703 2440 1853 2470 exultantes
1867 2439 1897 2468 in
1912 2438 2046 2468 Domino
2060 2438 2263 2476 vehementer,

1210 2486 1274 2522 quia
1292 2493 1320 2514 te
1333 2506 1342 2520 ,
1368 2492 1468 2520 utpote
1479 2481 1567 2512 filium
1583 2479 1786 2511 benedietronis
1800 2478 1833 2507 δε
1848 2478 1960 2514 gratiae‚
1977 2476 2086 2515 semper
2099 2477 2261 2506 invenimus

1209 2523 1244 2552 ad
1264 2521 1438 2558 beneplacita
1456 2521 1550 2551 nostra
1568 2528 1709 2558 paratum,
1728 2517 1760 2548 &
1776 2525 1942 2554 promptum
1959 2514 1993 2544 ad
2007 2515 2103 2544 omnia
2116 2524 2179 2552 quae
2192 2520 2264 2545 con-

1211 2561 1310 2591 sonent
1325 2561 1398 2589 votis
1412 2559 1521 2588 nostris.
2238 2586 2243 2588 η

1249 2594 1451 2637 Qamobrem
1471 2597 1617 2634 personam
1637 2595 1762 2631 Regiam
1785 2591 1887 2623 sincera
1909 2591 2019 2622 caritate
2038 2590 2185 2621 dileximus
2197 2613 2207 2629 ,
2230 2591 2264 2623 &³

1212 2637 1326 2677 diligere
1347 2645 1405 2666 non
1425 2635 1562 2666 cessamus
1575 2657 1585 2672 ,
1608 2635 1641 2664 ad
1666 2635 1705 2663 tui
1728 2633 1840 2662 lionoris
1864 2631 1896 2661 &
1912 2629 2081 2660 exaltationis
2094 2631 2267 2661 incrementa

1213 2674 1319 2713 felicia,
1339 2675 1422 2712 plenis
1436 2674 1592 2711 favoribus,
1609 2674 1641 2704 &
1655 2671 1830 2709 vigilantibus
1846 2665 1940 2698 st'udiis
1956 2666 2140 2711 intendentes.
2268 2669 2269 2672 ’

1254 2715 1347 2745 Ρο110
1363 2737 1373 2751 ,
1400 2712 1438 2742 fili
1459 2711 1622 2750 cariffime,
1644 2710 1796 2740 litterarum
1818 2706 1937 2745 ipsarum
1971 2714 2042 2736 mter
2054 2714 2170 2745 caetera,
2187 2710 2269 2737 tenor

1215 2754 1340 2791 aperuit,
1359 2750 1437 2789 quod
1458 2749 1609 2788 postquam
1626 2758 1682 2780 tuae
1695 2746 1900 2784 Magnitudinis
1911 2729 2040 2782 N³uncii,
2058 2744 2093 2774 ad
2106 2754 2158 2774 nos
2171 2744 2269 2775 113616-

1214 2801 1265 2821 nus
1294 2789 1421 2821 destinati
1441 2788 1521 2827 super
1542 2789 1662 2826 negotio
1677 2809 1686 2824 ,
1714 2785 1790 2824 quod
1812 2785 1884 2814 inter
1903 2791 1931 2813 te
1978 2783 2010 2812 &
2031 2781 2215 2812 Carissimum
2238 2784 2268 2812 in

1218 2829 1335 2860 Christo
1349 2828 1451 2858 Filium
1465 2826 1613 2864 nostrum,
1631 2822 1916 2866 Philippum-Regem
1932 2807 1956 2851 13⁴
1956 2830 2108 2864 rancorum
2123 2820 2266 2851 illustrem«

1217 2870 1289 2900 verti
1302 2866 1489 2905 conspicitur,
1505 2865 1539 2895 ad
1553 2864 1656 2895 Sedem
1672 2859 1868 2905 Apostolrcarn
1881 2859 2059 2903 accesserint,
2070 2865 2124 2896 pro
2138 2867 2174 2889 eo
2187 2843 2270 2903 quod

1219 2907 1344 2945 ipsorum
1365 2905 1469 2944 aliqui,
1486 2912 1581 2934 morte
1600 2903 1735 2940 praeventi
1748 2925 1758 2939 ,
1781 2900 1865 2937 aliqui
1877 2900 1948 2930 vero
1962 2907 1990 2926 m
2001 2907 2104 2940 ,100616
2117 2905 2194 2939 gravi
2207 2896 2270 2927 fue-

1217 2954 1282 2976 runt
1301 2943 1463 2982 aegritudine
1480 2940 1624 2980 praepedin·
1638 2962 1649 2977 ,
1673 2939 1763 2969 nullus
1777 2946 1877 2968 eorum
1888 2935 1923 2966 ad
1932 2934 2054 2975 Regiam
2066 2934 2270 2979 Celntudiner'n

1218 2984 1353 3014 remeavit
1366 3006 1376 3020 ,
1397 2982 1463 3012 licet
1484 2978 1654 3010 Venerabilis
1675 2977 1769 3008 Frater
1780 2976 1875 3006 noster
2089 2972 2132 3003 W
2134 2979 2269 3004 mtomen.

1218 3023 1387 3061 Episcopus,
1405 3020 1452 3057 qui
1466 3018 1502 3048 de
1514 3018 1639 3056 ipsorum
1651 3020 1775 3055 numerq
1784 3014 1870 3045 fuerat
1884 3011 2083 3049 Nuntiorum,
2101 3012 2134 3042 ad
2148 3018 2193 3050 te,
2202 3012 2268 3050 juxa

1219 3071 1246 3092 ra
1273 3060 1427 3091 Civitatem
1448 3054 1694 3092 Dunelmensem,
1724 3062 1792 3084 tunc
1819 3052 1954 3089 temporis
1971 3049 2156 3093 constitutum
2170 3073 2180 3088 ,
2204 3045 2271 3088 post

1221 3099 1335 3129 Festum
1350 3097 1422 3127 beati
1436 3094 1553 3126 Martini
1565 3094 1697 3132 proximo
1731 3091 1897 3127 raeteritum,
1914 3089 2034 3133 reversus
2047 3096 2165 3132 extiterit
2179 3112 2188 3126 ‚
2205 3087 2270 3118 001ὲ

1224 3138 1260 3167 133
1273 3138 1326 3167 1101
1339 3145 1372 3166 ex
1387 3141 1463 3173 parte
1475 3132 1570 3164 nostra
1582 3132 1683 3162 litteras
1714 3129 1863 3166 eferendo,
1876 3137 1924 3165 per
1938 3137 2003 3165 quas
2015 3137 2043 3156 10
2057 3126 2195 3170 013611ιᾶ0
2208 3133 2275 3166 pos:

1225 3176 1264 3206 ses
1284 3175 1400 3213 negotio
1413 3195 1423 3211 ‚
1448 3181 1531 3211 prout
1551 3169 1713 3201 neceffitatis
1735 3168 1862 3205 exigebat
1873 3165 2017 3203 articulus,
2036 3166 2198 3202 informari,
2216 3168 2271 3195 nee

1252 3214 1288 3243 ias
1317 3214 1347 3243 in
1372 3212 1488 3242 nevotio
1507 3210 1565 3248 ipso
1584 3207 1733 3241 instructus
1753 3205 1881 3237 existeres
1897 3229 1906 3242 ,
1931 3204 2007 3234 unde
2029 3203 2202 3233 innotescere
2221 3203 2273 3232 tibi

1227 3251 1337 3290 posset,
1356 3238 1471 3289 qualiter
1483 3250 1498 3278 3
1510 3258 1539 3278 16
1552 3249 1581 3277 10
1592 3245 1708 3285 praefato
1723 3245 1796 3275 foret
1807 3245 1922 3283 negotio
1937 3241 2157 3280 procedendum.
2180 3283 2182 3285 ‚
2244 3271 2261 3284 ,1

1267 3291 1365 3329 Qare
1384 3288 1542 3327 suppliciter
1555 3284 1711 3323 postulabas
1723 3302 1733 3322 ,
1758 3291 1789 3313 ut
1803 3282 1880 3320 quod
1895 3282 1922 3311 in
1936 3280 2039 3311 eodem
2053 3279 2186 3310 vellemus
2201 3278 2277 3308 ord1=

1231 3338 1296 3359 nare
1312 3329 1448 3365 negotio,
1465 3325 1598 3364 quodque
1612 3324 1641 3352 in
1654 3323 1714 3360 ipso
1725 3322 1783 3360 jam
1797 3320 1925 3350 dux-imus
1938 3318 2142 3355 ordinandum,
2159 3317 2276 3359 &.qu²3⁵

1229 3369 1292 3398 liter
1306 3368 1391 3396 etiarn
1407 3365 1522 3395 deberes
1534 3371 1562 3393 te
1578 3370 1691 3399 gerere,
1707 3365 1741 3390 a'c
1757 3358 1908 3397 procedere
1928 3359 1956 3387 in
1972 3357 2092 3393 eodem,
2110 3353 2277 3399 magni-tud&

1229 3408 1259 3436 ni
1274 3405 1375 3444 Regiae
1388 3403 1490 3441 aperire
1504 3402 1581 3431 latius
1596 3399 1792 3436 dignaremut3
1812 3406 1880 3427 cum
1896 3404 2002 3434 paratus
2021 3394 2118 3424 existas
2131 3402 2159 3422 10
2175 3392 2226 3422 hus
2243 3391 2278 3422 ἓ(

1231 3445 1288 3474 31113
1302 3442 1407 3473 nostrae
1422 3450 1514 3480 parere
1527 3438 1705 3475 beneplacito
1719 3436 1877 3467 voluntatis
2153 3470 2158 3475 1
2256 3471 2261 3474 Δ

1267 3482 1341 3512 Sane
1354 3482 1436 3511 latere
1451 3489 1478 3510 te
1493 3478 1640 3514 nolumus,
1659 3474 1736 3513 quod
1749 3482 1818 3511 nos,
1837 3473 1923 3503 Patris
1936 3477 2015 3501 more
2028 3468 2178 3511 benevoh,
2193 3471 2280 3506 quern

1230 3531 1291 3551 non
1304 3526 1470 3557 praetereunt
1484 3513 1669 3546 incommoda
1680 3513 1832 3549 Filiorum,
1849 3511 1968 3550 graviter
1982 3511 2015 3540 &
2032 3507 2150 3538 moleste
2163 3510 2281 3549 terentes

1233 3558 1399 3589 discordiam
1414 3581 1422 3593 ,
1447 3554 1556 3595 pridem
1568 3554 1639 3582 inter
1654 3561 1682 3582 te
1697 3562 1729 3581 ac
1744 3550 1864 3581 eundem
1881 3549 2009 3591 Regem,
2029 3553 2196 3584 procurante
2208 3554 2283 3589 pacis

1236 3596 1361 3634 aemulo,
1380 3595 1547 3630 suscitatam,
1566 3592 1598 3622 &
1615 3591 1800 3628 recogitantes
1813 3587 1959 3624 attentius,
1977 3585 2056 3623 quod
2071 3592 2106 3627 err
2121 3585 2283 3619 guerrarum

1235 3635 1394 3665 discrimine
1408 3656 1416 3671 ,
1440 3639 1543 3669 prout,
1566 3628 1702 3668 Magistra
1715 3632 1825 3664 rerum,
1843 3625 2018 3668 Experientia
2034 3621 2203 3666 manifestat,
2220 3628 2282 3651 non

1234 3674 1325 3704 solum
1343 3673 1488 3703 bonorum
1505 3669 1626 3705 dampna
1641 3665 1825 3703 multimoda,
1842 3664 1886 3694 sed
1901 3671 1985 3693 etiam
1998 3668 2154 3703 ammarum
2169 3660 2203 3691 &
2217 3664 2283 3689 cor*

1237 3721 1341 3750 porum
1359 3708 1480 3748 'pericula
1497 3707 1589 3750 gravia
1606 3711 1770 3743 generantur
1784 3726 1794 3741 ,
1819 3701 1982 3740 00613ἃο10
2004 3707 2152 3741 negotium
2164 3704 2283 3742 ,quana

1237 3750 1367 3780 tumlibet
1388 3746 1554 3777 laboriosum
1567 3767 1576 3781 ,
1592 3744 1625 3773 &
1639 3741 1774 3779 arduum,
1790 3740 1924 3777 variisque
1937 3737 2144 3779 difficultatibus
2159 3742 2284 3766 circum*

1236 3789 1348 3828 plexum
1358 3810 1366 3825 ,
1385 3795 1437 3823 pro
1450 3793 1499 3814 tuo
1511 3784 1545 3813 &
1559 3780 1680 3819 ejusdem
1694 3779 1785 3817 Regis
1797 3801 1807 3816 ,
1832 3777 2058 3820 cunctorumque
2071 3773 2195 3804 fidelium
2211 3772 2283 3817 statu

1239 3825 1359 3865 pacifico
1380 3826 1412 3855 δε
1431 3820 1582 3859 tranquillo
1599 3843 1607 3857 ,
1627 3829 1660 3849 ac
1683 3819 1767 3848 etiam
1785 3817 1805 3837 ⁴¹¹
1822 3826 1874 3854 pro
1894 3814 2004 3844 10113011
2018 3812 2176 3857 necessitate
2188 3811 2283 3859 multi-

1240 3865 1307 3903 plici
1326 3864 1425 3893 Terrae
1449 3860 1559 3891 8306116
1573 3881 1583 3897 ,
1609 3866 1694 3895 quarn
1708 3880 1718 3894 ‚
1743 3863 1826 3893 prout
1841 3862 1900 3883 non
1914 3853 1969 3882 sine
1980 3859 2082 3881 mentis
2096 3850 2217 3894 plur-rma
2229 3858 2288 3893 tura

1241 3904 1355 3934 batione
1379 3900 1523 3935 referimus
1535 3921 1545 3935 ,
1571 3896 1767 3934 Agarenorum
1788 3891 1933 3932 nephanda
1952 3890 2132 3933 praesumptio
2153 3897 2184 3918 m
2204 3897 2289 3932 totius

1244 3936 1454 3972 Christianitatis
1481 3936 1658 3973 obprobium
1676 3932 1781 3963 detinet
1801 3932 1967 3972 occupatam
1983 3948 1992 3966 ,
2011 3929 2139 3972 ‚benigne
2160 3926 2290 3970 duximus

1244 3976 1442 4010 assumendum
1455 3997 1465 4013 ,
1489 3976 1517 4003 in
1538 3983 1574 4003 eo
1594 3974 1679 4003 etiam
1695 3993 1705 4009 ,
1730 3971 1800 4000 ultra
1823 3969 1918 4006 pofle,
1934 3976 1963 4011 111
1977 3975 2018 3997 101
2029 3966 2131 3997 favans
2140 3965 2293 4009 3031111110,

1245 4019 1314 4048 sicut
1332 4018 1390 4054 jam
1408 4013 1488 4044 dietis
1502 4010 1642 4048 Nunciis,
1659 4007 1775 4040 oraculo
1788 4008 1862 4038 vivae
1881 4011 1962 4037 vocis
1974 4003 2174 4043 expreffimus,
2190 4011 2291 4042 proce-

1244 4056 1352 4086 dentes.

2244 291 2318 321 Ann.
2329 291 2370 322 Dz

2267 338 2349 368 1297.

2241 370 2309 396 Edv.
2332 379 2353 397 ι-.

2251 849 2382 889 *11.803,

2272 2167 2346 2198 Ann.
2364 2166 2402 2197 D*

2302 2214 2383 2244 1297.

2274 2249 2326 2273 Aa.
2342 2248 2385 2271 26„

2276 2288 2304 2311 Ε.
2328 2293 2351 2309 ι.

2279 2327 2316 2350 Ex
2332 2324 2387 2348 Am

2276 2369 2340 2397 togr.

2301 3816 2317 3835 ἕ
2328 3815 2435 3848 113οῳ

1272 4092 1343 4124 -Sed
1358 4090 1467 4127 revera,
1485 4086 1588 4119 'nostris
1599 4085 1719 4118 senfibus
1733 4094 1794 4121 non
1805 4078 1927 4123 indignae
1939 4075 2128 4114 admirationis
2142 4072 2222 4110 causa
2235 4071 2299 4119 suba

1750 4122 1805 4153 Bb

2245 4119 2307 4146 031¹.
