2570 4261
673 132 786 181 ET
868 139 1138 182 ACTA

0 223 56 249 lnn.
65 217 105 250 D.
121 218 211 259 Regis
230 220 354 261 Scodae,
371 221 406 254 &
425 221 539 255 devenit
555 222 647 254 homo
662 223 783 254 Henrici
796 224 884 265 Regis
894 225 996 264 Patris,
1013 226 1047 257 &
1063 224 1179 255 fidelita-

5 264 89 296 1292.
123 266 182 288 tem
198 260 223 288 ei
233 261 333 298 juravit
348 270 448 293 contra
458 271 560 293 omnes
574 262 720 300 homine53
732 263 765 292 &
801 274 853 301 pro
865 274 962 295 amore
977 264 1059 302 ipsius
1072 264 1179 295 haben-

0 299 42 325 dv.
66 305 89 324 ι.
123 296 180 339 do,
198 297 274 340 dedit
292 298 329 328 illi
350 300 427 330 mille
448 300 560 331 Marcas
580 301 704 338 argenti,
723 302 756 332 &
772 285 948 333 Duncanum
962 302 1067 333 Filium
1079 302 1179 339 suum,

122 344 153 364 in
164 336 309 375 obsidem,
327 337 363 368 de
376 347 446 375 pace
457 338 596 370 servanda.

0 419 55 440 mn.
66 408 106 439 D.
125 404 198 471 IN
213 411 348 442 Nomine
362 412 487 445 Domini
502 414 607 445 Amen.

0 457 83 487 1292.
191 450 224 480 In
237 451 381 488 praesentia
393 452 466 489 mei,
485 452 616 491 Notarii‚
633 451 667 482 δε
688 452 819 484 Testium
842 453 1079 493 subscriptorum,
1096 452 1180 484 infra-

0 491 19 514 ῐ.
37 497 80 523 ¹4·
123 489 217 526 scripti
365 488 514 529 Episcopi,
644 490 785 529 Abbates,
923 492 1050 530 Priores,

124 526 285 565 Prioriffae,
432 527 582 566 Comiter,
726 530 846 560 Barones
860 553 870 568 ,
893 539 927 560 ac
949 530 1180 561 communitates

124 565 279 603 villarum,
297 566 330 596 δε
351 567 480 598 nonnulli
500 567 545 597 alii
563 567 732 606 Populares,
750 577 807 599 tam
827 567 949 607 Clerici,
974 569 1062 607 quern
1084 568 1181 606 Laici,

124 603 162 633 de
177 602 283 643 Regno
295 604 415 643 Scotiae,
426 606 620 643 juramentum
633 605 766 637 fidelitatis
788 607 944 644 supradicto
967 607 1101 638 Domino
1121 605 1180 636 Ed-

125 640 237 679 wardo,
256 641 331 686 Regi
344 643 455 682 Angliae
466 642 577 682 illustri,
594 652 624 674 ut
637 644 770 682 superiori
785 646 817 676 &
830 645 940 676 dire&o
953 645 1087 676 Domino
1101 645 1147 674 Re
1166 662 1180 666 -

125 680 158 710 ni
171 679 293 718 Scoriae,
311 680 515 719 praesentialiter
528 682 731 722 praestiterunt,
743 683 873 715 videlicet
881 707 891 723 ,
911 684 1021 716 diversis
1035 684 1132 714 diebus

127 718 199 749 locis
213 727 297 756 prout
309 720 430 757 sequitur
442 719 569 750 seriatim.

165 756 254 787 Anno
273 756 398 788 Domini
415 758 564 789 millefimo
586 758 781 791 ducentefimo
801 761 983 801 nonagesimo
1003 761 1099 800 primo
1114 783 1124 797 .,
1147 758 1180 790 &

128 794 224 832 Regni
241 794 310 825 dieti
334 795 455 827 Domini
478 796 566 840 Regis
588 797 717 829 Edwardi
743 798 860 831 decimo
888 810 968 830 nono
981 824 991 838 ,
1026 798 1182 829 indictione

126 832 248 902 '9qu
256 832 427 902 drssodecima
441 834 487 866 die
500 845 621 867 intrante
632 837 727 867 mense
737 837 824 876 Junio
832 861 843 878 ‚
856 839 887 871 in
899 838 1024 877 quodam
1037 837 1182 874 Manerio‚

121 880 200 910 JuXta
249 881 282 901 or
303 881 365 911 am,

549 951 674 983 Nobiles
685 951 762 992 viri,

165 1019 297 1055 Ricardus
309 1026 394 1056 didius
405 1028 540 1068 Syward,

163 1067 258 1103 Symon
270 1064 367 1103 Fraftr
374 1088 384 1104 ,

164 1101 330 1132 Alexander
342 1104 374 1133 de
389 1104 548 1144 Meneteth,
566 1104 650 1135 Filius
663 1109 772 1136 Comitis
785 1107 817 1137 de
832 1097 991 1144 Meneteth‚·

160 1178 359 1217 juramentum
370 1180 505 1213 fidelitatis
516 1181 655 1219 praediero
670 1181 804 1213 Domino
819 1184 893 1223 Regi
909 1183 1036 1223 Angliae‚
1053 1186 1085 1215 u't
1106 1182 1185 1220 supe-

127 1219 194 1251 riori
209 1219 242 1249 &
255 1219 366 1251 directo
379 1219 512 1251 Domino
527 1220 623 1257 Regni
637 1221 743 1251 Scotiae
756 1221 953 1260 praestiterunt.

167 1257 254 1287 Anno
274 1258 307 1289 &
329 1256 489 1288 Indistione
511 1258 667 1297 praediCtis,
684 1259 757 1298 apud
780 1259 916 1298 Berewyk
930 1260 1010 1297 super
1023 1258 1186 1297 Twedam,

127 1296 157 1326 in
180 1293 301 1372 CsanIelld
318 1294 412 1327 Castri
432 1294 555 1334 ejusdem
577 1296 660 1327 Villae
674 1318 685 1336 ‚
706 1297 823 1337 septima
841 1297 888 1328 die
907 1306 1028 1329 exeunte
1047 1297 1187 1336 praeditsto

129 1342 197 1364 men
210 1343 226 1363 e
255 1343 339 1373 unio,

163 1412 298 1440 Henricus
313 1412 393 1440 Prior
407 1410 440 1439 de
453 1410 663 1452 Coldyngeham,
681 1408 720 1446 ὠ·

166 1447 311 1487 Johannes
325 1449 357 1479 de
375 1451 464 1487 Vaus,

167 1525 308 1558 Fecerunt
328 1525 490 1557 fidelitatem
510 1525 648 1564 praedie‘so
671 1525 806 1557 Domino
827 1527 904 1567 Regi
918 1527 1046 1567 Angliae,
1064 1534 1096 1559 ut
1110 1526 1189 1565 supe-

132 1563 199 1594 riori
215 1565 249 1596 &
261 1564 373 1595 directo
387 1563 522 1596 Domino
533 1564 664 1603 praediffl
678 1565 775 1605 Regni
788 1565 912 1604 Scotiae3

9 1642 115 1682 11.568.
278 1639 298 1660 ²*
316 1640 502 1672 Praesentibus
518 1640 719 1672 venerabilibus
733 1640 862 1673 Patribus
880 1641 1033 1681 Dominis,

168 1716 286 1748 Roberto
300 1716 476 1757 Bathonienfi
485 1715 530 1752 ,ό
546 1716 685 1757 Wllenfi‚
701 1716 741 1752 &-

169 1755 267 1786 Alano
279 1754 443 1795 cathanenfi
449 1778 459 1793 ‚
478 1753 608 1793 Episcopis
616 1779 626 1793 .,
641 1754 679 1790 (¹7-

169 1795 287 1823 Henrico
303 1792 493 1833 Elemofinario
505 1795 571 1824 dieti
588 1797 697 1824 Domini
710 1797 805 1834 Regis,

170 1831 211 1863 Et
224 1832 349 1871 pluribus
360 1832 417 1863 aliis
430 1831 609 1863 existentibus
624 1841 693 1864 tunc
706 1834 819 1864 ibidem.

172 1907 279 1947 Anno,
296 1908 467 1948 indictione,
484 1909 517 1943 &
531 1908 600 1940 loco
614 1909 774 1948 praediCtis‚
790 1910 863 1942 sexta
877 1909 923 1941 die
934 1918 1055 1942 exeunte
1074 1908 1193 1949 'praedic-

136 1954 169 1979 to
183 1947 278 1978 mense
287 1947 376 1987 Junio
383 1970 394 1986 ,

168 2027 264 2063 Agnes
279 2025 310 2054 de
324 2023 464 2054 Bernham
478 2018 606 2065 Prioriffiz
618 2025 650 2055 de
662 2026 813 2066 Berewyk,

170 2066 270 2095 Petrus
284 2064 315 2094 de
330 2066 504 2103 Mornigcon,

172 2100 319 2140 Johannes
333 2102 364 2131 de
375 2100 485 2140 Badeby
494 2125 503 2138 ,
522 2098 561 2136 &⁹

172 2140 352 2169 Eadmundus.
362 2141 392 2170 de
409 2141 583 2178 Bundigton‚

169 2175 311 2209 Fecerunt
323 2176 484 2209 fidelitatem
498 2178 578 2210 dieto
593 2176 729 2210 Domino
745 2178 837 2218 Regi,
856 2185 887 2210 ut
900 2178 997 2218 supra3

356 2255 539 2286 Praesentibus
553 2254 712 2287 Nobilibus
727 2254 802 2286 Viris
814 2255 968 2295 Dominis,

170 2328 303 2371 Johanne
318 2332 349 2361 de
362 2332 463 2362 Sancto
478 2330 630 2371 Johanne‚

173 2370 295 2401 Waltero
308 2371 338 2399 de
354 2368 429 2399 Bello
442 2374 556 2408 Campo,
573 2368 612 2404 &-

172 2408 296 2439 Waltero
309 2409 341 2437 de
347 2411 499 2445 Langeton.
509 2409 574 2438 diali
581 2411 693 2438 Domini
700 2411 778 2446 Regis
784 2407 962 2448 Thesaurarr’o
969 2431 980 2448 ‚
987 2409 1022 2440 &
1028 2407 1122 2441 multis
1128 2408 1195 2440 31113

169 2483 274 2523 Anno,
293 2484 464 2523 indidiione,
481 2484 514 2515 δε
535 2484 602 2515 loco
624 2483 782 2522 praedid'tis,
799 2493 895 2522 quarta
918 2485 964 2515 die
986 2492 1106 2517 exeunte
1124 2494 1196 2524 prae-

137 2521 218 2555 dicto
234 2522 442 2561 menseJunio,
460 2522 579 2553 Nobilis
595 2521 664 2561 Vir,

175 2598 340 2630 Alexander
355 2600 387 2629 de
401 2598 535 2640 Bonekyl,

176 2675 255 2707 Fecit
271 2675 434 2707 fidelitatem
446 2675 526 2706 dieto
540 2668 675 2706 Domino
689 2674 781 2716 Regi,
798 2684 829 2708 ut
841 2676 928 2714 supra.

563 2751 764 2790 Praesentibus,

173 2823 271 2860 Nobili
286 2825 353 2859 Viro
365 2822 500 2867 Johanne
512 2830 544 2859 de
558 2830 657 2860 Sans'lo
669 2828 821 2869 Johanne,

109 2883 113 2886 ·
173 2867 297 2899 Gilherco
312 2868 344 2898 de
360 2867 481 2906 Rohyre,

175 2902 215 2936 Et
228 2905 351 2944 pluribus
363 2906 420 2936 aliis
433 2906 612 2937 existentibus
627 2914 695 2937 tunc
709 2905 826 2936 ibidem.

141 3013 143 3015 ,
176 2981 266 3012 Anno
278 2982 313 3012 &
325 2980 485 3013 indietione
518 2982 651 3020 raedie'tiss,
666 2984 745 3014 tertia
757 2981 804 3012 die
817 2984 936 3012 exeunte
948 2982 1088 3020 proedicto
1101 2983 1196 3015 mense

133 3018 240 3058 Junio,
257 3018 313 3087 Bgr
332 3018 408 3049 enses
425 3022 460 3052 ὅτ,
501 3022 567 3051 ‘ives
583 3020 620 3051 de
639 3021 775 3061 Berewyl(
789 3021 867 3059 (qui,
886 3020 921 3052 ad
935 3021 1104 3060 praedictum
1113 3022 1195 3060 Jura-

137 3066 269 3089 mentum

320 3058 415 3088 elitatis
427 3058 606 3096 faciendum,
620 3060 649 3089 in
661 3060 817 3090 Parochiali
830 3058 957 3089 Ecclesia
969 3060 1092 3098 ejusdem
1110 3061 1194 3092 Villae

136 3096 339 3133 convenerant)
362 3096 478 3134 praefato
497 3097 632 3128 Domino
643 3097 719 3140 Regi
732 3098 894 3129 fidelitatem
906 3098 1051 3138 fecerunt,
1068 3109 1192 3138 quorum

136 3135 222 3175 aliqui
236 3135 458 3175 subscribuntur,
476 3135 625 3174 videlicet,

138 3210 276 3251 Philippus
297 3212 329 3242 de
348 3211 466 3252 Rydale,
484 3220 547 3242 tunc
560 3212 647 3252 major
708 3208 828 3244 'ohannes
844 3213 960 3244 Clericus
975 3215 1008 3244 de
1023 3215 1173 3255 Berewyk,

178 3250 256 3279 diffie
271 3249 347 3281 Villae
361 3251 392 3282 de
409 3251 557 3293 Berewyk,
711 3252 828 3283 ohannes
840 3254 872 3283 de
887 3255 987 3292 Hove,

140 3287 299 3327 Raaulphus
314 3289 346 3318 de
361 3290 488 3332 lisytebh
683 3289 827 3328 Johannes
840 3293 873 3322 de
885 3291 1022 3332 Roubery,

138 3327 237 3358 Adam
250 3326 412 3367 Grofi’teste,
684 3328 827 3367 Eustasius
841 3330 866 3360 le
881 3332 992 3371 Espycer
1000 3354 1011 3370 ,

139 3367 185 3396 W
181 3364 302 3395 illielmus
318 3366 350 3395 de
364 3366 516 3406 Heresord,
685 3366 844 3397 Wllielmus
855 3373 924 3408 May
933 3392 942 3407 ,

139 3404 239 3436 Adam
252 3403 284 3434 de
297 3403 422 3433 Dombar
431 3427 441 3442 ‚
683 3405 818 3435 Matheus
829 3406 854 3435 le
867 3406 1006 3446 murder,

138 3441 285 3482 Johannes
295 3442 327 3471 de
340 3441 488 3482 Aberden,
683 3444 824 3479 Gregorius
838 3445 869 3473 de
881 3445 1055 3483 Coldingham
1065 3470 1075 3485 ‚

138 3481 272 3512 Ricardus
287 3480 367 3519 Dod,
683 3480 818 3521 Magister
828 3485 945 3520 Rogerus
958 3485 1148 3516 Bartholomeis
1157 3509 1167 3524 ,

138 3519 255 3550 Thomas
269 3519 341 3558 Tod,
682 3519 799 3549 Thomas
813 3521 844 3550 de
858 3521 990 3562 Beverle‚

140 3557 292 3597 Stephanus
307 3557 331 3587 le
342 3561 448 3588 Mercer
457 3581 467 3597 ,
685 3559 730 3587 W
726 3556 847 3588 illielmus
860 3559 992 3591 chauzon
999 3585 1009 3601 ,

141 3598 242 3628 Adam
254 3598 286 3626 de
299 3595 456 3637 Strivelyn,
685 3598 791 3626 David
815 3598 848 3627 de
875 3599 1071 3639 Kenylworthe
1100 3600 1190 3632 Balli-

141 3636 272 3666 Robertus
286 3635 318 3664 de
337 3635 467 3677 Wyteby,
720 3645 776 3664 vus
790 3659 801 3674 ‚

141 3674 307 3712 Ingelramus
322 3674 354 3703 de
366 3673 445 3704 colon
455 3695 468 3714 ,
684 3672 799 3703 Alanus
812 3674 844 3704 de‘
860 3678 1035 3718 tangam,

142 3714 274 3745 Henricus
287 3717 415 3752 Franceys
421 3735 432 3751 ,

138 3750 256 3781 nomas
267 3751 293 3781 le
304 3753 406 3781 Venour
413 3774 424 3790 ‚

144 3789 305 3826 Reginaldus
318 3789 341 3819 le
354 3792 455 3821 Venour
462 3813 474 3830 ‚

145 3827 276 3859 Ricardus
288 3828 312 3858 le
326 3828 447 3858 Barke-re
454 3851 466 3867 ,

146 3866 245 3894 Petrus
256 3867 287 3896 de
300 3870 449 3905 Coventre,

146 3902 278 3933 Robertus
292 3906 324 3935 de
339 3904 502 3944 Everwyk‚

147 3940 263 3970 Thomas
276 3943 308 3971 de
323 3943 476 3984 Selekyrke,

148 3979 281 4009 Henricus
293 3983 369 4010 Auri
382 3981 466 4022 aber,

146 4017 261 4051 flumas
275 4021 342 4048 Mou
348 4030 389 4059 y,

686 3710 850 3742 Willielmus
863 3712 888 3743 le
902 3715 997 3756 Clerk,

684 3749 817 3780 Robertus
831 3752 936 3791 Ruſjel,

686 3787 815 3820 Nicolaus
828 3790 860 3819 de
873 3791 1003 3831 Beverle,

686 3828 803 3864 Rogerus
816 3826 839 3855 le
853 3828 964 3868 Espycer
972 3853 981 3867 ‚

688 3864 854 3894 Willielm:.1;
870 3878 899 3895 ae
915 3867 1066 3911 Holthale,

688 3905 814 3933 Warinux
826 3906 857 3933 dc
874 3904 980 3945 Pehles,

688 3943 786 3972 Aa'aw
801 3943 832 3971 de
846 3944 986 3983 Bartone,

690 3979 818 4009 Nicolaus
833 3981 863 4010 de
880 3982 974 4022 Plsyteb
996 4004 1009 4023 5

691 4021 859 4052 Laurentius
868 4019 894 4050 lo
907 3993 1003 4060 Cleri,

1217 136 1698 187 PUBLIcm

2187 162 2206 190 Ῑ
2213 162 2262 206 03

1218 220 1382 253 Willielmus
1396 224 1557 267 σνοριψρ,
1759 229 1905 269 Johannes
1915 224 2003 270 ism,
2281 234 2357 265 Ann.
2369 223 2410 266 D.

1215 259 1360 305 Johannes
1374 263 1405 292 de
1418 267 1527 295 Cornbr.
1759 269 1925 301 Alexander
1937 271 1961 302 le
1975 270 2097 312 Peleter,
2300 281 2386 311 1292.

1216 300 1348 328 Henrzcus
1362 304 1478 340 Spryng,
1758 307 1888 338 Rohertus
1902 310 1933 339 de
1946 312 2084 348 Bartone,
2280 312 2349 340 ΕΜ·
2368 318 2396 340 Χὲ

1216 337 1314 366 Adam
1330 339 1363 367 de
1378 343 1464 377 Mar,

1217 376 1315 404 Adam
1331 377 1362 406 de
1377 377 1481 417 Seleby‚

1216 413 1363 452 Johannes
1378 415 1550 456 Marrfihal,
1563 421 1567 441 1

1217 451 1362 490 Johannes
1372 455 1404 484 de
1416 455 1553 496 Strivelyn
1560 480 1570 496 ‚

1217 489 1362 528 Johannes
1377 496 1506 522 Monacus
1514 516 1524 532 ‚

1216 527 1362 566 Johannes
1375 531 1407 560 de
1422 531 1533 572 Wteby
1541 553 1552 571 ,

1757 347 1854 376 Adam
1869 351 1991 386 Moigne‚

1758 384 1887 415 Robertus
1901 387 1932 416 de
1945 385 2086 424 Dombar‚

1761 425 1910 462 Martynus
1924 423 1948 454 le
1962 424 2092 464 Espycer,

1761 462 1917 501 Radulphus
1931 463 2016 492 Taket
2023 486 2034 502 ‚

1763 500 1890 529 Waerinus
1904 499 1928 529 le
1942 499 2052 540 Wlour,

1761 539 1803 566 W
1803 536 1924 567 xllielmus
1944 538 1968 568 le
1983 538 2061 569 Clerk
2075 539 2107 570 de
2119 536 2269 578 Bereiwyk,

1239 604 1293 648 'Et
1308 605 1428 645 reliquus
1443 607 1568 646 Populus
1580 608 1666 639 disstae
1679 610 1778 650 Villae,
1795 614 1844 650 qui
1858 620 1926 645 tunc
1941 615 2057 652 praesens
2069 614 2174 653 fuerat,
2185 614 2220 645 &
2231 611 2268 643 ad

1217 641 1327 687 dnsturn
1346 645 1464 684 locum,
1482 655 1513 677 ut
1533 647 1710 687 praedicitur,
1726 660 1915 691 convenerat,
1939 653 2018 684 dicto
2038 653 2172 684 Domino
2191 652 2269 690 Regi

1217 680 1344 720 Angliae,
1361 693 1394 727 ut
1407 684 1539 722 superiori
1553 687 1586 715 ὃς
1600 686 1709 718 ἀίῑεᾶὶο
1723 688 1856 721 Domino
1874 690 1972 730 Regni
1993 691 2114 731 Scotiae,
2126 693 2270 731 juramew

1216 726 1278 749 tum
1293 720 1428 752 fidehtatis
1442 722 1638 760 praestiterunt.

1253 795 1361 827 Astum
1369 820 1378 836 ,
1397 807 1428 830 ut
1440 801 1527 837 supra.

1421 874 1440 894 ³¹²
1460 874 1642 908 Praesentibus
1655 876 1811 911 Nobilibus
1826 879 1899 913 Viris
1912 881 2064 921 Dominis,

1259 947 1392 988 Johanne
1406 952 1438 981 de
1450 953 1549 982 Sancto
1562 953 1712 994 Johanne,

1256 987 1372 1017 Roberto
1388 988 1481 1019 Malet
1487 1012 1498 1028 ,

1257 1025 1390 1063 Johanne
1403 1031 1596 1068 Boutecourte,

1258 1063 1381 1095 Waltero
1393 1066 1425 1095 de
1441 1069 1614 1105 Langetone,

1259 1101 1384 1133 Gilberto
1397 1105 1429 1134 de
1441 1104 1562 1145 Robyre,
1580 1106 1614 1137 &
1628 1107 1771 1139 nonnullis
1782 1107 1848 1138 aliis.

2290 886 2419 921 soll-569²

1258 1176 1410 1221 Burgenses
1435 1184 1508 1224 vero
1524 1202 1535 1220 ,
1561 1183 1595 1213 &
1610 1182 1655 1213 alii
1671 1179 1805 1214 homines
1826 1183 1948 1227 ejusdem
1965 1183 2049 1215 Villae
2066 1184 2102 1216 de
2119 1185 2254 1225 Berewyk
2265 1210 2275 1224 ‚

1222 1224 1271 1259 qu1
1284 1240 1294 1254 ,
1318 1218 1352 1247 ad
1370 1218 1539 1256 praedie'tum
1554 1220 1754 1258 juramentum
1771 1221 1907 1253 fidelitatis
1924 1222 2088 1253 faciendum
2103 1246 2114 1262 ,
2140 1224 2277 1261 ρῐεεάἰᾶο

1221 1255 1268 1298 die
1292 1257 1439 1295 praesentes
1457 1268 1518 1289 non
1535 1258 1669 1298 fuerant,
1694 1261 1774 1290 tertia
1797 1261 1843 1291 die
1860 1261 1886 1291 se
1907 1262 2008 1300 uenti,
2031 1261 2136 1292 scilicet
2150 1286 2160 1300 .,
2179 1262 2277 1293 ultima

1222 1292 1268 1323 die
1286 1294 1412 1330 praediffi
1429 1297 1530 1326 meniis
1543 1296 1644 1335 junii,
1675 1298 1704 1328 in
1720 1298 1764 1329 Ca
1784 1299 1835 1328 ella
1850 1298 1905 1329 Cal
1934 1300 1944 1329 i
1962 1299 1997 1329 de
2015 1298 2110 1330 Berew
2131 1299 2149 1328 k
2163 1322 2173 1337 ‚
2206 1310 2278 1338 prae-

1222 1330 1308 1361 distae
1326 1332 1462 1364 fidelitatis
1476 1335 1676 1373 Juramentum
1693 1347 1752 1374 prae
1773 1338 1833 1367 idio
1852 1336 1988 1368 Domino
2007 1338 2081 1377 Regi
2127 1339 2227 1378 ngliae,
2248 1347 2279 1370 ut

1223 1368 1406 1448 {luiggfii‘oerifc
1423 1372 1535 1404 directo
1552 1372 1689 1406 Domino
1710 1375 1780 1407 dieti
1798 1375 1892 1415 Regni
1910 1376 2015 1407 Scotiae
2027 1400 2038 1416 ,
2068 1376 2256 1416 praestiterunt
2268 1399 2279 1416 a

1225 1487 1320 1524 Symon
1333 1486 1366 1515 de
1379 1486 1553 1527 Trydeltone,

1225 1522 1384 1561 Radulphus
1399 1525 1513 1566 Phelype
1521 1550 1531 1565 ,

1226 1560 1358 1591 Robertus
1372 1563 1470 1593 Oliver
1480 1587 1490 1602 ,

1227 1599 1356 1629 Nicolaus
1369 1601 1520 1642 Champyon
1528 1624 1538 1640 ‚

1228 1637 1395 1669 Alexander
1409 1641 1441 1670 de
1455 1639 1590 1679 Taillour‚

1228 1676 1360 1707 Nicolaus
1373 1679 1405 1708 de
1420 1681 1531 1716 Pampes
1544 1678 1675 1718 Worrhe,

1228 1714 1343 1744 Thomas
1358 1716 1389 1745 de
1402 1717 1569 1756 Beverlaco,

1228 1753 1360 1783 Robertus
1374 1755 1406 1784 de
1420 1756 1619 1795 Lambertone,

1228 1793 1362 1822 Ricardus
1376 1794 1407 1822 de
1420 1797 1484 1824 Mer
1508 1805 1573 1833 one,

1229 1830 1351 1868 Jacobus
1364 1831 1471 1871 Aurifa
1490 1843 1518 1862 er
1525 1852 1536 1871 ,

1229 1871 1361 1899 Henricus
1377 1870 1473 1909 Tonsor
1483 1894 1493 1909 ,

1228 1907 1343 1937 Thomas
1356 1907 1381 1937 le
1392 1908 1518 1947 Barber,

1772 1491 1887 1528 Rogerus
1898 1490 1981 1529 Phely
1998 1502 2011 1521 e
2017 1514 2029 1531 ‚

1772 1529 1902 1558 Ricardus
1918 1531 1967 1559 Gil
1977 1541 2006 1568 e,

1773 1569 1817 1597 W
1816 1566 1938 1598 illielmus
1952 1568 2091 1606 Brokour,

1773 1605 1905 1634 Robertus
1918 1606 1949 1635 de
1967 1609 2008 1635 Br
2024 1605 2132 1646 thlyng‚

1775 1642 1914 1673 Walterus
1929 1644 1995 1683 Gofi’
2006 1645 2067 1682 ede,

1773 1681 1888 1711 Thomas
1900 1682 2024 1712 Bataille
2031 1706 2041 1721 ,

1775 1719 1919 1758 Johannes
1934 1722 1967 1751 de
1984 1725 2146 1761 Knaptone,

1776 1760 1819 1787 W
1817 1757 1940 1789 illielmus
1952 1760 1983 1790 de
1997 1759 2180 1799 Merfintone,

1776 1795 1920 1834 Johannes
1931 1798 1963 1827 de
1977 1797 2109 1836 Waniflet
2116 1820 2126 1837 ,

1777 1835 1875 1864 Adam
1890 1835 1922 1864 de
1937 1835 2098 1876 Muhreve,
2115 1833 2154 1872 ὅν

1778 1871 1943 1903 Willielmus
1957 1875 1989 1904 de
2004 1875 2162 1913 Grendone,

1267 1983 1380 2015 Actum
1394 1994 1488 2024 anno,
1506 1984 1677 2023 indiffione,
1693 1984 1739 2016 die
1752 1986 1784 2017 &
1798 1986 1867 2019 loco
1877 1987 2025 2028 praeditstis.

1451 2058 1637 2093 Praesentibus
1652 2061 1810 2094 Nobilibus
1823 2063 1897 2095 Viris
1910 2064 2064 2105 Dominis,

1229 2136 1361 2176 Johanne
1374 2139 1405 2168 de
1417 2140 1515 2169 Sano‘i‘o
1528 2136 1676 2178 Johanne,

1772 2132 1846 2180 Elya
1861 2141 1893 2170 de
1908 2140 2063 2180 Hauville,

1233 2176 1349 2206 Rober'to
1365 2175 1476 2216 Malet,

1780 2178 1903 2209 Gilberto
1916 2180 1947 2209 αἱ»
1961 2179 2080 2219 Robyre,

1269 2251 1308 2283 Et
1318 2253 1460 2285 nonnullis
1473 2253 1531 2284 aliis
1539 2276 1548 2293 ,
1567 2255 1616 2293 qui
1629 2253 1742 2285 aderant
1755 2262 1824 2285 tunc
1838 2254 1953 2287 ibidem.

1270 2328 1359 2360 Anno
1372 2330 1406 2361 &
1418 2329 1580 2362 Indidiione
1594 2331 1751 2370 praedietis,
1766 2330 1885 2363 Nobilis
1899 2331 1969 2371 Vir,

1269 2405 1432 2436 Willis-lmus
1445 2407 1477 2437 de
1493 2406 1622 2447 Douglaz
1629 2430 1640 2447 ,

1270 2481 1350 2512 Fecit
1363 2481 1523 2514 fidelitatem
1536 2483 1617 2514 didio
1632 2483 1766 2514 Domino
1781 2483 1873 2524 Regi,
1885 2481 1959 2522 apud
1973 2483 2172 2525 Thorestone,
2186 2487 2216 2518 in
2229 2485 2286 2519 Ca*

1232 2520 1304 2557 pella
1319 2520 1444 2550 Manerii
1457 2521 1583 2551 Domini
1598 2521 1719 2552 Walteri
1735 2521 1770 2552 de
1784 2522 1963 2562 Lyndeseye‚
1979 2525 2009 2553 in
2030 2534 2088 2562 quo
2109 2534 2177 2556 tunc
2197 2525 2288 2558 dictus

1234 2558 1382 2589 Dominus
1396 2558 1462 2589 Rex
1477 2559 1681 2597 hospitabatur,
1701 2561 1796 2598 quinta
1811 2561 1856 2590 die
1868 2562 1986 2593 intrante
1998 2563 2092 2593 mense
2100 2563 2200 2604 Julio,

1400 2633 1582 2666 Praesentibus
1596 2635 1808 2668 Venerabilibus
1819 2635 1947 2670 Patribus
1959 2637 2112 2679 Dominis,

1269 2713 1395 2741 Antonio
1406 2710 1581 2752 Dunelmenfi
1586 2735 1596 2750 ‚
1613 2709 1651 2747 &-

1271 2749 1367 2779 Alana
1380 2749 1541 2790 Cathanenfi
1549 2772 1558 2787 ,
1581 2753 1632 2780 Dei
1640 2750 1736 2789 gralia*
1752 2752 1900 2793 Epissopis,

1268 2787 1306 2819 Et
1319 2788 1411 2819 multis
1424 2789 1484 2819 aliis
1498 2788 1678 2820 existentibus
1691 2798 1759 2821 tunc
1778 2792 1892 2824 ibidem.

1270 2863 1358 2895 Anno
1371 2865 1404 2897 &
1419 2864 1580 2896 Indid'tione
1592 2866 1749 2906 praediffls,

1265 2942 1381 2979 Adam,
1394 2941 1496 2971 Abbas
1506 2943 1614 2974 SantJae
1628 2945 1718 2973 Crucis
1730 2944 1763 2974 de
1777 2942 1942 2984 Edenburg,
1960 2939 1999 2980 &-

1266 2981 1397 3010 Ricardus
1412 2979 1517 3020 Freftl,

1266 3057 1407 3088 Fecerunt
1420 3056 1580 3088 fidelitatem
1593 3057 1732 3095 praedino
1746 3056 1881 3089 Domino
1899 3058 1929 3089 R
1966 3061 1990 3098 i,
2008 3061 2037 3092 in
2057 3055 2172 3101 Capella
2192 3060 2283 3096 Casti-i

1230 3094 1407 3134 Puellarum,
1425 3096 1526 3127 oeiava
1541 3096 1587 3126 die
1601 3098 1720 3127 intrante
1734 3096 1815 3127 dieto
1827 3098 1922 3129 mense
1930 3069 2024 3138 ffilim

1448 3171 1631 3203 Praesentibus
1643 3171 1803 3205 Nobilibus
1815 3172 1888 3206 Visis
1901 3173 2054 3216 Dominis,

1263 3251 1307 3280 W
1305 3248 1402 3280 illelmo
1417 3249 1441 3279 le
1454 3252 1603 3290 Latymer,

1264 3287 1404 3327 Radulpho
1419 3288 1525 3328 Bafflt,
1543 3287 1746 3329 Constabulario
1761 3290 1826 3320 dim
1839 3289 1945 3331 castri,

1264 3327 1366 3357 Thomu
1380 3326 1404 3357 le
1415 3326 1522 3366 Husffir
1528 3349 1538 3365 ,

1265 3364 1303 3396 Et
1319 3365 1414 3396 multis
1427 3366 1499 3404 aliis,
1517 3365 1564 3404 qui
1580 3364 1692 3398 aderant
1705 3374 1775 3398 tunc
1789 3366 1906 3398 ibidem.

1263 3440 1352 3520 Anne?
1364 3443 1398 3511 &135
1412 3442 1565 3473 indictione
1577 3442 1735 3482 praedictis,
1753 3443 1923 3475 duodecima
1937 3442 1984 3475 die
2002 3444 2120 3476 intrante
2140 3444 2278 3483 praedicto·

1227 3490 1295 3513 men
1306 3491 1323 3511 e
1352 3492 1370 3512 u
1381 3492 1425 3521 10,

1266 3557 1430 3588 Willielmus
1446 3555 1584 3596 Epifiopus
1599 3550 1822 3599 Dumhlanenfis,

1265 3596 1390 3640 Malifius
1404 3600 1492 3626 Comes
1506 3597 1538 3625 de
1551 3596 1730 3635 stratherne,

1265 3636 1409 3674 Galfridus
1420 3636 1450 3665 de
1465 3634 1614 3675 Montbray
1622 3657 1632 3673 2
1651 3632 1690 3670 ῤ’

1268 3677 1312 3705 W
1309 3673 1430 3704 illielmus
1444 3674 1475 3702 de
1489 3672 1654 3712 Rothevan,

1269 3751 1407 3783 Fecerunt
1422 3748 1582 3779 fidelitatem
1599 3748 1679 3780 didio
1693 3748 1829 3780 Domino
1842 3745 1936 3788 Regi,
1952 3750 1984 3780 in
1995 3745 2100 3782 Castro
2117 3749 2155 3785 dg
2173 3751 2278 3788 Suivg„

1229 3791 1294 3831 lyn,
1312 3798 1411 3822 coram
1423 3786 1553 3818 Consilio
1566 3787 1648 3825 ipsius
1663 3787 1786 3818 Domini
1799 3787 1904 3827 Regis,

1499 3857 1682 3896 Praesentibus
1692 3864 1896 3896 venerabilibus
1909 3862 2036 3899 Patribus
2040 3889 2053 3907 ,

1269 3945 1394 3976 Antonio
1408 3939 1593 3982 Dunelmenfi‚

1270 3982 1385 4015 Robmo
1396 3980 1450 4011 Gla
1460 3979 1566 4020 guenfi,
1584 3978 1623 4017 &—

1271 4021 1367 4054 Alana
1381 4023 1434 4051 Cat
1455 4018 1544 4058 anenfi
1552 4041 1563 4057 ‚
1576 4020 1632 4052 Dei
1640 4018 1737 4060 gratia
1750 4017 1896 4060 Episcopis,
1912 4016 1953 4059 ό*
2227 4054 2293 4088 No,
