<?xml version="1.0" encoding="UTF-8"?>
<!DOCTYPE html PUBLIC "-//W3C//DTD XHTML 1.0 Transitional//EN"
    "http://www.w3.org/TR/xhtml1/DTD/xhtml1-transitional.dtd">
<html xmlns="http://www.w3.org/1999/xhtml" xml:lang="en" lang="en">
 <head>
  <title>
</title>
<meta http-equiv="Content-Type" content="text/html;charset=utf-8" />
  <meta name='ocr-system' content='tesseract 3.04.00' />
  <meta name='ocr-capabilities' content='ocr_page ocr_carea ocr_par ocr_line ocrx_word'/>
</head>
<body>
  <div class='ocr_page' id='page_1' title='image "./fderaconventione01ryme_0136.png"; bbox 0 0 2570 4261; ppageno 0'>
   <div class='ocr_carea' id='block_1_1' title="bbox 217 120 1296 197">
    <p class='ocr_par' dir='ltr' id='par_1_1' title="bbox 217 120 1296 197">
     <span class='ocr_line' id='line_1_1' title="bbox 217 120 1296 197; baseline -0.017 -15"><span class='ocrx_word' id='word_1_1' title='bbox 217 156 272 197; x_wconf 86' lang='lat'>74</span> <span class='ocrx_word' id='word_1_2' title='bbox 646 120 1296 197; x_wconf 80' lang='lat' dir='ltr'>CONVENTION</span> 
     </span>
    </p>
   </div>
   <div class='ocr_carea' id='block_1_2' title="bbox 69 215 1288 489">
    <p class='ocr_par' dir='ltr' id='par_1_2' title="bbox 69 215 1288 458">
     <span class='ocr_line' id='line_1_2' title="bbox 69 215 1282 265; baseline -0.012 -7"><span class='ocrx_word' id='word_1_3' title='bbox 69 226 145 258; x_wconf 73' lang='lat' dir='ltr'>Arm.</span> <span class='ocrx_word' id='word_1_4' title='bbox 158 224 199 256; x_wconf 91' lang='lat' dir='ltr'>D.</span> <span class='ocrx_word' id='word_1_5' title='bbox 256 226 337 258; x_wconf 90' lang='lat' dir='ltr'>Cum</span> <span class='ocrx_word' id='word_1_6' title='bbox 356 225 438 265; x_wconf 87' lang='lat' dir='ltr'>igitur</span> <span class='ocrx_word' id='word_1_7' title='bbox 457 223 507 255; x_wconf 90' lang='lat' dir='ltr'>tibi</span> <span class='ocrx_word' id='word_1_8' title='bbox 527 220 609 260; x_wconf 82' lang='lat' dir='ltr'>poffit</span> <span class='ocrx_word' id='word_1_9' title='bbox 629 219 759 251; x_wconf 86' lang='lat' dir='ltr'>constare</span> <span class='ocrx_word' id='word_1_10' title='bbox 781 219 880 251; x_wconf 89' lang='lat' dir='ltr'>melius</span> <span class='ocrx_word' id='word_1_11' title='bbox 900 217 1099 257; x_wconf 71' lang='lat' dir='ltr'>de&#39;praediffls</span> <span class='ocrx_word' id='word_1_12' title='bbox 1115 215 1170 261; x_wconf 53' lang='lat' dir='ltr'>,id</span> <span class='ocrx_word' id='word_1_13' title='bbox 1185 219 1282 258; x_wconf 81' lang='lat' dir='ltr'>provl-</span> 
     </span>
     <span class='ocr_line' id='line_1_3' title="bbox 92 253 1285 297; baseline -0.01 -3"><span class='ocrx_word' id='word_1_14' title='bbox 92 274 176 296; x_wconf 76' lang='lat'>1217.</span> <span class='ocrx_word' id='word_1_15' title='bbox 219 266 320 297; x_wconf 67' lang='lat' dir='ltr'>dentiae</span> <span class='ocrx_word' id='word_1_16' title='bbox 342 274 398 295; x_wconf 71' lang='lat' dir='ltr'>tuae</span> <span class='ocrx_word' id='word_1_17' title='bbox 420 263 548 292; x_wconf 59' lang='lat' dir='ltr'>dutimus</span> <span class='ocrx_word' id='word_1_18' title='bbox 571 258 814 290; x_wconf 81' lang='lat' dir='ltr'>committendum</span> <span class='ocrx_word' id='word_1_19' title='bbox 827 281 837 297; x_wconf 84' lang='lat'>,</span> <span class='ocrx_word' id='word_1_20' title='bbox 884 268 913 288; x_wconf 87' lang='lat' dir='ltr'>er</span> <span class='ocrx_word' id='word_1_21' title='bbox 931 257 1086 296; x_wconf 85' lang='lat' dir='ltr'>apostolica</span> <span class='ocrx_word' id='word_1_22' title='bbox 1114 255 1165 286; x_wconf 85' lang='lat' dir='ltr'>tibi</span> <span class='ocrx_word' id='word_1_23' title='bbox 1185 253 1285 296; x_wconf 77' lang='lat' dir='ltr'>scripta</span> 
     </span>
     <span class='ocr_line' id='line_1_4' title="bbox 69 291 1285 341; baseline -0.016 -3"><span class='ocrx_word' id='word_1_24' title='bbox 69 308 133 333; x_wconf 71' lang='lat' dir='ltr'>Hm-</span> <span class='ocrx_word' id='word_1_25' title='bbox 153 313 178 341; x_wconf 85' lang='lat'>3-</span> <span class='ocrx_word' id='word_1_26' title='bbox 221 304 397 340; x_wconf 78' lang='lat' dir='ltr'>mandantes,</span> <span class='ocrx_word' id='word_1_27' title='bbox 417 302 561 340; x_wconf 75' lang='lat' dir='ltr'>quatinus,</span> <span class='ocrx_word' id='word_1_28' title='bbox 579 298 711 328; x_wconf 88' lang='lat' dir='ltr'>universis</span> <span class='ocrx_word' id='word_1_29' title='bbox 722 297 853 336; x_wconf 90' lang='lat' dir='ltr'>hujusmo</span> <span class='ocrx_word' id='word_1_30' title='bbox 875 297 1042 336; x_wconf 83' lang='lat' dir='ltr'>&#39;negotium</span> <span class='ocrx_word' id='word_1_31' title='bbox 1053 291 1285 337; x_wconf 74' lang='lat' dir='ltr'>contingentibus</span> 
     </span>
     <span class='ocr_line' id='line_1_5' title="bbox 221 329 1281 378; baseline -0.014 -4"><span class='ocrx_word' id='word_1_32' title='bbox 221 344 338 375; x_wconf 73' lang='lat' dir='ltr'>sonicite</span> <span class='ocrx_word' id='word_1_33' title='bbox 357 340 507 378; x_wconf 84' lang='lat' dir='ltr'>indagatis,</span> <span class='ocrx_word' id='word_1_34' title='bbox 531 337 610 375; x_wconf 88' lang='lat' dir='ltr'>super</span> <span class='ocrx_word' id='word_1_35' title='bbox 631 337 700 374; x_wconf 82' lang='lat' dir='ltr'>hiis,</span> <span class='ocrx_word' id='word_1_36' title='bbox 716 336 827 367; x_wconf 86' lang='lat' dir='ltr'>sublato</span> <span class='ocrx_word' id='word_1_37' title='bbox 839 336 987 375; x_wconf 83' lang='lat' dir='ltr'>cujussibet</span> <span class='ocrx_word' id='word_1_38' title='bbox 999 332 1233 366; x_wconf 60' lang='lat' dir='ltr'>contraditionis</span> <span class='ocrx_word' id='word_1_39' title='bbox 1247 329 1281 359; x_wconf 72' lang='grc' dir='ltr'>δε</span> 
     </span>
     <span class='ocr_line' id='line_1_6' title="bbox 220 369 1287 420; baseline -0.015 -8"><span class='ocrx_word' id='word_1_40' title='bbox 220 380 411 420; x_wconf 79' lang='lat' dir='ltr'>appellationis</span> <span class='ocrx_word' id='word_1_41' title='bbox 424 376 649 415; x_wconf 77' lang='lat' dir='ltr'>impedimenm,</span> <span class='ocrx_word' id='word_1_42' title='bbox 668 375 796 414; x_wconf 82' lang='lat' dir='ltr'>disponas</span> <span class='ocrx_word' id='word_1_43' title='bbox 810 383 868 406; x_wconf 88' lang='lat' dir='ltr'>tam</span> <span class='ocrx_word' id='word_1_44' title='bbox 882 374 919 405; x_wconf 93' lang='lat' dir='ltr'>de</span> <span class='ocrx_word' id='word_1_45' title='bbox 929 375 1129 415; x_wconf 81' lang='lat' dir='ltr'>capite,quam</span> <span class='ocrx_word' id='word_1_46' title='bbox 1144 369 1180 413; x_wconf 80' lang='lat' dir='ltr'>de</span> <span class='ocrx_word' id='word_1_47' title='bbox 1192 376 1287 397; x_wconf 89' lang='lat' dir='ltr'>mem-</span> 
     </span>
     <span class='ocr_line' id='line_1_7' title="bbox 222 409 1288 458; baseline -0.01 -9"><span class='ocrx_word' id='word_1_48' title='bbox 222 422 295 458; x_wconf 76' lang='lat' dir='ltr'>bris,</span> <span class='ocrx_word' id='word_1_49' title='bbox 310 417 404 457; x_wconf 87' lang='lat' dir='ltr'>quod,</span> <span class='ocrx_word' id='word_1_50' title='bbox 423 415 578 448; x_wconf 88' lang='lat' dir='ltr'>secundum</span> <span class='ocrx_word' id='word_1_51' title='bbox 591 414 685 447; x_wconf 86' lang='lat' dir='ltr'>datam</span> <span class='ocrx_word' id='word_1_52' title='bbox 697 415 748 446; x_wconf 87' lang='lat' dir='ltr'>tibi</span> <span class='ocrx_word' id='word_1_53' title='bbox 761 424 777 446; x_wconf 86' lang='lat' dir='ltr'>a</span> <span class='ocrx_word' id='word_1_54' title='bbox 792 413 867 446; x_wconf 86' lang='lat' dir='ltr'>Deo</span> <span class='ocrx_word' id='word_1_55' title='bbox 877 412 1071 453; x_wconf 79' lang='lat' dir='ltr'>prudentiam,</span> <span class='ocrx_word' id='word_1_56' title='bbox 1087 409 1187 441; x_wconf 75' lang='lat' dir='ltr'>videsis</span> <span class='ocrx_word' id='word_1_57' title='bbox 1202 415 1288 444; x_wconf 84' lang='lat' dir='ltr'>expe-</span> 
     </span>
    </p>

    <p class='ocr_par' dir='ltr' id='par_1_3' title="bbox 221 459 289 489">
     <span class='ocr_line' id='line_1_8' title="bbox 221 459 289 489; baseline -0.029 0"><span class='ocrx_word' id='word_1_58' title='bbox 221 459 289 489; x_wconf 85' lang='lat' dir='ltr'>dire.</span> 
     </span>
    </p>
   </div>
   <div class='ocr_carea' id='block_1_3' title="bbox 262 523 1235 645">
    <p class='ocr_par' dir='ltr' id='par_1_4' title="bbox 262 523 1235 645">
     <span class='ocr_line' id='line_1_9' title="bbox 262 523 1235 573; baseline -0.012 -10"><span class='ocrx_word' id='word_1_59' title='bbox 262 533 329 563; x_wconf 90' lang='lat' dir='ltr'>Dat.</span> <span class='ocrx_word' id='word_1_60' title='bbox 350 532 495 573; x_wconf 81' lang='lat' dir='ltr'>Anagniae.</span> <span class='ocrx_word' id='word_1_61' title='bbox 512 532 550 563; x_wconf 86' lang='lat' dir='ltr'>iii</span> <span class='ocrx_word' id='word_1_62' title='bbox 569 530 612 563; x_wconf 91' lang='lat' dir='ltr'>Id.</span> <span class='ocrx_word' id='word_1_63' title='bbox 626 530 703 570; x_wconf 87' lang='lat' dir='ltr'>Julii.</span> <span class='ocrx_word' id='word_1_64' title='bbox 720 529 904 562; x_wconf 79' lang='lat' dir='ltr'>pontificatus</span> <span class='ocrx_word' id='word_1_65' title='bbox 918 526 1008 559; x_wconf 88' lang='lat' dir='ltr'>nostri</span> <span class='ocrx_word' id='word_1_66' title='bbox 1023 526 1113 558; x_wconf 91' lang='lat' dir='ltr'>Anno</span> <span class='ocrx_word' id='word_1_67' title='bbox 1126 523 1235 556; x_wconf 88' lang='lat' dir='ltr'>Primo.</span> 
     </span>
     <span class='ocr_line' id='line_1_10' title="bbox 560 599 1184 645; baseline -0.013 -8"><span class='ocrx_word' id='word_1_68' title='bbox 560 607 685 637; x_wconf 80' lang='lat' dir='ltr'>Plumbeo</span> <span class='ocrx_word' id='word_1_69' title='bbox 698 605 790 644; x_wconf 78' lang='lat' dir='ltr'>sigillo</span> <span class='ocrx_word' id='word_1_70' title='bbox 799 630 814 643; x_wconf 94' lang='lat'>,.</span> <span class='ocrx_word' id='word_1_71' title='bbox 820 606 954 644; x_wconf 77' lang='lat' dir='ltr'>pendente</span> <span class='ocrx_word' id='word_1_72' title='bbox 968 615 986 632; x_wconf 89' lang='lat' dir='ltr'>a</span> <span class='ocrx_word' id='word_1_73' title='bbox 992 601 1045 645; x_wconf 87' lang='lat' dir='ltr'>filo</span> <span class='ocrx_word' id='word_1_74' title='bbox 1060 599 1184 631; x_wconf 81' lang='lat' dir='ltr'>canabeo.</span> 
     </span>
    </p>
   </div>
   <div class='ocr_carea' id='block_1_4' title="bbox 231 676 1289 695">
    <p class='ocr_par' dir='ltr' id='par_1_5' title="bbox 231 676 1289 695">
     <span class='ocr_line' id='line_1_11' title="bbox 231 676 1289 695; baseline 0 3566"><span class='ocrx_word' id='word_1_75' title='bbox 231 676 1289 695; x_wconf 95' lang='lat' dir='ltr'> </span> 
     </span>
    </p>
   </div>
   <div class='ocr_carea' id='block_1_5' title="bbox 227 723 1297 827">
    <p class='ocr_par' dir='ltr' id='par_1_6' title="bbox 227 723 1297 827">
     <span class='ocr_line' id='line_1_12' title="bbox 227 723 1297 784; baseline -0.013 -14"><span class='ocrx_word' id='word_1_76' title='bbox 227 739 347 770; x_wconf 79' lang='lat' dir='ltr'>Litterae</span> <span class='ocrx_word' id='word_1_77' title='bbox 362 748 417 784; x_wconf 87' lang='lat' dir='ltr'>per</span> <span class='ocrx_word' id='word_1_78' title='bbox 432 737 602 770; x_wconf 85' lang='lat' dir='ltr'>Henricum</span> <span class='ocrx_word' id='word_1_79' title='bbox 618 736 728 780; x_wconf 84' lang='lat' dir='ltr'><em>Regem</em></span> <span class='ocrx_word' id='word_1_80' title='bbox 743 732 828 778; x_wconf 71' lang='lat' dir='ltr'>mtffe</span> <span class='ocrx_word' id='word_1_81' title='bbox 844 727 1011 766; x_wconf 69' lang='lat' dir='ltr'>Baronibus</span> <span class='ocrx_word' id='word_1_82' title='bbox 1029 727 1171 762; x_wconf 62' lang='lat' dir='ltr'>Piffaviae</span> <span class='ocrx_word' id='word_1_83' title='bbox 1179 752 1190 768; x_wconf 91' lang='lat'><em>‚</em></span> <span class='ocrx_word' id='word_1_84' title='bbox 1213 723 1297 773; x_wconf 85' lang='lat' dir='ltr'>quod</span> 
     </span>
     <span class='ocr_line' id='line_1_13' title="bbox 467 779 1067 827; baseline -0.012 -11"><span class='ocrx_word' id='word_1_85' title='bbox 467 785 614 816; x_wconf 76' lang='lat' dir='ltr'>Matrem</span> <span class='ocrx_word' id='word_1_86' title='bbox 624 782 721 827; x_wconf 68' lang='lat' dir='ltr'>sicam</span> <span class='ocrx_word' id='word_1_87' title='bbox 736 779 891 825; x_wconf 63' lang='lat' dir='ltr'>honorifice</span> <span class='ocrx_word' id='word_1_88' title='bbox 908 781 1067 825; x_wconf 71' lang='lat' dir='ltr'>excipmm.</span> 
     </span>
    </p>
   </div>
   <div class='ocr_carea' id='block_1_6' title="bbox 76 859 1307 1992">
    <p class='ocr_par' dir='ltr' id='par_1_7' title="bbox 295 859 1298 946">
     <span class='ocr_line' id='line_1_14' title="bbox 295 859 1298 901; baseline -0.011 -1"><span class='ocrx_word' id='word_1_89' title='bbox 295 867 362 901; x_wconf 87' lang='lat' dir='ltr'>EX</span> <span class='ocrx_word' id='word_1_90' title='bbox 388 867 496 899; x_wconf 70' lang='lat' dir='ltr'>dileffis</span> <span class='ocrx_word' id='word_1_91' title='bbox 514 868 549 899; x_wconf 75' lang='grc' dir='ltr'>δε</span> <span class='ocrx_word' id='word_1_92' title='bbox 567 866 695 898; x_wconf 86' lang='lat' dir='ltr'>fidelibus</span> <span class='ocrx_word' id='word_1_93' title='bbox 714 865 767 897; x_wconf 90' lang='lat' dir='ltr'>suis</span> <span class='ocrx_word' id='word_1_94' title='bbox 787 864 953 897; x_wconf 90' lang='lat' dir='ltr'>Comitibus</span> <span class='ocrx_word' id='word_1_95' title='bbox 965 887 975 901; x_wconf 89' lang='lat'>,</span> <span class='ocrx_word' id='word_1_96' title='bbox 998 861 1155 893; x_wconf 82' lang='lat' dir='ltr'>Batonibus</span> <span class='ocrx_word' id='word_1_97' title='bbox 1167 884 1178 899; x_wconf 93' lang='lat'>,</span> <span class='ocrx_word' id='word_1_98' title='bbox 1193 860 1227 892; x_wconf 92' lang='lat'>&amp;</span> <span class='ocrx_word' id='word_1_99' title='bbox 1241 859 1298 891; x_wconf 87' lang='lat' dir='ltr'>aliis</span> 
     </span>
     <span class='ocr_line' id='line_1_15' title="bbox 306 903 1155 946; baseline -0.009 -8"><span class='ocrx_word' id='word_1_100' title='bbox 306 908 455 946; x_wconf 68' lang='lat' dir='ltr'>Pietaviae,</span> <span class='ocrx_word' id='word_1_101' title='bbox 471 906 618 945; x_wconf 83' lang='lat' dir='ltr'>praesentes</span> <span class='ocrx_word' id='word_1_102' title='bbox 631 906 734 936; x_wconf 85' lang='lat' dir='ltr'>litteras</span> <span class='ocrx_word' id='word_1_103' title='bbox 747 903 927 943; x_wconf 72' lang='lat' dir='ltr'>inspecturis,</span> <span class='ocrx_word' id='word_1_104' title='bbox 945 903 1069 932; x_wconf 87' lang='lat' dir='ltr'>salutem.</span> <span class='ocrx_word' id='word_1_105' title='bbox 1150 939 1155 945; x_wconf 43' lang='lat'><em>·</em></span> 
     </span>
    </p>

    <p class='ocr_par' dir='ltr' id='par_1_8' title="bbox 76 938 1299 1251">
     <span class='ocr_line' id='line_1_16' title="bbox 76 938 1298 988; baseline -0.011 -8"><span class='ocrx_word' id='word_1_106' title='bbox 76 953 114 979; x_wconf 81' lang='lat' dir='ltr'>A.</span> <span class='ocrx_word' id='word_1_107' title='bbox 138 960 161 979; x_wconf 86' lang='grc' dir='ltr'>ι,</span> <span class='ocrx_word' id='word_1_108' title='bbox 271 947 322 978; x_wconf 92' lang='lat' dir='ltr'>De</span> <span class='ocrx_word' id='word_1_109' title='bbox 332 948 413 977; x_wconf 90' lang='lat' dir='ltr'>bono</span> <span class='ocrx_word' id='word_1_110' title='bbox 424 947 457 978; x_wconf 73' lang='lat' dir='ltr'>&lt;Sc</span> <span class='ocrx_word' id='word_1_111' title='bbox 473 945 546 976; x_wconf 85' lang='lat' dir='ltr'>fideli</span> <span class='ocrx_word' id='word_1_112' title='bbox 560 945 672 976; x_wconf 87' lang='lat' dir='ltr'>servitio</span> <span class='ocrx_word' id='word_1_113' title='bbox 685 943 800 982; x_wconf 88' lang='lat' dir='ltr'>vestro,</span> <span class='ocrx_word' id='word_1_114' title='bbox 817 953 879 988; x_wconf 79' lang='lat' dir='ltr'>non</span> <span class='ocrx_word' id='word_1_115' title='bbox 890 941 982 986; x_wconf 76' lang='lat' dir='ltr'>solum</span> <span class='ocrx_word' id='word_1_116' title='bbox 994 941 1030 970; x_wconf 90' lang='lat' dir='ltr'>ab</span> <span class='ocrx_word' id='word_1_117' title='bbox 1044 938 1228 985; x_wconf 81' lang='lat' dir='ltr'>hominibuS,</span> <span class='ocrx_word' id='word_1_118' title='bbox 1247 947 1298 981; x_wconf 77' lang='lat' dir='ltr'>ye-</span> 
     </span>
     <span class='ocr_line' id='line_1_17' title="bbox 77 977 1299 1065; baseline -0.008 -9"><span class='ocrx_word' id='word_1_119' title='bbox 77 994 186 1058; x_wconf 49' lang='grc' dir='ltr'>ῗᾼέὶ.</span> <span class='ocrx_word' id='word_1_120' title='bbox 229 977 1299 1065; x_wconf 47' lang='grc' dir='ltr'>ΕῐέωῗῗζέηῗηῗῑῗοςὲὣῧῗὲῗἚέιῗίίςῖθὲἶέῗπᾬῖοὲἓῖἓξὲἳ3,),Ἣῗιῖηῗ</span> 
     </span>
     <span class='ocr_line' id='line_1_18' title="bbox 78 1054 1298 1103; baseline -0.011 -6"><span class='ocrx_word' id='word_1_121' title='bbox 78 1071 114 1095; x_wconf 79' lang='lat' dir='ltr'>H·</span> <span class='ocrx_word' id='word_1_122' title='bbox 130 1075 156 1103; x_wconf 81' lang='lat'>3·</span> <span class='ocrx_word' id='word_1_123' title='bbox 169 1076 207 1096; x_wconf 79' lang='lat' dir='ltr'>m.</span> <span class='ocrx_word' id='word_1_124' title='bbox 233 1065 370 1102; x_wconf 75' lang='lat' dir='ltr'>tascumq3</span> <span class='ocrx_word' id='word_1_125' title='bbox 389 1062 537 1102; x_wconf 82' lang='lat' dir='ltr'>poffutnus</span> <span class='ocrx_word' id='word_1_126' title='bbox 557 1061 728 1093; x_wconf 80' lang='lat' dir='ltr'>universitati</span> <span class='ocrx_word' id='word_1_127' title='bbox 741 1060 842 1091; x_wconf 84' lang='lat' dir='ltr'>vestrae</span> <span class='ocrx_word' id='word_1_128' title='bbox 860 1058 1029 1090; x_wconf 80' lang='lat' dir='ltr'>exsolvimus</span> <span class='ocrx_word' id='word_1_129' title='bbox 1040 1058 1194 1101; x_wconf 80' lang='lat' dir='ltr'>gratiarum</span> <span class='ocrx_word' id='word_1_130' title='bbox 1207 1054 1298 1084; x_wconf 71' lang='lat' dir='ltr'>acho-</span> 
     </span>
     <span class='ocr_line' id='line_1_19' title="bbox 233 1092 1299 1139; baseline -0.01 -6"><span class='ocrx_word' id='word_1_131' title='bbox 233 1113 291 1133; x_wconf 79' lang='lat' dir='ltr'>nes.</span> <span class='ocrx_word' id='word_1_132' title='bbox 311 1103 362 1133; x_wconf 91' lang='lat' dir='ltr'>Ro</span> <span class='ocrx_word' id='word_1_133' title='bbox 382 1110 458 1132; x_wconf 81' lang='lat' dir='ltr'>antes</span> <span class='ocrx_word' id='word_1_134' title='bbox 479 1108 616 1139; x_wconf 88' lang='lat' dir='ltr'>quatenus</span> <span class='ocrx_word' id='word_1_135' title='bbox 633 1099 663 1130; x_wconf 95' lang='lat' dir='ltr'>id</span> <span class='ocrx_word' id='word_1_136' title='bbox 675 1123 685 1138; x_wconf 87' lang='lat'>,</span> <span class='ocrx_word' id='word_1_137' title='bbox 711 1098 790 1137; x_wconf 89' lang='lat' dir='ltr'>quod</span> <span class='ocrx_word' id='word_1_138' title='bbox 805 1099 879 1129; x_wconf 90' lang='lat' dir='ltr'>bene</span> <span class='ocrx_word' id='word_1_139' title='bbox 895 1098 1004 1135; x_wconf 84' lang='lat' dir='ltr'>semper</span> <span class='ocrx_word' id='word_1_140' title='bbox 1019 1095 1138 1132; x_wconf 81' lang='lat' dir='ltr'>fecistis,</span> <span class='ocrx_word' id='word_1_141' title='bbox 1156 1094 1191 1125; x_wconf 87' lang='lat'>&amp;</span> <span class='ocrx_word' id='word_1_142' title='bbox 1204 1092 1299 1123; x_wconf 85' lang='lat' dir='ltr'>lauda-</span> 
     </span>
     <span class='ocr_line' id='line_1_20' title="bbox 232 1133 1299 1181; baseline -0.01 -9"><span class='ocrx_word' id='word_1_143' title='bbox 232 1142 342 1181; x_wconf 83' lang='lat' dir='ltr'>biliter,</span> <span class='ocrx_word' id='word_1_144' title='bbox 400 1151 417 1171; x_wconf 91' lang='lat' dir='ltr'>e</span> <span class='ocrx_word' id='word_1_145' title='bbox 431 1138 605 1171; x_wconf 87' lang='lat' dir='ltr'>concludatis</span> <span class='ocrx_word' id='word_1_146' title='bbox 619 1139 744 1169; x_wconf 87' lang='lat' dir='ltr'>meliori·</span> <span class='ocrx_word' id='word_1_147' title='bbox 764 1145 797 1169; x_wconf 91' lang='lat' dir='ltr'>ut</span> <span class='ocrx_word' id='word_1_148' title='bbox 808 1137 891 1168; x_wconf 89' lang='lat' dir='ltr'>vobis</span> <span class='ocrx_word' id='word_1_149' title='bbox 905 1137 1012 1166; x_wconf 89' lang='lat' dir='ltr'>merito</span> <span class='ocrx_word' id='word_1_150' title='bbox 1024 1133 1059 1164; x_wconf 92' lang='lat' dir='ltr'>ad</span> <span class='ocrx_word' id='word_1_151' title='bbox 1072 1140 1217 1172; x_wconf 87' lang='lat' dir='ltr'>perpetuas</span> <span class='ocrx_word' id='word_1_152' title='bbox 1236 1140 1299 1176; x_wconf 80' lang='lat' dir='ltr'>gra-</span> 
     </span>
     <span class='ocr_line' id='line_1_21' title="bbox 232 1161 1298 1250; baseline -0.01 -39"><span class='ocrx_word' id='word_1_153' title='bbox 232 1181 335 1250; x_wconf 49' lang='lat' dir='ltr'>tiarutgi</span> <span class='ocrx_word' id='word_1_154' title='bbox 346 1189 503 1249; x_wconf 54' lang='lat' dir='ltr'>geneamut·</span> <span class='ocrx_word' id='word_1_155' title='bbox 518 1178 663 1217; x_wconf 64' lang='lat' dir='ltr'>actiones,</span> <span class='ocrx_word' id='word_1_156' title='bbox 680 1177 714 1209; x_wconf 85' lang='lat'>&amp;</span> <span class='ocrx_word' id='word_1_157' title='bbox 727 1161 814 1207; x_wconf 76' lang='lat' dir='ltr'>iidem</span> <span class='ocrx_word' id='word_1_158' title='bbox 825 1174 953 1207; x_wconf 86' lang='lat' dir='ltr'>vestram</span> <span class='ocrx_word' id='word_1_159' title='bbox 966 1174 1049 1214; x_wconf 84' lang='lat' dir='ltr'>digna</span> <span class='ocrx_word' id='word_1_160' title='bbox 1063 1170 1196 1204; x_wconf 87' lang='lat' dir='ltr'>mercede</span> <span class='ocrx_word' id='word_1_161' title='bbox 1212 1171 1298 1210; x_wconf 81' lang='lat' dir='ltr'>respi-</span> 
     </span>
     <span class='ocr_line' id='line_1_22' title="bbox 231 1228 471 1251; baseline -0.013 -1"><span class='ocrx_word' id='word_1_162' title='bbox 231 1230 297 1251; x_wconf 86' lang='lat' dir='ltr'>cere</span> <span class='ocrx_word' id='word_1_163' title='bbox 331 1229 346 1250; x_wconf 87' lang='lat' dir='ltr'>e</span> <span class='ocrx_word' id='word_1_164' title='bbox 368 1228 471 1249; x_wconf 84' lang='lat' dir='ltr'>eamus.</span> 
     </span>
    </p>

    <p class='ocr_par' dir='ltr' id='par_1_9' title="bbox 231 1249 1307 1946">
     <span class='ocr_line' id='line_1_23' title="bbox 272 1249 1301 1294; baseline -0.011 -5"><span class='ocrx_word' id='word_1_165' title='bbox 272 1257 353 1289; x_wconf 89' lang='lat' dir='ltr'>Cum</span> <span class='ocrx_word' id='word_1_166' title='bbox 367 1266 462 1288; x_wconf 84' lang='lat' dir='ltr'>autem</span> <span class='ocrx_word' id='word_1_167' title='bbox 476 1255 508 1287; x_wconf 81' lang='lat' dir='ltr'>sit</span> <span class='ocrx_word' id='word_1_168' title='bbox 523 1255 667 1287; x_wconf 89' lang='lat' dir='ltr'>summum</span> <span class='ocrx_word' id='word_1_169' title='bbox 680 1255 714 1286; x_wconf 66' lang='grc' dir='ltr'>ὃς</span> <span class='ocrx_word' id='word_1_170' title='bbox 726 1254 904 1293; x_wconf 86' lang='lat' dir='ltr'>praecipuum</span> <span class='ocrx_word' id='word_1_171' title='bbox 918 1251 1059 1283; x_wconf 87' lang='lat' dir='ltr'>Dorninae</span> <span class='ocrx_word' id='word_1_172' title='bbox 1071 1251 1193 1294; x_wconf 74' lang='lat' dir='ltr'>Reginae</span> <span class='ocrx_word' id='word_1_173' title='bbox 1205 1249 1301 1280; x_wconf 90' lang='lat' dir='ltr'>matris</span> 
     </span>
     <span class='ocr_line' id='line_1_24' title="bbox 233 1287 1302 1332; baseline -0.01 -4"><span class='ocrx_word' id='word_1_174' title='bbox 233 1297 340 1328; x_wconf 79' lang='lat' dir='ltr'>nostrae</span> <span class='ocrx_word' id='word_1_175' title='bbox 352 1297 518 1328; x_wconf 82' lang='lat' dir='ltr'>desiderium</span> <span class='ocrx_word' id='word_1_176' title='bbox 531 1295 619 1326; x_wconf 86' lang='lat' dir='ltr'>natale</span> <span class='ocrx_word' id='word_1_177' title='bbox 630 1294 738 1332; x_wconf 84' lang='lat' dir='ltr'>solum,</span> <span class='ocrx_word' id='word_1_178' title='bbox 756 1293 890 1323; x_wconf 59' lang='lat' dir='ltr'>haitenus</span> <span class='ocrx_word' id='word_1_179' title='bbox 901 1292 938 1322; x_wconf 89' lang='lat' dir='ltr'>ab</span> <span class='ocrx_word' id='word_1_180' title='bbox 952 1291 985 1322; x_wconf 68' lang='lat' dir='ltr'>ea</span> <span class='ocrx_word' id='word_1_181' title='bbox 996 1301 1058 1322; x_wconf 89' lang='lat' dir='ltr'>non</span> <span class='ocrx_word' id='word_1_182' title='bbox 1069 1292 1224 1328; x_wconf 78' lang='lat' dir='ltr'>vihtatum,</span> <span class='ocrx_word' id='word_1_183' title='bbox 1240 1287 1302 1318; x_wconf 91' lang='lat' dir='ltr'>vel-</span> 
     </span>
     <span class='ocr_line' id='line_1_25' title="bbox 234 1328 1300 1376; baseline -0.008 -10"><span class='ocrx_word' id='word_1_184' title='bbox 234 1336 263 1367; x_wconf 91' lang='lat' dir='ltr'>le</span> <span class='ocrx_word' id='word_1_185' title='bbox 275 1336 427 1375; x_wconf 66' lang='lat' dir='ltr'>respicere,</span> <span class='ocrx_word' id='word_1_186' title='bbox 443 1344 497 1365; x_wconf 88' lang='lat' dir='ltr'>nec</span> <span class='ocrx_word' id='word_1_187' title='bbox 512 1332 666 1376; x_wconf 80' lang='lat' dir='ltr'>poffimus,</span> <span class='ocrx_word' id='word_1_188' title='bbox 684 1332 763 1363; x_wconf 90' lang='lat' dir='ltr'>idem</span> <span class='ocrx_word' id='word_1_189' title='bbox 777 1331 928 1368; x_wconf 85' lang='lat' dir='ltr'>nolumus,</span> <span class='ocrx_word' id='word_1_190' title='bbox 946 1329 1027 1372; x_wconf 78' lang='lat' dir='ltr'>quod</span> <span class='ocrx_word' id='word_1_191' title='bbox 1040 1328 1161 1374; x_wconf 85' lang='lat' dir='ltr'>moleste</span> <span class='ocrx_word' id='word_1_192' title='bbox 1174 1328 1300 1372; x_wconf 63' lang='lat' dir='ltr'>ferimus,</span> 
     </span>
     <span class='ocr_line' id='line_1_26' title="bbox 231 1366 1301 1443; baseline -0.007 -1"><span class='ocrx_word' id='word_1_193' title='bbox 231 1375 463 1443; x_wconf 49' lang='lat' dir='ltr'>3225&amp;ssssan</span> <span class='ocrx_word' id='word_1_194' title='bbox 475 1370 873 1442; x_wconf 52' lang='lat' dir='ltr'>iiiissssffeinffiissesfflcffi</span> <span class='ocrx_word' id='word_1_195' title='bbox 883 1366 1301 1439; x_wconf 50' lang='lat' dir='ltr'>‘ffingggssgfflgessgggrgg</span> 
     </span>
     <span class='ocr_line' id='line_1_27' title="bbox 235 1434 1302 1490; baseline -0.008 -8"><span class='ocrx_word' id='word_1_196' title='bbox 235 1448 319 1482; x_wconf 82' lang='lat' dir='ltr'>suum</span> <span class='ocrx_word' id='word_1_197' title='bbox 332 1451 366 1482; x_wconf 92' lang='lat'>&amp;</span> <span class='ocrx_word' id='word_1_198' title='bbox 380 1450 511 1481; x_wconf 85' lang='lat' dir='ltr'>nostrum</span> <span class='ocrx_word' id='word_1_199' title='bbox 529 1451 612 1488; x_wconf 82' lang='lat' dir='ltr'>parari</span> <span class='ocrx_word' id='word_1_200' title='bbox 627 1449 720 1480; x_wconf 90' lang='lat' dir='ltr'>sumus</span> <span class='ocrx_word' id='word_1_201' title='bbox 738 1449 773 1480; x_wconf 88' lang='lat'>&amp;</span> <span class='ocrx_word' id='word_1_202' title='bbox 791 1434 916 1486; x_wconf 70' lang='lat' dir='ltr'>³erimus,</span> <span class='ocrx_word' id='word_1_203' title='bbox 931 1446 1196 1490; x_wconf 42' lang='lat' dir='ltr'>tecessus-quamvis</span> <span class='ocrx_word' id='word_1_204' title='bbox 1211 1445 1272 1474; x_wconf 89' lang='lat' dir='ltr'>suus</span> <span class='ocrx_word' id='word_1_205' title='bbox 1285 1453 1302 1473; x_wconf 91' lang='lat' dir='ltr'>a</span> 
     </span>
     <span class='ocr_line' id='line_1_28' title="bbox 236 1481 1303 1526; baseline -0.008 -5"><span class='ocrx_word' id='word_1_206' title='bbox 236 1490 321 1521; x_wconf 88' lang='lat' dir='ltr'>nobis</span> <span class='ocrx_word' id='word_1_207' title='bbox 341 1488 483 1520; x_wconf 74' lang='lat' dir='ltr'>fastidium</span> <span class='ocrx_word' id='word_1_208' title='bbox 503 1489 587 1519; x_wconf 89' lang='lat' dir='ltr'>nobis</span> <span class='ocrx_word' id='word_1_209' title='bbox 606 1489 691 1526; x_wconf 81' lang='lat' dir='ltr'>pariat</span> <span class='ocrx_word' id='word_1_210' title='bbox 708 1488 742 1519; x_wconf 84' lang='lat'>&amp;</span> <span class='ocrx_word' id='word_1_211' title='bbox 762 1485 920 1524; x_wconf 74' lang='lat' dir='ltr'>dolorem,</span> <span class='ocrx_word' id='word_1_212' title='bbox 945 1488 1115 1516; x_wconf 79' lang='lat' dir='ltr'>unlverhtatl</span> <span class='ocrx_word' id='word_1_213' title='bbox 1133 1483 1251 1521; x_wconf 83' lang='lat' dir='ltr'>vestrae,</span> <span class='ocrx_word' id='word_1_214' title='bbox 1265 1481 1303 1512; x_wconf 92' lang='lat' dir='ltr'>de</span> 
     </span>
     <span class='ocr_line' id='line_1_29' title="bbox 236 1522 1302 1567; baseline -0.006 -9"><span class='ocrx_word' id='word_1_215' title='bbox 236 1538 292 1567; x_wconf 90' lang='lat' dir='ltr'>qua</span> <span class='ocrx_word' id='word_1_216' title='bbox 312 1527 400 1558; x_wconf 87' lang='lat' dir='ltr'>fidem</span> <span class='ocrx_word' id='word_1_217' title='bbox 420 1527 556 1557; x_wconf 88' lang='lat' dir='ltr'>habemus</span> <span class='ocrx_word' id='word_1_218' title='bbox 576 1526 761 1557; x_wconf 78' lang='lat' dir='ltr'>indubitatam</span> <span class='ocrx_word' id='word_1_219' title='bbox 773 1548 783 1564; x_wconf 87' lang='lat'>‚</span> <span class='ocrx_word' id='word_1_220' title='bbox 808 1524 914 1556; x_wconf 89' lang='lat' dir='ltr'>devote</span> <span class='ocrx_word' id='word_1_221' title='bbox 927 1523 1058 1554; x_wconf 87' lang='lat' dir='ltr'>duximus</span> <span class='ocrx_word' id='word_1_222' title='bbox 1070 1522 1302 1566; x_wconf 80' lang='lat' dir='ltr'>supplicandum,</span> 
     </span>
     <span class='ocr_line' id='line_1_30' title="bbox 235 1561 1303 1606; baseline -0.006 -9"><span class='ocrx_word' id='word_1_223' title='bbox 235 1574 364 1606; x_wconf 82' lang='lat' dir='ltr'>rogantes</span> <span class='ocrx_word' id='word_1_224' title='bbox 379 1567 523 1605; x_wconf 79' lang='lat' dir='ltr'>quatinus,</span> <span class='ocrx_word' id='word_1_225' title='bbox 541 1566 583 1596; x_wconf 90' lang='lat' dir='ltr'>ob</span> <span class='ocrx_word' id='word_1_226' title='bbox 598 1575 729 1596; x_wconf 91' lang='lat' dir='ltr'>amorem</span> <span class='ocrx_word' id='word_1_227' title='bbox 741 1574 830 1602; x_wconf 88' lang='lat' dir='ltr'>quem</span> <span class='ocrx_word' id='word_1_228' title='bbox 842 1573 907 1603; x_wconf 86' lang='lat' dir='ltr'>erga</span> <span class='ocrx_word' id='word_1_229' title='bbox 943 1571 1033 1593; x_wconf 86' lang='lat' dir='ltr'>attem</span> <span class='ocrx_word' id='word_1_230' title='bbox 1044 1561 1177 1592; x_wconf 88' lang='lat' dir='ltr'>nostrum</span> <span class='ocrx_word' id='word_1_231' title='bbox 1188 1561 1303 1592; x_wconf 86' lang='lat' dir='ltr'>habuis-</span> 
     </span>
     <span class='ocr_line' id='line_1_31' title="bbox 234 1596 1302 1644; baseline -0.006 -8"><span class='ocrx_word' id='word_1_232' title='bbox 234 1606 287 1644; x_wconf 87' lang='lat' dir='ltr'>tis,</span> <span class='ocrx_word' id='word_1_233' title='bbox 305 1605 391 1644; x_wconf 86' lang='lat' dir='ltr'>ipsam</span> <span class='ocrx_word' id='word_1_234' title='bbox 406 1629 416 1643; x_wconf 94' lang='lat'>,</span> <span class='ocrx_word' id='word_1_235' title='bbox 440 1614 510 1635; x_wconf 88' lang='lat' dir='ltr'>curn</span> <span class='ocrx_word' id='word_1_236' title='bbox 525 1603 560 1634; x_wconf 85' lang='lat' dir='ltr'>ad</span> <span class='ocrx_word' id='word_1_237' title='bbox 580 1615 632 1635; x_wconf 91' lang='lat' dir='ltr'>vos</span> <span class='ocrx_word' id='word_1_238' title='bbox 652 1604 784 1642; x_wconf 86' lang='lat' dir='ltr'>venerit,</span> <span class='ocrx_word' id='word_1_239' title='bbox 811 1611 898 1641; x_wconf 85' lang='lat' dir='ltr'>prout</span> <span class='ocrx_word' id='word_1_240' title='bbox 928 1609 1006 1632; x_wconf 67' lang='lat' dir='ltr'>ecfflt</span> <span class='ocrx_word' id='word_1_241' title='bbox 1018 1596 1148 1639; x_wconf 78' lang='lat' dir='ltr'>sponsam</span> <span class='ocrx_word' id='word_1_242' title='bbox 1163 1601 1198 1631; x_wconf 93' lang='lat'>&amp;</span> <span class='ocrx_word' id='word_1_243' title='bbox 1211 1599 1302 1639; x_wconf 82' lang='lat' dir='ltr'>Regi-</span> 
     </span>
     <span class='ocr_line' id='line_1_32' title="bbox 234 1639 1302 1681; baseline -0.004 -7"><span class='ocrx_word' id='word_1_244' title='bbox 234 1654 303 1674; x_wconf 84' lang='lat' dir='ltr'>nam</span> <span class='ocrx_word' id='word_1_245' title='bbox 321 1645 391 1675; x_wconf 89' lang='lat' dir='ltr'>tanti</span> <span class='ocrx_word' id='word_1_246' title='bbox 411 1644 445 1675; x_wconf 88' lang='lat'>&amp;</span> <span class='ocrx_word' id='word_1_247' title='bbox 464 1643 524 1674; x_wconf 88' lang='lat' dir='ltr'>talis</span> <span class='ocrx_word' id='word_1_248' title='bbox 546 1642 684 1680; x_wconf 88' lang='lat' dir='ltr'>Principis</span> <span class='ocrx_word' id='word_1_249' title='bbox 698 1643 780 1681; x_wconf 84' lang='lat' dir='ltr'>patris</span> <span class='ocrx_word' id='word_1_250' title='bbox 795 1641 900 1678; x_wconf 88' lang='lat' dir='ltr'>nostri,</span> <span class='ocrx_word' id='word_1_251' title='bbox 920 1640 1081 1671; x_wconf 76' lang='lat' dir='ltr'>honorifice</span> <span class='ocrx_word' id='word_1_252' title='bbox 1094 1639 1250 1678; x_wconf 86' lang='lat' dir='ltr'>recipiatis,</span> <span class='ocrx_word' id='word_1_253' title='bbox 1267 1639 1302 1670; x_wconf 88' lang='lat'>&amp;</span> 
     </span>
     <span class='ocr_line' id='line_1_33' title="bbox 235 1677 1304 1721; baseline -0.006 -8"><span class='ocrx_word' id='word_1_254' title='bbox 235 1683 375 1721; x_wconf 84' lang='lat' dir='ltr'>benigne,</span> <span class='ocrx_word' id='word_1_255' title='bbox 392 1691 426 1712; x_wconf 89' lang='lat' dir='ltr'>ac</span> <span class='ocrx_word' id='word_1_256' title='bbox 446 1681 631 1712; x_wconf 86' lang='lat' dir='ltr'>amicabiliter</span> <span class='ocrx_word' id='word_1_257' title='bbox 650 1681 721 1713; x_wconf 87' lang='lat' dir='ltr'>sicut</span> <span class='ocrx_word' id='word_1_258' title='bbox 740 1680 852 1719; x_wconf 86' lang='lat' dir='ltr'>diligitis</span> <span class='ocrx_word' id='word_1_259' title='bbox 869 1688 923 1709; x_wconf 86' lang='lat' dir='ltr'>nos</span> <span class='ocrx_word' id='word_1_260' title='bbox 936 1701 946 1717; x_wconf 87' lang='lat'>‚</span> <span class='ocrx_word' id='word_1_261' title='bbox 970 1679 1146 1716; x_wconf 61' lang='lat' dir='ltr'>pertractetis</span> <span class='ocrx_word' id='word_1_262' title='bbox 1160 1702 1170 1716; x_wconf 89' lang='lat'>,</span> <span class='ocrx_word' id='word_1_263' title='bbox 1186 1687 1220 1708; x_wconf 91' lang='lat' dir='ltr'>ac</span> <span class='ocrx_word' id='word_1_264' title='bbox 1234 1677 1304 1708; x_wconf 89' lang='lat' dir='ltr'>dote</span> 
     </span>
     <span class='ocr_line' id='line_1_34' title="bbox 234 1716 1302 1785; baseline -0.007 -32"><span class='ocrx_word' id='word_1_265' title='bbox 234 1721 281 1753; x_wconf 86' lang='lat' dir='ltr'>sua</span> <span class='ocrx_word' id='word_1_266' title='bbox 301 1723 331 1752; x_wconf 89' lang='lat' dir='ltr'>in</span> <span class='ocrx_word' id='word_1_267' title='bbox 350 1721 473 1759; x_wconf 81' lang='lat' dir='ltr'>partibus</span> <span class='ocrx_word' id='word_1_268' title='bbox 494 1719 592 1752; x_wconf 86' lang='lat' dir='ltr'>vestris</span> <span class='ocrx_word' id='word_1_269' title='bbox 616 1729 666 1758; x_wconf 88' lang='lat' dir='ltr'>per</span> <span class='ocrx_word' id='word_1_270' title='bbox 689 1719 824 1750; x_wconf 84' lang='lat' dir='ltr'>auxilium</span> <span class='ocrx_word' id='word_1_271' title='bbox 837 1717 970 1748; x_wconf 89' lang='lat' dir='ltr'>nostrum</span> <span class='ocrx_word' id='word_1_272' title='bbox 970 1716 1106 1785; x_wconf 63' lang='lat' dir='ltr'>stgaudere</span> <span class='ocrx_word' id='word_1_273' title='bbox 1117 1716 1302 1754; x_wconf 80' lang='lat' dir='ltr'>permittatis3</span> 
     </span>
     <span class='ocr_line' id='line_1_35' title="bbox 234 1753 1305 1799; baseline -0.007 -8"><span class='ocrx_word' id='word_1_274' title='bbox 234 1769 267 1791; x_wconf 91' lang='lat' dir='ltr'>ut</span> <span class='ocrx_word' id='word_1_275' title='bbox 281 1760 337 1799; x_wconf 80' lang='lat' dir='ltr'>sic,</span> <span class='ocrx_word' id='word_1_276' title='bbox 353 1759 495 1790; x_wconf 75' lang='lat' dir='ltr'>mediante</span> <span class='ocrx_word' id='word_1_277' title='bbox 513 1758 656 1798; x_wconf 75' lang='lat' dir='ltr'>diligentia</span> <span class='ocrx_word' id='word_1_278' title='bbox 673 1759 708 1790; x_wconf 86' lang='lat'>&amp;</span> <span class='ocrx_word' id='word_1_279' title='bbox 731 1755 920 1789; x_wconf 89' lang='lat' dir='ltr'>sollicitudine</span> <span class='ocrx_word' id='word_1_280' title='bbox 931 1765 968 1786; x_wconf 92' lang='lat' dir='ltr'>ve</span> <span class='ocrx_word' id='word_1_281' title='bbox 1009 1765 1039 1793; x_wconf 81' lang='lat' dir='ltr'>a,</span> <span class='ocrx_word' id='word_1_282' title='bbox 1053 1755 1104 1785; x_wconf 92' lang='lat' dir='ltr'>suo</span> <span class='ocrx_word' id='word_1_283' title='bbox 1117 1754 1209 1794; x_wconf 84' lang='lat' dir='ltr'>gavisa</span> <span class='ocrx_word' id='word_1_284' title='bbox 1223 1753 1305 1785; x_wconf 88' lang='lat' dir='ltr'>dota-</span> 
     </span>
     <span class='ocr_line' id='line_1_36' title="bbox 234 1792 1304 1837; baseline -0.006 -8"><span class='ocrx_word' id='word_1_285' title='bbox 234 1799 321 1837; x_wconf 86' lang='lat' dir='ltr'>licio,</span> <span class='ocrx_word' id='word_1_286' title='bbox 336 1798 373 1828; x_wconf 86' lang='lat' dir='ltr'>ab</span> <span class='ocrx_word' id='word_1_287' title='bbox 388 1798 464 1836; x_wconf 87' lang='lat' dir='ltr'>ipso,</span> <span class='ocrx_word' id='word_1_288' title='bbox 483 1799 532 1836; x_wconf 90' lang='lat' dir='ltr'>qui</span> <span class='ocrx_word' id='word_1_289' title='bbox 547 1798 702 1835; x_wconf 85' lang='lat' dir='ltr'>unicuique</span> <span class='ocrx_word' id='word_1_290' title='bbox 713 1795 805 1826; x_wconf 82' lang='lat' dir='ltr'>reddit</span> <span class='ocrx_word' id='word_1_291' title='bbox 818 1794 976 1825; x_wconf 87' lang='lat' dir='ltr'>secundum</span> <span class='ocrx_word' id='word_1_292' title='bbox 997 1803 1083 1832; x_wconf 89' lang='lat' dir='ltr'>opera</span> <span class='ocrx_word' id='word_1_293' title='bbox 1103 1793 1166 1831; x_wconf 84' lang='lat' dir='ltr'>sua,</span> <span class='ocrx_word' id='word_1_294' title='bbox 1185 1792 1304 1830; x_wconf 81' lang='lat' dir='ltr'>dignam</span> 
     </span>
     <span class='ocr_line' id='line_1_37' title="bbox 237 1832 1304 1877; baseline -0.007 -9"><span class='ocrx_word' id='word_1_295' title='bbox 237 1836 403 1868; x_wconf 83' lang='lat' dir='ltr'>mercedem</span> <span class='ocrx_word' id='word_1_296' title='bbox 417 1838 543 1874; x_wconf 87' lang='lat' dir='ltr'>recipere</span> <span class='ocrx_word' id='word_1_297' title='bbox 557 1836 740 1877; x_wconf 77' lang='lat' dir='ltr'>mereamini,</span> <span class='ocrx_word' id='word_1_298' title='bbox 759 1835 793 1866; x_wconf 74' lang='grc' dir='ltr'>ὃ(</span> <span class='ocrx_word' id='word_1_299' title='bbox 807 1843 822 1863; x_wconf 89' lang='lat' dir='ltr'>a</span> <span class='ocrx_word' id='word_1_300' title='bbox 839 1834 938 1871; x_wconf 82' lang='lat' dir='ltr'>nobis,</span> <span class='ocrx_word' id='word_1_301' title='bbox 956 1842 1010 1871; x_wconf 88' lang='lat' dir='ltr'>pro</span> <span class='ocrx_word' id='word_1_302' title='bbox 1024 1832 1093 1862; x_wconf 91' lang='lat' dir='ltr'>loco</span> <span class='ocrx_word' id='word_1_303' title='bbox 1107 1833 1140 1864; x_wconf 87' lang='lat'>&amp;</span> <span class='ocrx_word' id='word_1_304' title='bbox 1156 1840 1304 1870; x_wconf 84' lang='lat' dir='ltr'>tempore,</span> 
     </span>
     <span class='ocr_line' id='line_1_38' title="bbox 236 1870 1307 1916; baseline -0.005 -10"><span class='ocrx_word' id='word_1_305' title='bbox 236 1876 320 1916; x_wconf 79' lang='lat' dir='ltr'>digna</span> <span class='ocrx_word' id='word_1_306' title='bbox 343 1876 527 1906; x_wconf 87' lang='lat' dir='ltr'>retributione</span> <span class='ocrx_word' id='word_1_307' title='bbox 549 1875 646 1912; x_wconf 84' lang='lat' dir='ltr'>rcipici</span> <span class='ocrx_word' id='word_1_308' title='bbox 658 1873 781 1904; x_wconf 81' lang='lat' dir='ltr'>debeatis</span> <span class='ocrx_word' id='word_1_309' title='bbox 790 1897 800 1911; x_wconf 86' lang='lat'>,</span> <span class='ocrx_word' id='word_1_310' title='bbox 815 1881 884 1903; x_wconf 86' lang='lat' dir='ltr'>cum</span> <span class='ocrx_word' id='word_1_311' title='bbox 897 1872 1038 1904; x_wconf 83' lang='lat' dir='ltr'>uberrima</span> <span class='ocrx_word' id='word_1_312' title='bbox 1049 1872 1202 1910; x_wconf 87' lang='lat' dir='ltr'>gratiarum</span> <span class='ocrx_word' id='word_1_313' title='bbox 1215 1870 1307 1901; x_wconf 68' lang='lat' dir='ltr'>aetio-</span> 
     </span>
     <span class='ocr_line' id='line_1_39' title="bbox 237 1925 283 1946; baseline -0.043 0"><span class='ocrx_word' id='word_1_314' title='bbox 237 1925 283 1946; x_wconf 89' lang='lat' dir='ltr'>ne.</span> 
     </span>
    </p>

    <p class='ocr_par' dir='ltr' id='par_1_10' title="bbox 276 1952 525 1992">
     <span class='ocr_line' id='line_1_40' title="bbox 276 1952 525 1992; baseline -0.012 -8"><span class='ocrx_word' id='word_1_315' title='bbox 276 1953 445 1992; x_wconf 82' lang='lat' dir='ltr'>Quoniam,</span> <span class='ocrx_word' id='word_1_316' title='bbox 464 1952 525 1983; x_wconf 89' lang='lat' dir='ltr'>&amp;c.</span> 
     </span>
    </p>
   </div>
   <div class='ocr_carea' id='block_1_7' title="bbox 78 870 289 949">
    <p class='ocr_par' dir='ltr' id='par_1_11' title="bbox 78 870 289 949">
     <span class='ocr_line' id='line_1_41' title="bbox 78 870 289 949; baseline -0.019 -7"><span class='ocrx_word' id='word_1_317' title='bbox 78 870 213 949; x_wconf 51' lang='lat' dir='ltr'>Asi?-</span> <span class='ocrx_word' id='word_1_318' title='bbox 233 874 289 930; x_wconf 80' lang='lat' dir='ltr'>R</span> 
     </span>
    </p>
   </div>
   <div class='ocr_carea' id='block_1_8' title="bbox 77 1106 149 1142">
    <p class='ocr_par' dir='ltr' id='par_1_12' title="bbox 77 1106 149 1142">
     <span class='ocr_line' id='line_1_42' title="bbox 77 1106 149 1142; baseline 0 -8"><span class='ocrx_word' id='word_1_319' title='bbox 77 1114 108 1142; x_wconf 52' lang='grc' dir='ltr'>ς.</span> <span class='ocrx_word' id='word_1_320' title='bbox 124 1106 149 1134; x_wconf 73' lang='lat' dir='ltr'>A.</span> 
     </span>
    </p>
   </div>
   <div class='ocr_carea' id='block_1_9' title="bbox 275 2025 1037 2146">
    <p class='ocr_par' dir='ltr' id='par_1_13' title="bbox 275 2025 1037 2146">
     <span class='ocr_line' id='line_1_43' title="bbox 275 2025 1026 2067; baseline -0.007 -6"><span class='ocrx_word' id='word_1_321' title='bbox 275 2028 369 2062; x_wconf 88' lang='lat' dir='ltr'>Teste</span> <span class='ocrx_word' id='word_1_322' title='bbox 380 2028 484 2060; x_wconf 87' lang='lat' dir='ltr'>eodem</span> <span class='ocrx_word' id='word_1_323' title='bbox 497 2027 618 2059; x_wconf 89' lang='lat' dir='ltr'>Comite</span> <span class='ocrx_word' id='word_1_324' title='bbox 632 2026 706 2067; x_wconf 87' lang='lat' dir='ltr'>apud</span> <span class='ocrx_word' id='word_1_325' title='bbox 721 2025 820 2058; x_wconf 85' lang='lat' dir='ltr'>Oxon.</span> <span class='ocrx_word' id='word_1_326' title='bbox 838 2034 879 2066; x_wconf 90' lang='lat'>24</span> <span class='ocrx_word' id='word_1_327' title='bbox 894 2025 940 2057; x_wconf 91' lang='lat' dir='ltr'>die</span> <span class='ocrx_word' id='word_1_328' title='bbox 949 2025 1026 2065; x_wconf 76' lang='lat' dir='ltr'>Juffi.</span> 
     </span>
     <span class='ocr_line' id='line_1_44' title="bbox 279 2101 1037 2146; baseline -0.008 -8"><span class='ocrx_word' id='word_1_329' title='bbox 279 2107 383 2138; x_wconf 72' lang='lat' dir='ltr'>Eodem</span> <span class='ocrx_word' id='word_1_330' title='bbox 395 2107 470 2137; x_wconf 84' lang='lat' dir='ltr'>modo</span> <span class='ocrx_word' id='word_1_331' title='bbox 477 2105 609 2146; x_wconf 79' lang='lat' dir='ltr'>firiptum</span> <span class='ocrx_word' id='word_1_332' title='bbox 621 2103 658 2145; x_wconf 73' lang='lat' dir='ltr'>est</span> <span class='ocrx_word' id='word_1_333' title='bbox 672 2103 874 2145; x_wconf 79' lang='lat' dir='ltr'>Archiepifiopo</span> <span class='ocrx_word' id='word_1_334' title='bbox 889 2101 1037 2142; x_wconf 78' lang='lat' dir='ltr'>Burdegal.</span> 
     </span>
    </p>
   </div>
   <div class='ocr_carea' id='block_1_10' title="bbox 242 2177 1311 2261">
    <p class='ocr_par' dir='ltr' id='par_1_14' title="bbox 242 2177 1311 2261">
     <span class='ocr_line' id='line_1_45' title="bbox 281 2177 1311 2222; baseline -0.002 -10"><span class='ocrx_word' id='word_1_335' title='bbox 281 2184 383 2213; x_wconf 80' lang='lat' dir='ltr'>Eodem</span> <span class='ocrx_word' id='word_1_336' title='bbox 395 2182 468 2212; x_wconf 81' lang='lat' dir='ltr'>modo</span> <span class='ocrx_word' id='word_1_337' title='bbox 476 2180 534 2222; x_wconf 87' lang='lat' dir='ltr'>scri</span> <span class='ocrx_word' id='word_1_338' title='bbox 550 2190 609 2213; x_wconf 84' lang='lat' dir='ltr'>tum</span> <span class='ocrx_word' id='word_1_339' title='bbox 624 2182 661 2222; x_wconf 73' lang='lat' dir='ltr'>est</span> <span class='ocrx_word' id='word_1_340' title='bbox 677 2180 832 2218; x_wconf 74' lang='lat' dir='ltr'>Maioribus</span> <span class='ocrx_word' id='word_1_341' title='bbox 847 2179 885 2216; x_wconf 66' lang='grc' dir='ltr'>ὠν</span> <span class='ocrx_word' id='word_1_342' title='bbox 895 2180 988 2222; x_wconf 81' lang='lat' dir='ltr'>probis</span> <span class='ocrx_word' id='word_1_343' title='bbox 1001 2178 1151 2211; x_wconf 80' lang='lat' dir='ltr'>hominibus</span> <span class='ocrx_word' id='word_1_344' title='bbox 1166 2179 1199 2211; x_wconf 83' lang='lat' dir='ltr'>de</span> <span class='ocrx_word' id='word_1_345' title='bbox 1212 2177 1311 2220; x_wconf 76' lang='lat' dir='ltr'>Rupe!-</span> 
     </span>
     <span class='ocr_line' id='line_1_46' title="bbox 242 2191 859 2261; baseline -0.003 -9"><span class='ocrx_word' id='word_1_346' title='bbox 242 2221 289 2261; x_wconf 85' lang='lat' dir='ltr'>la,</span> <span class='ocrx_word' id='word_1_347' title='bbox 303 2220 343 2258; x_wconf 83' lang='lat'><em>&amp;</em></span> <span class='ocrx_word' id='word_1_348' title='bbox 358 2222 389 2252; x_wconf 82' lang='lat' dir='ltr'>de</span> <span class='ocrx_word' id='word_1_349' title='bbox 402 2221 488 2252; x_wconf 74' lang='lat' dir='ltr'>Niho.</span> <span class='ocrx_word' id='word_1_350' title='bbox 506 2191 549 2259; x_wconf 50' lang='grc' dir='ltr'><em>ἐ</em></span> <span class='ocrx_word' id='word_1_351' title='bbox 558 2223 591 2253; x_wconf 87' lang='lat' dir='ltr'>de</span> <span class='ocrx_word' id='word_1_352' title='bbox 603 2223 703 2252; x_wconf 66' lang='lat' dir='ltr'>Sandlo</span> <span class='ocrx_word' id='word_1_353' title='bbox 717 2220 859 2260; x_wconf 84' lang='lat' dir='ltr'>Johanne.</span> 
     </span>
    </p>
   </div>
   <div class='ocr_carea' id='block_1_11' title="bbox 195 2360 1311 4083">
    <p class='ocr_par' dir='ltr' id='par_1_15' title="bbox 219 2360 1310 2464">
     <span class='ocr_line' id='line_1_47' title="bbox 219 2360 1310 2412; baseline -0.006 -10"><span class='ocrx_word' id='word_1_354' title='bbox 219 2399 226 2407; x_wconf 81' lang='grc'><em>,</em></span> <span class='ocrx_word' id='word_1_355' title='bbox 243 2364 273 2391; x_wconf 60' lang='lat'>²⁸³</span> <span class='ocrx_word' id='word_1_356' title='bbox 299 2368 412 2402; x_wconf 76' lang='lat' dir='ltr'>Forma</span> <span class='ocrx_word' id='word_1_357' title='bbox 428 2369 515 2400; x_wconf 82' lang='lat' dir='ltr'>Pacis</span> <span class='ocrx_word' id='word_1_358' title='bbox 529 2368 607 2398; x_wconf 84' lang='lat' dir='ltr'>inter</span> <span class='ocrx_word' id='word_1_359' title='bbox 622 2367 793 2399; x_wconf 83' lang='lat' dir='ltr'>Henricum</span> <span class='ocrx_word' id='word_1_360' title='bbox 817 2366 927 2412; x_wconf 84' lang='lat' dir='ltr'>Regem</span> <span class='ocrx_word' id='word_1_361' title='bbox 948 2363 1066 2411; x_wconf 81' lang='lat' dir='ltr'>Angliae</span> <span class='ocrx_word' id='word_1_362' title='bbox 1079 2389 1089 2405; x_wconf 94' lang='lat'>‚</span> <span class='ocrx_word' id='word_1_363' title='bbox 1115 2364 1154 2400; x_wconf 68' lang='grc' dir='ltr'>ὠ*</span> <span class='ocrx_word' id='word_1_364' title='bbox 1175 2360 1310 2396; x_wconf 79' lang='lat' dir='ltr'>Lodovi-</span> 
     </span>
     <span class='ocr_line' id='line_1_48' title="bbox 349 2412 1192 2464; baseline -0.006 -14"><span class='ocrx_word' id='word_1_365' title='bbox 349 2428 420 2450; x_wconf 84' lang='lat' dir='ltr'>cum</span> <span class='ocrx_word' id='word_1_366' title='bbox 431 2417 666 2464; x_wconf 81' lang='lat' dir='ltr'>primogenitum</span> <span class='ocrx_word' id='word_1_367' title='bbox 671 2413 778 2459; x_wconf 83' lang='lat' dir='ltr'>filium</span> <span class='ocrx_word' id='word_1_368' title='bbox 794 2412 924 2460; x_wconf 83' lang='lat' dir='ltr'>Philippi</span> <span class='ocrx_word' id='word_1_369' title='bbox 942 2414 1031 2460; x_wconf 85' lang='lat' dir='ltr'>Regis</span> <span class='ocrx_word' id='word_1_370' title='bbox 1049 2413 1192 2446; x_wconf 78' lang='lat' dir='ltr'>Franciae.</span> 
     </span>
    </p>

    <p class='ocr_par' dir='ltr' id='par_1_16' title="bbox 195 2495 1309 2850">
     <span class='ocr_line' id='line_1_49' title="bbox 247 2495 1309 2567; baseline -0.007 -33"><span class='ocrx_word' id='word_1_371' title='bbox 247 2513 271 2535; x_wconf 92' lang='lat'>1.</span> <span class='ocrx_word' id='word_1_372' title='bbox 290 2501 469 2567; x_wconf 82' lang='lat' dir='ltr'>Notum</span> <span class='ocrx_word' id='word_1_373' title='bbox 491 2500 524 2532; x_wconf 85' lang='lat' dir='ltr'>fit</span> <span class='ocrx_word' id='word_1_374' title='bbox 536 2524 546 2540; x_wconf 83' lang='lat'>‚</span> <span class='ocrx_word' id='word_1_375' title='bbox 570 2501 630 2531; x_wconf 71' lang='lat' dir='ltr'>tam</span> <span class='ocrx_word' id='word_1_376' title='bbox 644 2498 843 2539; x_wconf 82' lang='lat' dir='ltr'>praesentibus,</span> <span class='ocrx_word' id='word_1_377' title='bbox 859 2498 950 2537; x_wconf 75' lang='lat' dir='ltr'>quam</span> <span class='ocrx_word' id='word_1_378' title='bbox 962 2497 1077 2535; x_wconf 85' lang='lat' dir='ltr'>futuris,</span> <span class='ocrx_word' id='word_1_379' title='bbox 1095 2495 1176 2536; x_wconf 86' lang='lat' dir='ltr'>quod</span> <span class='ocrx_word' id='word_1_380' title='bbox 1189 2495 1253 2528; x_wconf 81' lang='lat' dir='ltr'>haec</span> <span class='ocrx_word' id='word_1_381' title='bbox 1266 2496 1309 2528; x_wconf 90' lang='lat' dir='ltr'>est</span> 
     </span>
     <span class='ocr_line' id='line_1_50' title="bbox 219 2534 1308 2581; baseline -0.006 -9"><span class='ocrx_word' id='word_1_382' title='bbox 219 2539 225 2546; x_wconf 94' lang='grc'><strong>”</strong></span> <span class='ocrx_word' id='word_1_383' title='bbox 386 2541 481 2572; x_wconf 87' lang='lat' dir='ltr'>forma</span> <span class='ocrx_word' id='word_1_384' title='bbox 499 2540 573 2578; x_wconf 83' lang='lat' dir='ltr'>pacis</span> <span class='ocrx_word' id='word_1_385' title='bbox 594 2540 669 2570; x_wconf 63' lang='lat' dir='ltr'>faeta</span> <span class='ocrx_word' id='word_1_386' title='bbox 686 2540 760 2569; x_wconf 90' lang='lat' dir='ltr'>inter</span> <span class='ocrx_word' id='word_1_387' title='bbox 782 2538 950 2569; x_wconf 90' lang='lat' dir='ltr'>Dominum</span> <span class='ocrx_word' id='word_1_388' title='bbox 972 2536 1086 2581; x_wconf 84' lang='lat' dir='ltr'>Regem</span> <span class='ocrx_word' id='word_1_389' title='bbox 1103 2535 1215 2576; x_wconf 88' lang='lat' dir='ltr'>Angliae</span> <span class='ocrx_word' id='word_1_390' title='bbox 1232 2534 1308 2566; x_wconf 87' lang='lat' dir='ltr'>illus-</span> 
     </span>
     <span class='ocr_line' id='line_1_51' title="bbox 195 2573 1307 2619; baseline -0.006 -7"><span class='ocrx_word' id='word_1_391' title='bbox 195 2580 201 2585; x_wconf 83' lang='lat'>&#39;</span> <span class='ocrx_word' id='word_1_392' title='bbox 244 2588 334 2619; x_wconf 86' lang='lat' dir='ltr'>trem,</span> <span class='ocrx_word' id='word_1_393' title='bbox 353 2580 387 2612; x_wconf 86' lang='lat'>&amp;</span> <span class='ocrx_word' id='word_1_394' title='bbox 401 2579 567 2610; x_wconf 89' lang='lat' dir='ltr'>Dominum</span> <span class='ocrx_word' id='word_1_395' title='bbox 589 2578 775 2610; x_wconf 86' lang='lat' dir='ltr'>Lodovicum</span> <span class='ocrx_word' id='word_1_396' title='bbox 790 2600 800 2616; x_wconf 88' lang='lat'>,</span> <span class='ocrx_word' id='word_1_397' title='bbox 815 2576 938 2607; x_wconf 85' lang='lat' dir='ltr'>Domini</span> <span class='ocrx_word' id='word_1_398' title='bbox 953 2574 1043 2612; x_wconf 87' lang='lat' dir='ltr'>Regis</span> <span class='ocrx_word' id='word_1_399' title='bbox 1058 2573 1186 2604; x_wconf 89' lang='lat' dir='ltr'>Franciae</span> <span class='ocrx_word' id='word_1_400' title='bbox 1198 2575 1307 2613; x_wconf 85' lang='lat' dir='ltr'>primo—</span> 
     </span>
     <span class='ocr_line' id='line_1_52' title="bbox 198 2613 1306 2658; baseline -0.005 -8"><span class='ocrx_word' id='word_1_401' title='bbox 198 2617 203 2622; x_wconf 79' lang='grc'><em>’</em></span> <span class='ocrx_word' id='word_1_402' title='bbox 243 2621 381 2658; x_wconf 89' lang='lat' dir='ltr'>genitum.</span> <span class='ocrx_word' id='word_1_403' title='bbox 401 2618 436 2649; x_wconf 91' lang='lat' dir='ltr'>In</span> <span class='ocrx_word' id='word_1_404' title='bbox 448 2618 561 2656; x_wconf 80' lang='lat' dir='ltr'>primis,</span> <span class='ocrx_word' id='word_1_405' title='bbox 579 2616 659 2656; x_wconf 86' lang='lat' dir='ltr'>quod</span> <span class='ocrx_word' id='word_1_406' title='bbox 673 2626 775 2646; x_wconf 88' lang='lat' dir='ltr'>omnes</span> <span class='ocrx_word' id='word_1_407' title='bbox 787 2617 918 2646; x_wconf 88' lang='lat' dir='ltr'>homines</span> <span class='ocrx_word' id='word_1_408' title='bbox 934 2613 969 2645; x_wconf 89' lang='lat'>&amp;</span> <span class='ocrx_word' id='word_1_409' title='bbox 983 2613 1098 2651; x_wconf 82' lang='lat' dir='ltr'>imptisii</span> <span class='ocrx_word' id='word_1_410' title='bbox 1111 2613 1236 2644; x_wconf 85' lang='lat' dir='ltr'>Domini</span> <span class='ocrx_word' id='word_1_411' title='bbox 1244 2613 1306 2644; x_wconf 92' lang='lat' dir='ltr'>Lo-</span> 
     </span>
     <span class='ocr_line' id='line_1_53' title="bbox 243 2653 1306 2697; baseline -0.006 -9"><span class='ocrx_word' id='word_1_412' title='bbox 243 2658 359 2697; x_wconf 88' lang='lat' dir='ltr'>dovici,</span> <span class='ocrx_word' id='word_1_413' title='bbox 377 2658 411 2689; x_wconf 91' lang='lat'>&amp;</span> <span class='ocrx_word' id='word_1_414' title='bbox 432 2656 608 2694; x_wconf 83' lang='lat' dir='ltr'>coadjutores</span> <span class='ocrx_word' id='word_1_415' title='bbox 629 2655 668 2686; x_wconf 91' lang='lat' dir='ltr'>sui</span> <span class='ocrx_word' id='word_1_416' title='bbox 681 2655 814 2694; x_wconf 89' lang='lat' dir='ltr'>Anglici,</span> <span class='ocrx_word' id='word_1_417' title='bbox 831 2654 865 2685; x_wconf 91' lang='lat'>&amp;</span> <span class='ocrx_word' id='word_1_418' title='bbox 879 2654 940 2690; x_wconf 83' lang='lat' dir='ltr'>alii,</span> <span class='ocrx_word' id='word_1_419' title='bbox 959 2653 1008 2690; x_wconf 87' lang='lat' dir='ltr'>qui</span> <span class='ocrx_word' id='word_1_420' title='bbox 1022 2661 1124 2683; x_wconf 87' lang='lat' dir='ltr'>terram</span> <span class='ocrx_word' id='word_1_421' title='bbox 1138 2660 1306 2691; x_wconf 89' lang='lat' dir='ltr'>tenuerunt,</span> 
     </span>
     <span class='ocr_line' id='line_1_54' title="bbox 244 2690 1306 2771; baseline -0.005 -8"><span class='ocrx_word' id='word_1_422' title='bbox 244 2698 398 2764; x_wconf 48' lang='lat' dir='ltr'>{assiliit</span> <span class='ocrx_word' id='word_1_423' title='bbox 399 2697 428 2726; x_wconf 45' lang='lat'>1⁰</span> <span class='ocrx_word' id='word_1_424' title='bbox 442 2690 1306 2771; x_wconf 44' lang='lat' dir='ltr'>{ffgffiffssuffiuifffissssggffa-rffibffliss‘tfflfsui‘mffi‘</span> 
     </span>
     <span class='ocr_line' id='line_1_55' title="bbox 243 2752 1309 2811; baseline -0.005 -8"><span class='ocrx_word' id='word_1_425' title='bbox 243 2782 312 2809; x_wconf 89' lang='lat' dir='ltr'>nes,</span> <span class='ocrx_word' id='word_1_426' title='bbox 330 2773 364 2803; x_wconf 87' lang='lat'>&amp;</span> <span class='ocrx_word' id='word_1_427' title='bbox 385 2757 523 2802; x_wconf 73' lang='lat' dir='ltr'>libertates</span> <span class='ocrx_word' id='word_1_428' title='bbox 544 2771 640 2811; x_wconf 85' lang='lat' dir='ltr'>Regni</span> <span class='ocrx_word' id='word_1_429' title='bbox 662 2770 792 2808; x_wconf 77' lang='lat' dir='ltr'>Angliae3</span> <span class='ocrx_word' id='word_1_430' title='bbox 810 2771 844 2801; x_wconf 67' lang='grc' dir='ltr'>ὃς</span> <span class='ocrx_word' id='word_1_431' title='bbox 859 2793 870 2807; x_wconf 90' lang='lat'>,</span> <span class='ocrx_word' id='word_1_432' title='bbox 887 2769 906 2799; x_wconf 85' lang='lat' dir='ltr'>fi</span> <span class='ocrx_word' id='word_1_433' title='bbox 921 2752 1132 2799; x_wconf 67' lang='lat' dir='ltr'>emendationes</span> <span class='ocrx_word' id='word_1_434' title='bbox 1144 2766 1210 2798; x_wconf 83' lang='lat' dir='ltr'>inde</span> <span class='ocrx_word' id='word_1_435' title='bbox 1225 2768 1309 2798; x_wconf 66' lang='lat' dir='ltr'>faetae</span> 
     </span>
     <span class='ocr_line' id='line_1_56' title="bbox 244 2808 965 2850; baseline -0.007 -8"><span class='ocrx_word' id='word_1_436' title='bbox 244 2813 366 2850; x_wconf 86' lang='lat' dir='ltr'>fuerint,</span> <span class='ocrx_word' id='word_1_437' title='bbox 383 2820 556 2841; x_wconf 87' lang='lat' dir='ltr'>cormnunes</span> <span class='ocrx_word' id='word_1_438' title='bbox 571 2811 623 2841; x_wconf 79' lang='lat' dir='ltr'>lint</span> <span class='ocrx_word' id='word_1_439' title='bbox 637 2810 697 2841; x_wconf 67' lang='lat' dir='ltr'>tam</span> <span class='ocrx_word' id='word_1_440' title='bbox 711 2809 779 2848; x_wconf 86' lang='lat' dir='ltr'>illis,</span> <span class='ocrx_word' id='word_1_441' title='bbox 819 2809 887 2838; x_wconf 73' lang='lat' dir='ltr'>uam</span> <span class='ocrx_word' id='word_1_442' title='bbox 900 2808 965 2838; x_wconf 87' lang='lat' dir='ltr'>aliis.</span> 
     </span>
    </p>

    <p class='ocr_par' dir='ltr' id='par_1_17' title="bbox 246 2844 1311 2967">
     <span class='ocr_line' id='line_1_57' title="bbox 282 2844 1311 2888; baseline -0.005 -8"><span class='ocrx_word' id='word_1_443' title='bbox 282 2860 309 2879; x_wconf 83' lang='lat'>2.</span> <span class='ocrx_word' id='word_1_444' title='bbox 328 2850 476 2888; x_wconf 86' lang='lat' dir='ltr'>Similiter,</span> <span class='ocrx_word' id='word_1_445' title='bbox 495 2849 640 2879; x_wconf 89' lang='lat' dir='ltr'>Dominus</span> <span class='ocrx_word' id='word_1_446' title='bbox 655 2847 801 2878; x_wconf 89' lang='lat' dir='ltr'>Henricus</span> <span class='ocrx_word' id='word_1_447' title='bbox 849 2855 883 2876; x_wconf 79' lang='lat' dir='ltr'>ex</span> <span class='ocrx_word' id='word_1_448' title='bbox 898 2846 1009 2886; x_wconf 84' lang='lat' dir='ltr'>Angliae</span> <span class='ocrx_word' id='word_1_449' title='bbox 1022 2870 1032 2884; x_wconf 93' lang='lat'>,</span> <span class='ocrx_word' id='word_1_450' title='bbox 1049 2845 1083 2876; x_wconf 91' lang='lat'>&amp;</span> <span class='ocrx_word' id='word_1_451' title='bbox 1098 2854 1199 2876; x_wconf 87' lang='lat' dir='ltr'>omnes</span> <span class='ocrx_word' id='word_1_452' title='bbox 1215 2844 1311 2876; x_wconf 90' lang='lat' dir='ltr'>homi-</span> 
     </span>
     <span class='ocr_line' id='line_1_58' title="bbox 246 2883 1310 2927; baseline -0.006 -8"><span class='ocrx_word' id='word_1_453' title='bbox 246 2898 295 2918; x_wconf 85' lang='lat' dir='ltr'>nes</span> <span class='ocrx_word' id='word_1_454' title='bbox 310 2889 342 2919; x_wconf 88' lang='lat'>&amp;</span> <span class='ocrx_word' id='word_1_455' title='bbox 354 2888 467 2927; x_wconf 84' lang='lat' dir='ltr'>imprisii</span> <span class='ocrx_word' id='word_1_456' title='bbox 479 2888 536 2926; x_wconf 87' lang='lat' dir='ltr'>sui,</span> <span class='ocrx_word' id='word_1_457' title='bbox 555 2890 604 2926; x_wconf 86' lang='lat' dir='ltr'>qui</span> <span class='ocrx_word' id='word_1_458' title='bbox 619 2896 722 2919; x_wconf 87' lang='lat' dir='ltr'>terram</span> <span class='ocrx_word' id='word_1_459' title='bbox 737 2893 888 2917; x_wconf 88' lang='lat' dir='ltr'>tenuerunt</span> <span class='ocrx_word' id='word_1_460' title='bbox 898 2886 928 2916; x_wconf 90' lang='lat' dir='ltr'>in</span> <span class='ocrx_word' id='word_1_461' title='bbox 942 2886 1022 2916; x_wconf 86' lang='lat' dir='ltr'>initio</span> <span class='ocrx_word' id='word_1_462' title='bbox 1037 2893 1146 2924; x_wconf 80' lang='lat' dir='ltr'>guerrae</span> <span class='ocrx_word' id='word_1_463' title='bbox 1159 2885 1189 2914; x_wconf 89' lang='lat' dir='ltr'>in</span> <span class='ocrx_word' id='word_1_464' title='bbox 1204 2883 1310 2924; x_wconf 87' lang='lat' dir='ltr'>Regno</span> 
     </span>
     <span class='ocr_line' id='line_1_59' title="bbox 246 2926 365 2967; baseline -0.017 -9"><span class='ocrx_word' id='word_1_465' title='bbox 246 2926 365 2967; x_wconf 79' lang='lat' dir='ltr'>Angliae.</span> 
     </span>
    </p>

    <p class='ocr_par' dir='ltr' id='par_1_18' title="bbox 246 2960 1311 3044">
     <span class='ocr_line' id='line_1_60' title="bbox 287 2960 1311 3005; baseline -0.001 -10"><span class='ocrx_word' id='word_1_466' title='bbox 287 2975 312 3005; x_wconf 84' lang='lat'>3.</span> <span class='ocrx_word' id='word_1_467' title='bbox 331 2965 421 3001; x_wconf 74' lang='lat' dir='ltr'>Item,</span> <span class='ocrx_word' id='word_1_468' title='bbox 436 2964 564 2995; x_wconf 89' lang='lat' dir='ltr'>Civitatis</span> <span class='ocrx_word' id='word_1_469' title='bbox 586 2962 794 2995; x_wconf 85' lang='lat' dir='ltr'>Londoniensis</span> <span class='ocrx_word' id='word_1_470' title='bbox 809 2987 819 3002; x_wconf 90' lang='lat'>,</span> <span class='ocrx_word' id='word_1_471' title='bbox 845 2963 880 2994; x_wconf 92' lang='lat'>&amp;</span> <span class='ocrx_word' id='word_1_472' title='bbox 901 2972 1002 2993; x_wconf 88' lang='lat' dir='ltr'>omnes</span> <span class='ocrx_word' id='word_1_473' title='bbox 1024 2962 1085 2992; x_wconf 79' lang='lat' dir='ltr'>aliae</span> <span class='ocrx_word' id='word_1_474' title='bbox 1104 2960 1259 3001; x_wconf 80' lang='lat' dir='ltr'>Civitates,</span> <span class='ocrx_word' id='word_1_475' title='bbox 1276 2961 1311 2994; x_wconf 89' lang='lat'>&amp;</span> 
     </span>
     <span class='ocr_line' id='line_1_61' title="bbox 246 3001 1142 3044; baseline -0.007 -8"><span class='ocrx_word' id='word_1_476' title='bbox 246 3004 397 3044; x_wconf 86' lang='lat' dir='ltr'>Burgenses</span> <span class='ocrx_word' id='word_1_477' title='bbox 411 3003 529 3033; x_wconf 80' lang='lat' dir='ltr'>habeant</span> <span class='ocrx_word' id='word_1_478' title='bbox 543 3003 599 3033; x_wconf 86' lang='lat' dir='ltr'>suas</span> <span class='ocrx_word' id='word_1_479' title='bbox 614 3004 703 3034; x_wconf 57' lang='lat' dir='ltr'>reecas</span> <span class='ocrx_word' id='word_1_480' title='bbox 717 3001 934 3034; x_wconf 88' lang='lat' dir='ltr'>consuetudines</span> <span class='ocrx_word' id='word_1_481' title='bbox 948 3002 981 3032; x_wconf 73' lang='grc' dir='ltr'>δε</span> <span class='ocrx_word' id='word_1_482' title='bbox 994 3001 1142 3032; x_wconf 75' lang='lat' dir='ltr'>libermtes.</span> 
     </span>
    </p>

    <p class='ocr_par' dir='ltr' id='par_1_19' title="bbox 283 3040 1310 3120">
     <span class='ocr_line' id='line_1_62' title="bbox 305 3040 1310 3084; baseline -0.002 -12"><span class='ocrx_word' id='word_1_483' title='bbox 305 3066 310 3072; x_wconf 95' lang='lat'>.</span> <span class='ocrx_word' id='word_1_484' title='bbox 329 3041 403 3072; x_wconf 86' lang='lat' dir='ltr'>Item</span> <span class='ocrx_word' id='word_1_485' title='bbox 420 3063 430 3078; x_wconf 84' lang='lat'>‚</span> <span class='ocrx_word' id='word_1_486' title='bbox 455 3051 556 3084; x_wconf 76' lang='lat' dir='ltr'>ornnes</span> <span class='ocrx_word' id='word_1_487' title='bbox 576 3041 699 3081; x_wconf 86' lang='lat' dir='ltr'>prisones</span> <span class='ocrx_word' id='word_1_488' title='bbox 712 3065 723 3080; x_wconf 96' lang='lat'>,</span> <span class='ocrx_word' id='word_1_489' title='bbox 747 3042 796 3080; x_wconf 88' lang='lat' dir='ltr'>qui</span> <span class='ocrx_word' id='word_1_490' title='bbox 817 3041 892 3081; x_wconf 89' lang='lat' dir='ltr'>capti</span> <span class='ocrx_word' id='word_1_491' title='bbox 904 3040 1017 3070; x_wconf 90' lang='lat' dir='ltr'>fuerunt</span> <span class='ocrx_word' id='word_1_492' title='bbox 1031 3049 1065 3070; x_wconf 83' lang='lat' dir='ltr'>ex</span> <span class='ocrx_word' id='word_1_493' title='bbox 1078 3048 1196 3078; x_wconf 85' lang='lat' dir='ltr'>utraque</span> <span class='ocrx_word' id='word_1_494' title='bbox 1215 3048 1310 3079; x_wconf 83' lang='lat' dir='ltr'>parte,</span> 
     </span>
     <span class='ocr_line' id='line_1_63' title="bbox 283 3053 1308 3120; baseline -0.004 -8"><span class='ocrx_word' id='word_1_495' title='bbox 283 3053 397 3120; x_wconf 69' lang='lat' dir='ltr'>i‘tquam</span> <span class='ocrx_word' id='word_1_496' title='bbox 411 3078 559 3109; x_wconf 88' lang='lat' dir='ltr'>Dominus</span> <span class='ocrx_word' id='word_1_497' title='bbox 573 3079 739 3110; x_wconf 84' lang='lat' dir='ltr'>Lodovicus</span> <span class='ocrx_word' id='word_1_498' title='bbox 753 3079 905 3119; x_wconf 82' lang='lat' dir='ltr'>applicavit</span> <span class='ocrx_word' id='word_1_499' title='bbox 918 3080 947 3109; x_wconf 94' lang='lat' dir='ltr'>in</span> <span class='ocrx_word' id='word_1_500' title='bbox 962 3078 1085 3117; x_wconf 86' lang='lat' dir='ltr'>Anglia,</span> <span class='ocrx_word' id='word_1_501' title='bbox 1102 3078 1308 3109; x_wconf 88' lang='lat' dir='ltr'>deliberentur:</span> 
     </span>
    </p>

    <p class='ocr_par' dir='ltr' id='par_1_20' title="bbox 245 3117 1311 3315">
     <span class='ocr_line' id='line_1_64' title="bbox 281 3117 1311 3157; baseline -0.003 -7"><span class='ocrx_word' id='word_1_502' title='bbox 281 3131 297 3150; x_wconf 94' lang='lat' dir='ltr'>e</span> <span class='ocrx_word' id='word_1_503' title='bbox 319 3119 376 3150; x_wconf 86' lang='lat' dir='ltr'>aliis</span> <span class='ocrx_word' id='word_1_504' title='bbox 398 3127 468 3149; x_wconf 90' lang='lat' dir='ltr'>veto</span> <span class='ocrx_word' id='word_1_505' title='bbox 483 3142 493 3155; x_wconf 92' lang='lat'>,</span> <span class='ocrx_word' id='word_1_506' title='bbox 518 3118 566 3155; x_wconf 86' lang='lat' dir='ltr'>qui</span> <span class='ocrx_word' id='word_1_507' title='bbox 582 3119 656 3155; x_wconf 83' lang='lat' dir='ltr'>capti</span> <span class='ocrx_word' id='word_1_508' title='bbox 677 3118 789 3148; x_wconf 89' lang='lat' dir='ltr'>fuerunt</span> <span class='ocrx_word' id='word_1_509' title='bbox 809 3126 875 3149; x_wconf 87' lang='lat' dir='ltr'>ante</span> <span class='ocrx_word' id='word_1_510' title='bbox 898 3119 1028 3155; x_wconf 90' lang='lat' dir='ltr'>primum</span> <span class='ocrx_word' id='word_1_511' title='bbox 1042 3119 1099 3157; x_wconf 90' lang='lat' dir='ltr'>ejus</span> <span class='ocrx_word' id='word_1_512' title='bbox 1113 3117 1267 3149; x_wconf 86' lang='lat' dir='ltr'>adventum</span> <span class='ocrx_word' id='word_1_513' title='bbox 1281 3118 1311 3147; x_wconf 88' lang='lat' dir='ltr'>in</span> 
     </span>
     <span class='ocr_line' id='line_1_65' title="bbox 246 3156 1309 3199; baseline -0.002 -10"><span class='ocrx_word' id='word_1_514' title='bbox 246 3158 367 3199; x_wconf 78' lang='lat' dir='ltr'>Anglia,</span> <span class='ocrx_word' id='word_1_515' title='bbox 386 3157 423 3187; x_wconf 86' lang='lat' dir='ltr'>fic</span> <span class='ocrx_word' id='word_1_516' title='bbox 438 3157 507 3193; x_wconf 75' lang='lat' dir='ltr'>erit,</span> <span class='ocrx_word' id='word_1_517' title='bbox 527 3156 605 3193; x_wconf 77' lang='lat' dir='ltr'>quod</span> <span class='ocrx_word' id='word_1_518' title='bbox 619 3156 768 3186; x_wconf 79' lang='lat' dir='ltr'>consilium</span> <span class='ocrx_word' id='word_1_519' title='bbox 783 3156 906 3187; x_wconf 89' lang='lat' dir='ltr'>Domini</span> <span class='ocrx_word' id='word_1_520' title='bbox 922 3157 1008 3196; x_wconf 87' lang='lat' dir='ltr'>Regis</span> <span class='ocrx_word' id='word_1_521' title='bbox 1026 3156 1137 3197; x_wconf 77' lang='lat' dir='ltr'>Angliae</span> <span class='ocrx_word' id='word_1_522' title='bbox 1153 3156 1238 3194; x_wconf 89' lang='lat' dir='ltr'>eliget</span> <span class='ocrx_word' id='word_1_523' title='bbox 1253 3164 1309 3187; x_wconf 86' lang='lat' dir='ltr'>tres</span> 
     </span>
     <span class='ocr_line' id='line_1_66' title="bbox 245 3194 1311 3233; baseline -0.003 -5"><span class='ocrx_word' id='word_1_524' title='bbox 245 3198 282 3228; x_wconf 88' lang='lat' dir='ltr'>de</span> <span class='ocrx_word' id='word_1_525' title='bbox 303 3196 423 3228; x_wconf 85' lang='lat' dir='ltr'>consilio</span> <span class='ocrx_word' id='word_1_526' title='bbox 446 3194 570 3225; x_wconf 87' lang='lat' dir='ltr'>Domini</span> <span class='ocrx_word' id='word_1_527' title='bbox 592 3194 737 3225; x_wconf 87' lang='lat' dir='ltr'>Lodovici</span> <span class='ocrx_word' id='word_1_528' title='bbox 750 3217 760 3233; x_wconf 87' lang='lat'>,</span> <span class='ocrx_word' id='word_1_529' title='bbox 785 3205 834 3232; x_wconf 89' lang='lat' dir='ltr'>per</span> <span class='ocrx_word' id='word_1_530' title='bbox 850 3205 976 3232; x_wconf 87' lang='lat' dir='ltr'>quorum</span> <span class='ocrx_word' id='word_1_531' title='bbox 988 3195 1193 3227; x_wconf 86' lang='lat' dir='ltr'>sacramentum</span> <span class='ocrx_word' id='word_1_532' title='bbox 1207 3194 1253 3225; x_wconf 90' lang='lat' dir='ltr'>fiat</span> <span class='ocrx_word' id='word_1_533' title='bbox 1268 3195 1311 3225; x_wconf 90' lang='lat' dir='ltr'>in-</span> 
     </span>
     <span class='ocr_line' id='line_1_67' title="bbox 246 3233 1309 3274; baseline -0.003 -7"><span class='ocrx_word' id='word_1_534' title='bbox 246 3236 359 3274; x_wconf 85' lang='lat' dir='ltr'>quisitio</span> <span class='ocrx_word' id='word_1_535' title='bbox 373 3235 422 3274; x_wconf 90' lang='lat' dir='ltr'>qui</span> <span class='ocrx_word' id='word_1_536' title='bbox 434 3233 538 3264; x_wconf 84' lang='lat' dir='ltr'>fuerint</span> <span class='ocrx_word' id='word_1_537' title='bbox 553 3233 684 3263; x_wconf 90' lang='lat' dir='ltr'>homines</span> <span class='ocrx_word' id='word_1_538' title='bbox 700 3233 746 3263; x_wconf 87' lang='lat' dir='ltr'>vel</span> <span class='ocrx_word' id='word_1_539' title='bbox 759 3234 873 3270; x_wconf 84' lang='lat' dir='ltr'>imptisii</span> <span class='ocrx_word' id='word_1_540' title='bbox 888 3233 1011 3264; x_wconf 88' lang='lat' dir='ltr'>Domini</span> <span class='ocrx_word' id='word_1_541' title='bbox 1025 3233 1172 3265; x_wconf 91' lang='lat' dir='ltr'>Lodovici</span> <span class='ocrx_word' id='word_1_542' title='bbox 1188 3233 1234 3264; x_wconf 90' lang='lat' dir='ltr'>die</span> <span class='ocrx_word' id='word_1_543' title='bbox 1249 3243 1309 3272; x_wconf 89' lang='lat' dir='ltr'>quo</span> 
     </span>
     <span class='ocr_line' id='line_1_68' title="bbox 246 3271 1220 3315; baseline -0.002 -10"><span class='ocrx_word' id='word_1_544' title='bbox 246 3276 321 3315; x_wconf 85' lang='lat' dir='ltr'>capti</span> <span class='ocrx_word' id='word_1_545' title='bbox 335 3274 456 3310; x_wconf 86' lang='lat' dir='ltr'>fuerint,</span> <span class='ocrx_word' id='word_1_546' title='bbox 474 3273 507 3303; x_wconf 75' lang='grc' dir='ltr'>δε</span> <span class='ocrx_word' id='word_1_547' title='bbox 520 3281 569 3309; x_wconf 90' lang='lat' dir='ltr'>per</span> <span class='ocrx_word' id='word_1_548' title='bbox 582 3271 788 3302; x_wconf 86' lang='lat' dir='ltr'>sacramentum</span> <span class='ocrx_word' id='word_1_549' title='bbox 803 3271 1008 3313; x_wconf 70' lang='lat' dir='ltr'>praedi&amp;0tum</span> <span class='ocrx_word' id='word_1_550' title='bbox 1022 3273 1220 3303; x_wconf 87' lang='lat' dir='ltr'>deliberentur.</span> 
     </span>
    </p>

    <p class='ocr_par' dir='ltr' id='par_1_21' title="bbox 245 3309 1311 3611">
     <span class='ocr_line' id='line_1_69' title="bbox 284 3309 1310 3351; baseline -0.002 -8"><span class='ocrx_word' id='word_1_551' title='bbox 284 3322 310 3351; x_wconf 88' lang='lat'>5.</span> <span class='ocrx_word' id='word_1_552' title='bbox 329 3312 420 3350; x_wconf 88' lang='lat' dir='ltr'>Item,</span> <span class='ocrx_word' id='word_1_553' title='bbox 438 3311 475 3341; x_wconf 90' lang='lat' dir='ltr'>de</span> <span class='ocrx_word' id='word_1_554' title='bbox 490 3311 626 3341; x_wconf 87' lang='lat' dir='ltr'>omnibus</span> <span class='ocrx_word' id='word_1_555' title='bbox 640 3309 795 3347; x_wconf 88' lang='lat' dir='ltr'>prisonibus</span> <span class='ocrx_word' id='word_1_556' title='bbox 811 3314 848 3340; x_wconf 80' lang='lat' dir='ltr'>iic</span> <span class='ocrx_word' id='word_1_557' title='bbox 865 3311 932 3348; x_wconf 71' lang='lat' dir='ltr'>erit,</span> <span class='ocrx_word' id='word_1_558' title='bbox 952 3311 1032 3349; x_wconf 89' lang='lat' dir='ltr'>quod</span> <span class='ocrx_word' id='word_1_559' title='bbox 1047 3321 1153 3350; x_wconf 88' lang='lat' dir='ltr'>omne,</span> <span class='ocrx_word' id='word_1_560' title='bbox 1171 3310 1250 3349; x_wconf 85' lang='lat' dir='ltr'>quod</span> <span class='ocrx_word' id='word_1_561' title='bbox 1265 3311 1310 3341; x_wconf 83' lang='lat' dir='ltr'>so·</span> 
     </span>
     <span class='ocr_line' id='line_1_70' title="bbox 245 3349 1311 3389; baseline -0.002 -7"><span class='ocrx_word' id='word_1_562' title='bbox 245 3352 336 3382; x_wconf 85' lang='lat' dir='ltr'>{utum</span> <span class='ocrx_word' id='word_1_563' title='bbox 357 3350 398 3381; x_wconf 88' lang='lat' dir='ltr'>est</span> <span class='ocrx_word' id='word_1_564' title='bbox 419 3350 455 3380; x_wconf 90' lang='lat' dir='ltr'>de</span> <span class='ocrx_word' id='word_1_565' title='bbox 470 3349 712 3387; x_wconf 85' lang='lat' dir='ltr'>redemptionibus</span> <span class='ocrx_word' id='word_1_566' title='bbox 725 3349 856 3386; x_wconf 82' lang='lat' dir='ltr'>illorum,</span> <span class='ocrx_word' id='word_1_567' title='bbox 873 3349 997 3380; x_wconf 87' lang='lat' dir='ltr'>solutum</span> <span class='ocrx_word' id='word_1_568' title='bbox 1011 3350 1062 3389; x_wconf 72' lang='lat' dir='ltr'>fit,</span> <span class='ocrx_word' id='word_1_569' title='bbox 1080 3351 1114 3381; x_wconf 90' lang='lat'>&amp;</span> <span class='ocrx_word' id='word_1_570' title='bbox 1129 3350 1157 3380; x_wconf 91' lang='lat' dir='ltr'>id</span> <span class='ocrx_word' id='word_1_571' title='bbox 1171 3349 1251 3388; x_wconf 89' lang='lat' dir='ltr'>quod</span> <span class='ocrx_word' id='word_1_572' title='bbox 1266 3350 1311 3380; x_wconf 88' lang='lat' dir='ltr'>so-</span> 
     </span>
     <span class='ocr_line' id='line_1_71' title="bbox 247 3387 1311 3427; baseline -0.001 -7"><span class='ocrx_word' id='word_1_573' title='bbox 247 3390 340 3420; x_wconf 89' lang='lat' dir='ltr'>lutum</span> <span class='ocrx_word' id='word_1_574' title='bbox 354 3399 414 3419; x_wconf 89' lang='lat' dir='ltr'>non</span> <span class='ocrx_word' id='word_1_575' title='bbox 430 3387 489 3425; x_wconf 85' lang='lat' dir='ltr'>est,</span> <span class='ocrx_word' id='word_1_576' title='bbox 507 3387 582 3418; x_wconf 89' lang='lat' dir='ltr'>unde</span> <span class='ocrx_word' id='word_1_577' title='bbox 595 3388 707 3419; x_wconf 85' lang='lat' dir='ltr'>termini</span> <span class='ocrx_word' id='word_1_578' title='bbox 721 3387 886 3417; x_wconf 85' lang='lat' dir='ltr'>traniierunt</span> <span class='ocrx_word' id='word_1_579' title='bbox 899 3411 909 3425; x_wconf 94' lang='lat'>,</span> <span class='ocrx_word' id='word_1_580' title='bbox 927 3388 1067 3427; x_wconf 78' lang='lat' dir='ltr'>solvatur,</span> <span class='ocrx_word' id='word_1_581' title='bbox 1085 3389 1120 3419; x_wconf 91' lang='lat'>&amp;</span> <span class='ocrx_word' id='word_1_582' title='bbox 1136 3388 1311 3427; x_wconf 87' lang='lat' dir='ltr'>redemptio-</span> 
     </span>
     <span class='ocr_line' id='line_1_72' title="bbox 247 3425 1310 3464; baseline 0 -6"><span class='ocrx_word' id='word_1_583' title='bbox 247 3438 318 3458; x_wconf 87' lang='lat' dir='ltr'>num</span> <span class='ocrx_word' id='word_1_584' title='bbox 333 3427 472 3458; x_wconf 73' lang='lat' dir='ltr'>residuum</span> <span class='ocrx_word' id='word_1_585' title='bbox 488 3427 615 3464; x_wconf 89' lang='lat' dir='ltr'>quietum</span> <span class='ocrx_word' id='word_1_586' title='bbox 629 3426 675 3457; x_wconf 83' lang='lat' dir='ltr'>sit:</span> <span class='ocrx_word' id='word_1_587' title='bbox 695 3426 729 3456; x_wconf 88' lang='lat'>&amp;</span> <span class='ocrx_word' id='word_1_588' title='bbox 745 3450 754 3463; x_wconf 90' lang='lat'>,</span> <span class='ocrx_word' id='word_1_589' title='bbox 778 3425 798 3455; x_wconf 86' lang='lat' dir='ltr'>fi</span> <span class='ocrx_word' id='word_1_590' title='bbox 814 3427 963 3457; x_wconf 87' lang='lat' dir='ltr'>contentio</span> <span class='ocrx_word' id='word_1_591' title='bbox 978 3426 1040 3464; x_wconf 86' lang='lat' dir='ltr'>fiat,</span> <span class='ocrx_word' id='word_1_592' title='bbox 1059 3428 1093 3458; x_wconf 89' lang='lat'>&amp;</span> <span class='ocrx_word' id='word_1_593' title='bbox 1109 3426 1216 3458; x_wconf 85' lang='lat' dir='ltr'>dicatur</span> <span class='ocrx_word' id='word_1_594' title='bbox 1251 3427 1310 3458; x_wconf 88' lang='lat' dir='ltr'>uod</span> 
     </span>
     <span class='ocr_line' id='line_1_73' title="bbox 247 3437 1311 3508; baseline 0 -12"><span class='ocrx_word' id='word_1_595' title='bbox 247 3466 361 3508; x_wconf 75' lang='lat' dir='ltr'>termini</span> <span class='ocrx_word' id='word_1_596' title='bbox 382 3466 418 3495; x_wconf 92' lang='lat' dir='ltr'>de</span> <span class='ocrx_word' id='word_1_597' title='bbox 431 3464 673 3508; x_wconf 81' lang='lat' dir='ltr'>redemptionibus</span> <span class='ocrx_word' id='word_1_598' title='bbox 687 3464 831 3502; x_wconf 86' lang='lat' dir='ltr'>prisonum</span> <span class='ocrx_word' id='word_1_599' title='bbox 846 3465 979 3502; x_wconf 62' lang='lat' dir='ltr'>praeteriti</span> <span class='ocrx_word' id='word_1_600' title='bbox 991 3464 1060 3503; x_wconf 84' lang='lat' dir='ltr'>sint,</span> <span class='ocrx_word' id='word_1_601' title='bbox 1077 3437 1311 3496; x_wconf 71' lang='lat' dir='ltr'>consiliumqDo-</span> 
     </span>
     <span class='ocr_line' id='line_1_74' title="bbox 249 3502 1310 3544; baseline -0.001 -9"><span class='ocrx_word' id='word_1_602' title='bbox 249 3506 321 3535; x_wconf 78' lang='lat' dir='ltr'>mini</span> <span class='ocrx_word' id='word_1_603' title='bbox 342 3504 484 3534; x_wconf 84' lang='lat' dir='ltr'>Lodovici</span> <span class='ocrx_word' id='word_1_604' title='bbox 508 3505 588 3544; x_wconf 76' lang='lat' dir='ltr'>eligat</span> <span class='ocrx_word' id='word_1_605' title='bbox 610 3513 664 3534; x_wconf 89' lang='lat' dir='ltr'>tres</span> <span class='ocrx_word' id='word_1_606' title='bbox 685 3503 722 3534; x_wconf 91' lang='lat' dir='ltr'>de</span> <span class='ocrx_word' id='word_1_607' title='bbox 735 3503 853 3534; x_wconf 72' lang='lat' dir='ltr'>consilio</span> <span class='ocrx_word' id='word_1_608' title='bbox 868 3503 994 3534; x_wconf 88' lang='lat' dir='ltr'>Domini</span> <span class='ocrx_word' id='word_1_609' title='bbox 1008 3502 1097 3542; x_wconf 86' lang='lat' dir='ltr'>Regis</span> <span class='ocrx_word' id='word_1_610' title='bbox 1114 3503 1241 3543; x_wconf 78' lang='lat' dir='ltr'>Angliae,</span> <span class='ocrx_word' id='word_1_611' title='bbox 1259 3514 1310 3541; x_wconf 89' lang='lat' dir='ltr'>per</span> 
     </span>
     <span class='ocr_line' id='line_1_75' title="bbox 247 3539 1309 3584; baseline 0.001 -12"><span class='ocrx_word' id='word_1_612' title='bbox 247 3551 372 3584; x_wconf 79' lang='lat' dir='ltr'>quorum</span> <span class='ocrx_word' id='word_1_613' title='bbox 398 3542 603 3573; x_wconf 86' lang='lat' dir='ltr'>sacramentum</span> <span class='ocrx_word' id='word_1_614' title='bbox 629 3543 804 3581; x_wconf 74' lang='lat' dir='ltr'>declarentur</span> <span class='ocrx_word' id='word_1_615' title='bbox 832 3542 853 3572; x_wconf 88' lang='lat' dir='ltr'>si</span> <span class='ocrx_word' id='word_1_616' title='bbox 875 3542 989 3573; x_wconf 89' lang='lat' dir='ltr'>termini</span> <span class='ocrx_word' id='word_1_617' title='bbox 1009 3539 1046 3571; x_wconf 91' lang='lat' dir='ltr'>de</span> <span class='ocrx_word' id='word_1_618' title='bbox 1065 3540 1309 3580; x_wconf 83' lang='lat' dir='ltr'>redemptionibus</span> 
     </span>
     <span class='ocr_line' id='line_1_76' title="bbox 245 3582 519 3611; baseline -0.004 0"><span class='ocrx_word' id='word_1_619' title='bbox 245 3582 407 3611; x_wconf 85' lang='lat' dir='ltr'>tranlierunt</span> <span class='ocrx_word' id='word_1_620' title='bbox 420 3590 519 3610; x_wconf 87' lang='lat' dir='ltr'>necne.</span> 
     </span>
    </p>

    <p class='ocr_par' dir='ltr' id='par_1_22' title="bbox 248 3617 1309 3734">
     <span class='ocr_line' id='line_1_77' title="bbox 285 3617 1308 3661; baseline 0.005 -15"><span class='ocrx_word' id='word_1_621' title='bbox 285 3617 370 3661; x_wconf 42' lang='lat' dir='ltr'>63Et</span> <span class='ocrx_word' id='word_1_622' title='bbox 392 3618 420 3660; x_wconf 75' lang='lat' dir='ltr'>fi¹</span> <span class='ocrx_word' id='word_1_623' title='bbox 433 3628 448 3647; x_wconf 88' lang='lat' dir='ltr'>a</span> <span class='ocrx_word' id='word_1_624' title='bbox 470 3619 515 3649; x_wconf 89' lang='lat' dir='ltr'>die</span> <span class='ocrx_word' id='word_1_625' title='bbox 537 3619 638 3650; x_wconf 83' lang='lat' dir='ltr'>Martis</span> <span class='ocrx_word' id='word_1_626' title='bbox 658 3621 786 3659; x_wconf 84' lang='lat' dir='ltr'>proxima</span> <span class='ocrx_word' id='word_1_627' title='bbox 805 3626 870 3650; x_wconf 86' lang='lat' dir='ltr'>ante</span> <span class='ocrx_word' id='word_1_628' title='bbox 888 3618 993 3649; x_wconf 90' lang='lat' dir='ltr'>festum</span> <span class='ocrx_word' id='word_1_629' title='bbox 1014 3618 1185 3649; x_wconf 72' lang='lat' dir='ltr'>exaltationis</span> <span class='ocrx_word' id='word_1_630' title='bbox 1206 3619 1308 3651; x_wconf 62' lang='lat' dir='ltr'>sanetae</span> 
     </span>
     <span class='ocr_line' id='line_1_78' title="bbox 248 3655 1309 3700; baseline 0.003 -15"><span class='ocrx_word' id='word_1_631' title='bbox 248 3666 340 3700; x_wconf 76' lang='lat' dir='ltr'>crucis</span> <span class='ocrx_word' id='word_1_632' title='bbox 355 3680 365 3693; x_wconf 93' lang='lat'>,</span> <span class='ocrx_word' id='word_1_633' title='bbox 388 3656 477 3699; x_wconf 70' lang='lat' dir='ltr'>aliqua</span> <span class='ocrx_word' id='word_1_634' title='bbox 497 3657 654 3688; x_wconf 69' lang='lat' dir='ltr'>destruetio</span> <span class='ocrx_word' id='word_1_635' title='bbox 665 3657 742 3688; x_wconf 82' lang='lat' dir='ltr'>fieret</span> <span class='ocrx_word' id='word_1_636' title='bbox 758 3655 913 3695; x_wconf 73' lang='lat' dir='ltr'>prffonibus</span> <span class='ocrx_word' id='word_1_637' title='bbox 925 3659 959 3690; x_wconf 90' lang='lat'>&amp;</span> <span class='ocrx_word' id='word_1_638' title='bbox 974 3657 1009 3688; x_wconf 89' lang='lat' dir='ltr'>de</span> <span class='ocrx_word' id='word_1_639' title='bbox 1023 3657 1162 3689; x_wconf 87' lang='lat' dir='ltr'>solutione</span> <span class='ocrx_word' id='word_1_640' title='bbox 1176 3658 1309 3697; x_wconf 89' lang='lat' dir='ltr'>redemp-</span> 
     </span>
     <span class='ocr_line' id='line_1_79' title="bbox 249 3693 778 3734; baseline 0.002 -10"><span class='ocrx_word' id='word_1_641' title='bbox 249 3703 363 3726; x_wconf 79' lang='lat' dir='ltr'>tionum</span> <span class='ocrx_word' id='word_1_642' title='bbox 378 3693 502 3725; x_wconf 78' lang='lat' dir='ltr'>facienda</span> <span class='ocrx_word' id='word_1_643' title='bbox 511 3718 520 3733; x_wconf 86' lang='lat'>,</span> <span class='ocrx_word' id='word_1_644' title='bbox 539 3697 604 3727; x_wconf 88' lang='lat' dir='ltr'>inde</span> <span class='ocrx_word' id='word_1_645' title='bbox 619 3698 705 3734; x_wconf 86' lang='lat' dir='ltr'>quieti</span> <span class='ocrx_word' id='word_1_646' title='bbox 718 3696 778 3726; x_wconf 83' lang='lat' dir='ltr'>sint.</span> 
     </span>
    </p>

    <p class='ocr_par' dir='ltr' id='par_1_23' title="bbox 248 3732 1311 3917">
     <span class='ocr_line' id='line_1_80' title="bbox 283 3732 1311 3777; baseline 0.005 -17"><span class='ocrx_word' id='word_1_647' title='bbox 283 3741 315 3777; x_wconf 51' lang='grc' dir='ltr'>ἱ7.</span> <span class='ocrx_word' id='word_1_648' title='bbox 335 3732 446 3761; x_wconf 85' lang='lat' dir='ltr'>Omnes</span> <span class='ocrx_word' id='word_1_649' title='bbox 468 3733 589 3769; x_wconf 84' lang='lat' dir='ltr'>prisones</span> <span class='ocrx_word' id='word_1_650' title='bbox 610 3737 644 3766; x_wconf 91' lang='lat'>&amp;</span> <span class='ocrx_word' id='word_1_651' title='bbox 666 3735 728 3773; x_wconf 86' lang='lat' dir='ltr'>alii,</span> <span class='ocrx_word' id='word_1_652' title='bbox 743 3734 780 3764; x_wconf 88' lang='lat' dir='ltr'>de</span> <span class='ocrx_word' id='word_1_653' title='bbox 795 3734 903 3773; x_wconf 86' lang='lat' dir='ltr'>Regno</span> <span class='ocrx_word' id='word_1_654' title='bbox 919 3735 1047 3776; x_wconf 86' lang='lat' dir='ltr'>Angliae,</span> <span class='ocrx_word' id='word_1_655' title='bbox 1065 3736 1115 3774; x_wconf 91' lang='lat' dir='ltr'>qui</span> <span class='ocrx_word' id='word_1_656' title='bbox 1129 3744 1229 3767; x_wconf 90' lang='lat' dir='ltr'>contra</span> <span class='ocrx_word' id='word_1_657' title='bbox 1243 3734 1311 3765; x_wconf 95' lang='lat' dir='ltr'>Do-</span> 
     </span>
     <span class='ocr_line' id='line_1_81' title="bbox 249 3769 1309 3815; baseline 0.004 -15"><span class='ocrx_word' id='word_1_658' title='bbox 249 3781 363 3815; x_wconf 84' lang='lat' dir='ltr'>minum</span> <span class='ocrx_word' id='word_1_659' title='bbox 382 3769 498 3806; x_wconf 86' lang='lat' dir='ltr'>Regem</span> <span class='ocrx_word' id='word_1_660' title='bbox 515 3771 676 3815; x_wconf 66' lang='lat' dir='ltr'>johannem</span> <span class='ocrx_word' id='word_1_661' title='bbox 691 3797 701 3811; x_wconf 90' lang='lat'>,</span> <span class='ocrx_word' id='word_1_662' title='bbox 726 3772 873 3811; x_wconf 84' lang='lat' dir='ltr'>quondam</span> <span class='ocrx_word' id='word_1_663' title='bbox 894 3774 1006 3814; x_wconf 85' lang='lat' dir='ltr'>Regem</span> <span class='ocrx_word' id='word_1_664' title='bbox 1096 3774 1139 3805; x_wconf 87' lang='lat' dir='ltr'>liae</span> <span class='ocrx_word' id='word_1_665' title='bbox 1153 3799 1163 3813; x_wconf 91' lang='lat'>,</span> <span class='ocrx_word' id='word_1_666' title='bbox 1190 3774 1309 3812; x_wconf 88' lang='lat' dir='ltr'>fuerint,</span> 
     </span>
     <span class='ocr_line' id='line_1_82' title="bbox 248 3808 1309 3852; baseline 0.002 -11"><span class='ocrx_word' id='word_1_667' title='bbox 248 3810 370 3847; x_wconf 79' lang='lat' dir='ltr'>faciant,</span> <span class='ocrx_word' id='word_1_668' title='bbox 388 3818 438 3845; x_wconf 87' lang='lat' dir='ltr'>per</span> <span class='ocrx_word' id='word_1_669' title='bbox 459 3808 625 3845; x_wconf 77' lang='lat' dir='ltr'>homagium</span> <span class='ocrx_word' id='word_1_670' title='bbox 642 3836 651 3849; x_wconf 88' lang='lat'>,</span> <span class='ocrx_word' id='word_1_671' title='bbox 670 3811 841 3842; x_wconf 84' lang='lat' dir='ltr'>securitatem</span> <span class='ocrx_word' id='word_1_672' title='bbox 863 3811 996 3844; x_wconf 90' lang='lat' dir='ltr'>Domino</span> <span class='ocrx_word' id='word_1_673' title='bbox 1015 3813 1057 3843; x_wconf 87' lang='lat' dir='ltr'>H.</span> <span class='ocrx_word' id='word_1_674' title='bbox 1108 3814 1152 3852; x_wconf 87' lang='lat' dir='ltr'>egi</span> <span class='ocrx_word' id='word_1_675' title='bbox 1174 3812 1286 3852; x_wconf 84' lang='lat' dir='ltr'>Angliae</span> <span class='ocrx_word' id='word_1_676' title='bbox 1299 3837 1309 3851; x_wconf 87' lang='lat'>,</span> 
     </span>
     <span class='ocr_line' id='line_1_83' title="bbox 249 3847 1310 3892; baseline 0.004 -13"><span class='ocrx_word' id='word_1_677' title='bbox 249 3847 404 3879; x_wconf 86' lang='lat' dir='ltr'>secundum</span> <span class='ocrx_word' id='word_1_678' title='bbox 427 3847 520 3885; x_wconf 79' lang='lat' dir='ltr'>legem</span> <span class='ocrx_word' id='word_1_679' title='bbox 541 3849 575 3878; x_wconf 88' lang='lat'>&amp;</span> <span class='ocrx_word' id='word_1_680' title='bbox 594 3850 826 3881; x_wconf 85' lang='lat' dir='ltr'>consuetudinem</span> <span class='ocrx_word' id='word_1_681' title='bbox 846 3849 944 3889; x_wconf 88' lang='lat' dir='ltr'>Regni</span> <span class='ocrx_word' id='word_1_682' title='bbox 960 3852 1091 3892; x_wconf 86' lang='lat' dir='ltr'>Angliae,</span> <span class='ocrx_word' id='word_1_683' title='bbox 1108 3853 1143 3883; x_wconf 91' lang='lat'>&amp;</span> <span class='ocrx_word' id='word_1_684' title='bbox 1156 3861 1207 3890; x_wconf 90' lang='lat' dir='ltr'>per</span> <span class='ocrx_word' id='word_1_685' title='bbox 1223 3853 1310 3883; x_wconf 90' lang='lat' dir='ltr'>sacra-</span> 
     </span>
     <span class='ocr_line' id='line_1_84' title="bbox 248 3885 569 3917; baseline -0.012 0"><span class='ocrx_word' id='word_1_686' title='bbox 248 3895 343 3917; x_wconf 87' lang='lat' dir='ltr'>menta</span> <span class='ocrx_word' id='word_1_687' title='bbox 357 3886 390 3916; x_wconf 88' lang='lat'>&amp;</span> <span class='ocrx_word' id='word_1_688' title='bbox 404 3894 490 3916; x_wconf 87' lang='lat' dir='ltr'>cattas</span> <span class='ocrx_word' id='word_1_689' title='bbox 504 3885 569 3915; x_wconf 86' lang='lat' dir='ltr'>suas.</span> 
     </span>
    </p>

    <p class='ocr_par' dir='ltr' id='par_1_24' title="bbox 249 3923 1311 4039">
     <span class='ocr_line' id='line_1_85' title="bbox 289 3923 1310 3969; baseline 0.002 -11"><span class='ocrx_word' id='word_1_690' title='bbox 289 3926 316 3954; x_wconf 81' lang='lat'>8·</span> <span class='ocrx_word' id='word_1_691' title='bbox 336 3925 409 3955; x_wconf 84' lang='lat' dir='ltr'>Item</span> <span class='ocrx_word' id='word_1_692' title='bbox 418 3948 428 3961; x_wconf 77' lang='lat'>,</span> <span class='ocrx_word' id='word_1_693' title='bbox 446 3923 592 3967; x_wconf 55' lang='lat' dir='ltr'>Dominus</span> <span class='ocrx_word' id='word_1_694' title='bbox 609 3925 774 3969; x_wconf 61' lang='lat' dir='ltr'>Ludovicus</span> <span class='ocrx_word' id='word_1_695' title='bbox 788 3926 885 3958; x_wconf 90' lang='lat' dir='ltr'>reddet</span> <span class='ocrx_word' id='word_1_696' title='bbox 899 3937 1000 3959; x_wconf 77' lang='lat' dir='ltr'>omnes</span> <span class='ocrx_word' id='word_1_697' title='bbox 1013 3929 1124 3961; x_wconf 86' lang='lat' dir='ltr'>obsides</span> <span class='ocrx_word' id='word_1_698' title='bbox 1137 3928 1206 3967; x_wconf 82' lang='lat' dir='ltr'>illis,</span> <span class='ocrx_word' id='word_1_699' title='bbox 1222 3939 1238 3960; x_wconf 90' lang='lat' dir='ltr'>a</span> <span class='ocrx_word' id='word_1_700' title='bbox 1247 3930 1310 3968; x_wconf 91' lang='lat' dir='ltr'>qui-</span> 
     </span>
     <span class='ocr_line' id='line_1_86' title="bbox 249 3962 1311 4007; baseline 0.008 -15"><span class='ocrx_word' id='word_1_701' title='bbox 249 3962 302 4006; x_wconf 78' lang='lat' dir='ltr'>bus</span> <span class='ocrx_word' id='word_1_702' title='bbox 317 3973 366 3993; x_wconf 91' lang='lat' dir='ltr'>eos</span> <span class='ocrx_word' id='word_1_703' title='bbox 380 3963 493 4000; x_wconf 83' lang='lat' dir='ltr'>habuit,</span> <span class='ocrx_word' id='word_1_704' title='bbox 508 3972 558 4007; x_wconf 65' lang='lat' dir='ltr'>qiu</span> <span class='ocrx_word' id='word_1_705' title='bbox 572 3963 664 4006; x_wconf 68' lang='lat' dir='ltr'>traditi</span> <span class='ocrx_word' id='word_1_706' title='bbox 676 3965 778 3995; x_wconf 87' lang='lat' dir='ltr'>fuerint</span> <span class='ocrx_word' id='word_1_707' title='bbox 793 3975 845 4003; x_wconf 89' lang='lat' dir='ltr'>pro</span> <span class='ocrx_word' id='word_1_708' title='bbox 861 3968 996 4005; x_wconf 86' lang='lat' dir='ltr'>pecunia,</span> <span class='ocrx_word' id='word_1_709' title='bbox 1009 3968 1085 3999; x_wconf 91' lang='lat' dir='ltr'>unde</span> <span class='ocrx_word' id='word_1_710' title='bbox 1096 3969 1209 3999; x_wconf 87' lang='lat' dir='ltr'>termini</span> <span class='ocrx_word' id='word_1_711' title='bbox 1222 3977 1311 3999; x_wconf 83' lang='lat' dir='ltr'>trans-</span> 
     </span>
     <span class='ocr_line' id='line_1_87' title="bbox 249 4001 800 4039; baseline 0.002 -8"><span class='ocrx_word' id='word_1_712' title='bbox 249 4009 339 4031; x_wconf 85' lang='lat' dir='ltr'>ierunt</span> <span class='ocrx_word' id='word_1_713' title='bbox 356 4013 366 4039; x_wconf 69' lang='grc' dir='ltr'>ε,</span> <span class='ocrx_word' id='word_1_714' title='bbox 385 4002 418 4032; x_wconf 84' lang='lat'>&amp;</span> <span class='ocrx_word' id='word_1_715' title='bbox 433 4001 520 4031; x_wconf 91' lang='lat' dir='ltr'>soluta</span> <span class='ocrx_word' id='word_1_716' title='bbox 536 4001 653 4038; x_wconf 58' lang='lat' dir='ltr'>pecunia</span> <span class='ocrx_word' id='word_1_717' title='bbox 667 4002 800 4034; x_wconf 86' lang='lat' dir='ltr'>liberabit.</span> 
     </span>
    </p>

    <p class='ocr_par' dir='ltr' id='par_1_25' title="bbox 287 4038 1306 4083">
     <span class='ocr_line' id='line_1_88' title="bbox 287 4038 1306 4083; baseline 0.005 -12"><span class='ocrx_word' id='word_1_718' title='bbox 287 4049 315 4077; x_wconf 86' lang='lat'>9.</span> <span class='ocrx_word' id='word_1_719' title='bbox 332 4038 425 4078; x_wconf 86' lang='lat' dir='ltr'>Item,</span> <span class='ocrx_word' id='word_1_720' title='bbox 444 4038 594 4071; x_wconf 84' lang='lat' dir='ltr'>reddentur</span> <span class='ocrx_word' id='word_1_721' title='bbox 609 4039 741 4072; x_wconf 89' lang='lat' dir='ltr'>Domino</span> <span class='ocrx_word' id='word_1_722' title='bbox 757 4041 832 4082; x_wconf 83' lang='lat' dir='ltr'>Regi</span> <span class='ocrx_word' id='word_1_723' title='bbox 847 4041 960 4081; x_wconf 65' lang='lat' dir='ltr'>Angli-„e</span> <span class='ocrx_word' id='word_1_724' title='bbox 974 4044 1008 4076; x_wconf 90' lang='lat'>&amp;</span> <span class='ocrx_word' id='word_1_725' title='bbox 1022 4044 1091 4083; x_wconf 85' lang='lat' dir='ltr'>suis,</span> <span class='ocrx_word' id='word_1_726' title='bbox 1109 4054 1210 4077; x_wconf 85' lang='lat' dir='ltr'>ornnes</span> <span class='ocrx_word' id='word_1_727' title='bbox 1224 4043 1306 4076; x_wconf 82' lang='lat' dir='ltr'>Civi-</span> 
     </span>
    </p>
   </div>
   <div class='ocr_carea' id='block_1_12' title="bbox 1327 114 1906 170">
    <p class='ocr_par' dir='ltr' id='par_1_26' title="bbox 1327 114 1906 170">
     <span class='ocr_line' id='line_1_89' title="bbox 1327 114 1906 170; baseline 0.003 -9"><span class='ocrx_word' id='word_1_728' title='bbox 1327 118 1456 165; x_wconf 67' lang='grc' dir='ltr'>ΕΞ,</span> <span class='ocrx_word' id='word_1_729' title='bbox 1511 114 1906 170; x_wconf 77' lang='lat' dir='ltr'>LiTERAE,</span> 
     </span>
    </p>
   </div>
   <div class='ocr_carea' id='block_1_13' title="bbox 1318 203 2542 1752">
    <p class='ocr_par' dir='ltr' id='par_1_27' title="bbox 1318 203 2542 288">
     <span class='ocr_line' id='line_1_90' title="bbox 1318 203 2542 252; baseline 0.003 -15"><span class='ocrx_word' id='word_1_730' title='bbox 1318 213 1405 249; x_wconf 73' lang='lat' dir='ltr'>tates,</span> <span class='ocrx_word' id='word_1_731' title='bbox 1422 203 1510 250; x_wconf 80' lang='lat' dir='ltr'>Burgi</span> <span class='ocrx_word' id='word_1_732' title='bbox 1525 230 1535 244; x_wconf 92' lang='lat'>,</span> <span class='ocrx_word' id='word_1_733' title='bbox 1551 205 1586 237; x_wconf 86' lang='lat'>&amp;</span> <span class='ocrx_word' id='word_1_734' title='bbox 1607 204 1724 245; x_wconf 88' lang='lat' dir='ltr'>Castra,</span> <span class='ocrx_word' id='word_1_735' title='bbox 1743 208 1777 239; x_wconf 90' lang='lat'>&amp;</span> <span class='ocrx_word' id='word_1_736' title='bbox 1789 207 1911 252; x_wconf 78' lang='lat' dir='ltr'>Terrae,</span> <span class='ocrx_word' id='word_1_737' title='bbox 1928 217 1992 246; x_wconf 83' lang='lat' dir='ltr'>quae</span> <span class='ocrx_word' id='word_1_738' title='bbox 2006 217 2155 251; x_wconf 86' lang='lat' dir='ltr'>occupatae</span> <span class='ocrx_word' id='word_1_739' title='bbox 2170 208 2232 241; x_wconf 87' lang='lat' dir='ltr'>sunt</span> <span class='ocrx_word' id='word_1_740' title='bbox 2245 219 2296 249; x_wconf 87' lang='lat' dir='ltr'>per</span> <span class='ocrx_word' id='word_1_741' title='bbox 2308 220 2391 251; x_wconf 88' lang='lat' dir='ltr'>guet-</span> <span class='ocrx_word' id='word_1_742' title='bbox 2411 208 2489 240; x_wconf 87' lang='lat' dir='ltr'>Ann.</span> <span class='ocrx_word' id='word_1_743' title='bbox 2500 208 2542 241; x_wconf 85' lang='lat' dir='ltr'>D.</span> 
     </span>
     <span class='ocr_line' id='line_1_91' title="bbox 1320 243 2527 288; baseline 0.002 -14"><span class='ocrx_word' id='word_1_744' title='bbox 1320 253 1382 275; x_wconf 87' lang='lat' dir='ltr'>ram</span> <span class='ocrx_word' id='word_1_745' title='bbox 1396 243 1477 274; x_wconf 85' lang='lat' dir='ltr'>istam</span> <span class='ocrx_word' id='word_1_746' title='bbox 1491 254 1522 274; x_wconf 90' lang='lat' dir='ltr'>in</span> <span class='ocrx_word' id='word_1_747' title='bbox 1536 254 1712 288; x_wconf 82' lang='lat' dir='ltr'>quocunque</span> <span class='ocrx_word' id='word_1_748' title='bbox 1725 246 1796 276; x_wconf 89' lang='lat' dir='ltr'>loco</span> <span class='ocrx_word' id='word_1_749' title='bbox 1810 245 1908 285; x_wconf 81' lang='lat' dir='ltr'>Regni</span> <span class='ocrx_word' id='word_1_750' title='bbox 1921 247 2032 287; x_wconf 72' lang='lat' dir='ltr'>Angline</span> <span class='ocrx_word' id='word_1_751' title='bbox 2046 248 2106 279; x_wconf 84' lang='lat' dir='ltr'>sint.</span> <span class='ocrx_word' id='word_1_752' title='bbox 2440 255 2527 284; x_wconf 83' lang='lat'>1217.</span> 
     </span>
    </p>

    <p class='ocr_par' dir='ltr' id='par_1_28' title="bbox 1322 281 2527 517">
     <span class='ocr_line' id='line_1_92' title="bbox 1366 281 2527 327; baseline 0.007 -15"><span class='ocrx_word' id='word_1_753' title='bbox 1366 292 1412 312; x_wconf 91' lang='lat'>10.</span> <span class='ocrx_word' id='word_1_754' title='bbox 1431 281 1524 321; x_wconf 82' lang='lat' dir='ltr'>Item,</span> <span class='ocrx_word' id='word_1_755' title='bbox 1542 283 1580 313; x_wconf 90' lang='lat' dir='ltr'>de</span> <span class='ocrx_word' id='word_1_756' title='bbox 1593 283 1691 327; x_wconf 80' lang='lat' dir='ltr'>Infulis</span> <span class='ocrx_word' id='word_1_757' title='bbox 1705 285 1743 314; x_wconf 84' lang='lat' dir='ltr'>fic</span> <span class='ocrx_word' id='word_1_758' title='bbox 1758 284 1822 322; x_wconf 65' lang='lat' dir='ltr'>fiet,</span> <span class='ocrx_word' id='word_1_759' title='bbox 1841 285 1988 316; x_wconf 86' lang='lat' dir='ltr'>Dominus</span> <span class='ocrx_word' id='word_1_760' title='bbox 2000 286 2170 318; x_wconf 87' lang='lat' dir='ltr'>Lodovicus</span> <span class='ocrx_word' id='word_1_761' title='bbox 2183 287 2276 318; x_wconf 84' lang='lat' dir='ltr'>mittet</span> <span class='ocrx_word' id='word_1_762' title='bbox 2289 287 2392 321; x_wconf 85' lang='lat' dir='ltr'>litteras</span> <span class='ocrx_word' id='word_1_763' title='bbox 2412 291 2477 315; x_wconf 73' lang='lat' dir='ltr'>Hm-</span> <span class='ocrx_word' id='word_1_764' title='bbox 2500 297 2527 325; x_wconf 83' lang='lat'>3·</span> 
     </span>
     <span class='ocr_line' id='line_1_93' title="bbox 1322 319 2392 365; baseline 0.005 -13"><span class='ocrx_word' id='word_1_765' title='bbox 1322 319 1380 352; x_wconf 85' lang='lat' dir='ltr'>suas</span> <span class='ocrx_word' id='word_1_766' title='bbox 1399 329 1524 359; x_wconf 83' lang='lat' dir='ltr'>patentes</span> <span class='ocrx_word' id='word_1_767' title='bbox 1543 320 1675 365; x_wconf 65' lang='lat' dir='ltr'>fratribus</span> <span class='ocrx_word' id='word_1_768' title='bbox 1698 321 1842 353; x_wconf 84' lang='lat' dir='ltr'>Eustachii</span> <span class='ocrx_word' id='word_1_769' title='bbox 1866 323 2030 364; x_wconf 84' lang='lat' dir='ltr'>Monachi,</span> <span class='ocrx_word' id='word_1_770' title='bbox 2055 327 2219 364; x_wconf 72' lang='lat' dir='ltr'>praecipiens</span> <span class='ocrx_word' id='word_1_771' title='bbox 2240 326 2320 364; x_wconf 89' lang='lat' dir='ltr'>quod</span> <span class='ocrx_word' id='word_1_772' title='bbox 2334 328 2392 359; x_wconf 85' lang='lat' dir='ltr'>illas</span> 
     </span>
     <span class='ocr_line' id='line_1_94' title="bbox 1323 359 2394 407; baseline 0.007 -18"><span class='ocrx_word' id='word_1_773' title='bbox 1323 359 1441 404; x_wconf 76' lang='lat' dir='ltr'>reddant</span> <span class='ocrx_word' id='word_1_774' title='bbox 1456 359 1591 404; x_wconf 81' lang='lat' dir='ltr'>Domino</span> <span class='ocrx_word' id='word_1_775' title='bbox 1605 359 1738 392; x_wconf 89' lang='lat' dir='ltr'>Henrico</span> <span class='ocrx_word' id='word_1_776' title='bbox 1754 361 1785 392; x_wconf 88' lang='lat' dir='ltr'>R</span> <span class='ocrx_word' id='word_1_777' title='bbox 1823 363 1830 391; x_wconf 88' lang='lat' dir='ltr'>i</span> <span class='ocrx_word' id='word_1_778' title='bbox 1845 361 1974 402; x_wconf 68' lang='lat' dir='ltr'>Angli-ae,</span> <span class='ocrx_word' id='word_1_779' title='bbox 1992 364 2044 403; x_wconf 70' lang='grc' dir='ltr'>ὃς,</span> <span class='ocrx_word' id='word_1_780' title='bbox 2061 365 2111 395; x_wconf 77' lang='lat' dir='ltr'>nili</span> <span class='ocrx_word' id='word_1_781' title='bbox 2131 364 2189 394; x_wconf 85' lang='lat' dir='ltr'>illas</span> <span class='ocrx_word' id='word_1_782' title='bbox 2205 364 2394 407; x_wconf 84' lang='lat' dir='ltr'>reddiderint,</span> 
     </span>
     <span class='ocr_line' id='line_1_95' title="bbox 1322 397 2394 443; baseline 0.008 -16"><span class='ocrx_word' id='word_1_783' title='bbox 1322 397 1469 437; x_wconf 85' lang='lat' dir='ltr'>distringet</span> <span class='ocrx_word' id='word_1_784' title='bbox 1491 398 1553 428; x_wconf 83' lang='lat' dir='ltr'>illos</span> <span class='ocrx_word' id='word_1_785' title='bbox 1575 398 1722 430; x_wconf 88' lang='lat' dir='ltr'>Dominus</span> <span class='ocrx_word' id='word_1_786' title='bbox 1748 400 1796 431; x_wconf 89' lang='lat' dir='ltr'>Lu</span> <span class='ocrx_word' id='word_1_787' title='bbox 1816 402 1916 432; x_wconf 86' lang='lat' dir='ltr'>ovicus</span> <span class='ocrx_word' id='word_1_788' title='bbox 1930 426 1940 440; x_wconf 85' lang='lat'>,</span> <span class='ocrx_word' id='word_1_789' title='bbox 1966 412 2019 440; x_wconf 87' lang='lat' dir='ltr'>pro</span> <span class='ocrx_word' id='word_1_790' title='bbox 2042 403 2050 433; x_wconf 95' lang='lat' dir='ltr'>l</span> <span class='ocrx_word' id='word_1_791' title='bbox 2069 404 2128 434; x_wconf 69' lang='lat' dir='ltr'>wale</span> <span class='ocrx_word' id='word_1_792' title='bbox 2148 404 2230 441; x_wconf 86' lang='lat' dir='ltr'>posse</span> <span class='ocrx_word' id='word_1_793' title='bbox 2251 405 2301 435; x_wconf 85' lang='lat' dir='ltr'>suo</span> <span class='ocrx_word' id='word_1_794' title='bbox 2343 415 2394 443; x_wconf 81' lang='lat' dir='ltr'>pet</span> 
     </span>
     <span class='ocr_line' id='line_1_96' title="bbox 1323 427 2394 482; baseline 0.007 -16"><span class='ocrx_word' id='word_1_795' title='bbox 1323 436 1408 467; x_wconf 85' lang='lat' dir='ltr'>feoda</span> <span class='ocrx_word' id='word_1_796' title='bbox 1421 460 1432 474; x_wconf 86' lang='lat'>,</span> <span class='ocrx_word' id='word_1_797' title='bbox 1458 438 1492 468; x_wconf 89' lang='lat'>&amp;</span> <span class='ocrx_word' id='word_1_798' title='bbox 1514 446 1564 474; x_wconf 90' lang='lat' dir='ltr'>per</span> <span class='ocrx_word' id='word_1_799' title='bbox 1584 446 1668 480; x_wconf 76' lang='lat' dir='ltr'>tetras</span> <span class='ocrx_word' id='word_1_800' title='bbox 1685 449 1788 469; x_wconf 87' lang='lat' dir='ltr'>eorum</span> <span class='ocrx_word' id='word_1_801' title='bbox 1802 464 1812 479; x_wconf 89' lang='lat'>‚</span> <span class='ocrx_word' id='word_1_802' title='bbox 1839 449 1903 478; x_wconf 79' lang='lat' dir='ltr'>quae</span> <span class='ocrx_word' id='word_1_803' title='bbox 1918 440 1955 471; x_wconf 89' lang='lat' dir='ltr'>de</span> <span class='ocrx_word' id='word_1_804' title='bbox 1969 441 2058 473; x_wconf 88' lang='lat' dir='ltr'>feodo</span> <span class='ocrx_word' id='word_1_805' title='bbox 2081 452 2119 473; x_wconf 93' lang='lat' dir='ltr'>uo</span> <span class='ocrx_word' id='word_1_806' title='bbox 2134 452 2270 482; x_wconf 89' lang='lat' dir='ltr'>movent,</span> <span class='ocrx_word' id='word_1_807' title='bbox 2286 427 2325 474; x_wconf 74' lang='lat' dir='ltr'>ad</span> <span class='ocrx_word' id='word_1_808' title='bbox 2335 444 2394 475; x_wconf 87' lang='lat' dir='ltr'>illas</span> 
     </span>
     <span class='ocr_line' id='line_1_97' title="bbox 1323 473 2363 517; baseline 0.009 -13"><span class='ocrx_word' id='word_1_809' title='bbox 1323 473 1494 514; x_wconf 77' lang='lat' dir='ltr'>reddendas3</span> <span class='ocrx_word' id='word_1_810' title='bbox 1513 477 1565 513; x_wconf 83' lang='lat'>&amp;,</span> <span class='ocrx_word' id='word_1_811' title='bbox 1583 478 1604 506; x_wconf 85' lang='lat' dir='ltr'>ii</span> <span class='ocrx_word' id='word_1_812' title='bbox 1617 476 1682 507; x_wconf 82' lang='lat' dir='ltr'>haec</span> <span class='ocrx_word' id='word_1_813' title='bbox 1693 477 1786 508; x_wconf 84' lang='lat' dir='ltr'>facere</span> <span class='ocrx_word' id='word_1_814' title='bbox 1800 478 1960 517; x_wconf 82' lang='lat' dir='ltr'>noluerint,</span> <span class='ocrx_word' id='word_1_815' title='bbox 1979 480 2031 510; x_wconf 83' lang='lat' dir='ltr'>sint</span> <span class='ocrx_word' id='word_1_816' title='bbox 2046 489 2122 511; x_wconf 86' lang='lat' dir='ltr'>extra</span> <span class='ocrx_word' id='word_1_817' title='bbox 2135 490 2236 517; x_wconf 83' lang='lat' dir='ltr'>pacem</span> <span class='ocrx_word' id='word_1_818' title='bbox 2252 482 2345 513; x_wconf 86' lang='lat' dir='ltr'>istam.</span> <span class='ocrx_word' id='word_1_819' title='bbox 2361 491 2363 493; x_wconf 69' lang='grc'><strong><em>’</em></strong></span> 
     </span>
    </p>

    <p class='ocr_par' dir='ltr' id='par_1_29' title="bbox 1325 513 2398 706">
     <span class='ocr_line' id='line_1_98' title="bbox 1343 513 2394 557; baseline 0.009 -15"><span class='ocrx_word' id='word_1_820' title='bbox 1343 552 1348 556; x_wconf 34' lang='lat'><strong>¹</strong></span> <span class='ocrx_word' id='word_1_821' title='bbox 1366 522 1411 542; x_wconf 90' lang='lat'>11.</span> <span class='ocrx_word' id='word_1_822' title='bbox 1431 513 1481 543; x_wconf 90' lang='lat' dir='ltr'>De</span> <span class='ocrx_word' id='word_1_823' title='bbox 1500 513 1585 557; x_wconf 85' lang='lat' dir='ltr'>Rege</span> <span class='ocrx_word' id='word_1_824' title='bbox 1604 514 1764 546; x_wconf 86' lang='lat' dir='ltr'>Scotorum</span> <span class='ocrx_word' id='word_1_825' title='bbox 1786 516 1824 546; x_wconf 77' lang='lat' dir='ltr'>sic</span> <span class='ocrx_word' id='word_1_826' title='bbox 1846 516 1917 555; x_wconf 81' lang='lat' dir='ltr'>fiat;</span> <span class='ocrx_word' id='word_1_827' title='bbox 1935 517 2082 549; x_wconf 85' lang='lat' dir='ltr'>Dominus</span> <span class='ocrx_word' id='word_1_828' title='bbox 2097 518 2264 550; x_wconf 87' lang='lat' dir='ltr'>Ludovicus</span> <span class='ocrx_word' id='word_1_829' title='bbox 2278 520 2394 553; x_wconf 88' lang='lat' dir='ltr'>mandet</span> 
     </span>
     <span class='ocr_line' id='line_1_99' title="bbox 1325 551 2375 597; baseline 0.009 -16"><span class='ocrx_word' id='word_1_830' title='bbox 1325 560 1352 581; x_wconf 90' lang='lat' dir='ltr'>ei</span> <span class='ocrx_word' id='word_1_831' title='bbox 1365 551 1490 582; x_wconf 88' lang='lat' dir='ltr'>formam</span> <span class='ocrx_word' id='word_1_832' title='bbox 1505 553 1698 597; x_wconf 38' lang='lat' dir='ltr'>paers,&#39;fac&#39;tae</span> <span class='ocrx_word' id='word_1_833' title='bbox 1713 555 1786 585; x_wconf 89' lang='lat' dir='ltr'>inter</span> <span class='ocrx_word' id='word_1_834' title='bbox 1801 555 1969 586; x_wconf 89' lang='lat' dir='ltr'>Dominum</span> <span class='ocrx_word' id='word_1_835' title='bbox 1983 556 2098 597; x_wconf 85' lang='lat' dir='ltr'>Regem</span> <span class='ocrx_word' id='word_1_836' title='bbox 2112 557 2224 596; x_wconf 77' lang='lat' dir='ltr'>Angliae</span> <span class='ocrx_word' id='word_1_837' title='bbox 2238 559 2272 589; x_wconf 91' lang='lat'>&amp;</span> <span class='ocrx_word' id='word_1_838' title='bbox 2284 561 2294 589; x_wconf 89' lang='lat' dir='ltr'>i</span> <span class='ocrx_word' id='word_1_839' title='bbox 2314 560 2375 591; x_wconf 87' lang='lat' dir='ltr'>sum</span> 
     </span>
     <span class='ocr_line' id='line_1_100' title="bbox 1327 585 2398 635; baseline 0.01 -16"><span class='ocrx_word' id='word_1_840' title='bbox 1327 590 1362 620; x_wconf 88' lang='lat'>&amp;</span> <span class='ocrx_word' id='word_1_841' title='bbox 1375 589 1455 632; x_wconf 83' lang='lat' dir='ltr'>quod</span> <span class='ocrx_word' id='word_1_842' title='bbox 1467 590 1487 619; x_wconf 69' lang='grc' dir='ltr'>Γ]</span> <span class='ocrx_word' id='word_1_843' title='bbox 1501 590 1694 635; x_wconf 57' lang='grc' dir='ltr'>νοΙυεῑιῑρίΓε</span> <span class='ocrx_word' id='word_1_844' title='bbox 1708 593 1736 623; x_wconf 91' lang='lat' dir='ltr'>in</span> <span class='ocrx_word' id='word_1_845' title='bbox 1759 603 1829 630; x_wconf 88' lang='lat' dir='ltr'>pace</span> <span class='ocrx_word' id='word_1_846' title='bbox 1850 593 1896 624; x_wconf 90' lang='lat' dir='ltr'>illa</span> <span class='ocrx_word' id='word_1_847' title='bbox 1905 619 1915 633; x_wconf 92' lang='lat'>,</span> <span class='ocrx_word' id='word_1_848' title='bbox 1933 594 2032 626; x_wconf 86' lang='lat' dir='ltr'>reddat</span> <span class='ocrx_word' id='word_1_849' title='bbox 2048 595 2184 626; x_wconf 89' lang='lat' dir='ltr'>Domino</span> <span class='ocrx_word' id='word_1_850' title='bbox 2196 595 2272 635; x_wconf 87' lang='lat' dir='ltr'>Regi</span> <span class='ocrx_word' id='word_1_851' title='bbox 2354 585 2398 630; x_wconf 63' lang='lat' dir='ltr'>lia}</span> 
     </span>
     <span class='ocr_line' id='line_1_101' title="bbox 1327 627 2396 706; baseline 0.011 -49"><span class='ocrx_word' id='word_1_852' title='bbox 1327 637 1437 706; x_wconf 43' lang='lat' dir='ltr'>{3:³¹1}ss</span> <span class='ocrx_word' id='word_1_853' title='bbox 1439 627 1528 659; x_wconf 92' lang='lat' dir='ltr'>castra</span> <span class='ocrx_word' id='word_1_854' title='bbox 1543 630 1577 661; x_wconf 90' lang='lat'>&amp;</span> <span class='ocrx_word' id='word_1_855' title='bbox 1591 630 1714 668; x_wconf 83' lang='lat' dir='ltr'>prisones</span> <span class='ocrx_word' id='word_1_856' title='bbox 1722 655 1732 670; x_wconf 87' lang='lat'>,</span> <span class='ocrx_word' id='word_1_857' title='bbox 1751 634 1785 663; x_wconf 87' lang='lat'>&amp;</span> <span class='ocrx_word' id='word_1_858' title='bbox 1801 641 1886 663; x_wconf 86' lang='lat' dir='ltr'>tetras</span> <span class='ocrx_word' id='word_1_859' title='bbox 1899 643 1966 672; x_wconf 85' lang='lat' dir='ltr'>quas</span> <span class='ocrx_word' id='word_1_860' title='bbox 1981 636 2135 673; x_wconf 86' lang='lat' dir='ltr'>occupavit</span> <span class='ocrx_word' id='word_1_861' title='bbox 2148 634 2300 666; x_wconf 76' lang='lat' dir='ltr'>occasione</span> <span class='ocrx_word' id='word_1_862' title='bbox 2313 637 2396 676; x_wconf 63' lang='lat' dir='ltr'>huius</span> 
     </span>
    </p>

    <p class='ocr_par' dir='ltr' id='par_1_30' title="bbox 1369 703 2350 751">
     <span class='ocr_line' id='line_1_102' title="bbox 1369 703 2350 751; baseline 0.01 -18"><span class='ocrx_word' id='word_1_863' title='bbox 1369 713 1415 734; x_wconf 87' lang='lat'>12.</span> <span class='ocrx_word' id='word_1_864' title='bbox 1433 703 1516 734; x_wconf 89' lang='lat' dir='ltr'>Idem</span> <span class='ocrx_word' id='word_1_865' title='bbox 1529 704 1613 736; x_wconf 84' lang='lat' dir='ltr'>faciet</span> <span class='ocrx_word' id='word_1_866' title='bbox 1625 706 1773 738; x_wconf 89' lang='lat' dir='ltr'>Dominus</span> <span class='ocrx_word' id='word_1_867' title='bbox 1785 707 1852 739; x_wconf 85' lang='lat' dir='ltr'>Rex</span> <span class='ocrx_word' id='word_1_868' title='bbox 1869 709 1981 750; x_wconf 81' lang='lat' dir='ltr'>Angliae</span> <span class='ocrx_word' id='word_1_869' title='bbox 1994 709 2076 741; x_wconf 57' lang='lat' dir='ltr'>dicto</span> <span class='ocrx_word' id='word_1_870' title='bbox 2093 710 2168 751; x_wconf 84' lang='lat' dir='ltr'>Regi</span> <span class='ocrx_word' id='word_1_871' title='bbox 2182 711 2350 743; x_wconf 86' lang='lat' dir='ltr'>Scotorum.</span> 
     </span>
    </p>

    <p class='ocr_par' dir='ltr' id='par_1_31' title="bbox 1331 743 2400 901">
     <span class='ocr_line' id='line_1_103' title="bbox 1371 743 2398 788; baseline 0.012 -16"><span class='ocrx_word' id='word_1_872' title='bbox 1371 751 1424 787; x_wconf 37' lang='lat'>13...</span> <span class='ocrx_word' id='word_1_873' title='bbox 1437 743 1553 774; x_wconf 88' lang='lat' dir='ltr'>Eodem</span> <span class='ocrx_word' id='word_1_874' title='bbox 1574 745 1666 775; x_wconf 91' lang='lat' dir='ltr'>modo</span> <span class='ocrx_word' id='word_1_875' title='bbox 1688 746 1832 778; x_wconf 87' lang='lat' dir='ltr'>mandabit</span> <span class='ocrx_word' id='word_1_876' title='bbox 1843 747 1991 780; x_wconf 88' lang='lat' dir='ltr'>Dominus</span> <span class='ocrx_word' id='word_1_877' title='bbox 2005 749 2157 788; x_wconf 66' lang='lat' dir='ltr'>praedietus</span> <span class='ocrx_word' id='word_1_878' title='bbox 2173 749 2215 780; x_wconf 93' lang='lat' dir='ltr'>D.</span> <span class='ocrx_word' id='word_1_879' title='bbox 2237 750 2398 784; x_wconf 84' lang='lat' dir='ltr'>Lewellino</span> 
     </span>
     <span class='ocr_line' id='line_1_104' title="bbox 1331 782 1647 814; baseline -0.003 0"><span class='ocrx_word' id='word_1_880' title='bbox 1331 783 1365 814; x_wconf 88' lang='lat'>&amp;</span> <span class='ocrx_word' id='word_1_881' title='bbox 1380 783 1438 812; x_wconf 89' lang='lat' dir='ltr'>aliis</span> <span class='ocrx_word' id='word_1_882' title='bbox 1450 782 1647 813; x_wconf 72' lang='lat' dir='ltr'>wallensibus.</span> 
     </span>
     <span class='ocr_line' id='line_1_105' title="bbox 1332 820 2400 901; baseline 0.009 -13"><span class='ocrx_word' id='word_1_883' title='bbox 1332 820 2350 901; x_wconf 44' lang='grc' dir='ltr'>ὴοὲῒίὴὲῗὲἒ’κῗξιῗέυὲἶὲὲὲἶῗεὲὃωῗέἓὲῗῗὲἰὲἓη)ωῆἕῗωῗ</span> <span class='ocrx_word' id='word_1_884' title='bbox 2363 828 2400 862; x_wconf 70' lang='lat'>⁸⁶</span> 
     </span>
    </p>

    <p class='ocr_par' dir='ltr' id='par_1_32' title="bbox 1332 876 2402 1055">
     <span class='ocr_line' id='line_1_106' title="bbox 1515 876 2382 903; baseline 0.009 -13"><span class='ocrx_word' id='word_1_885' title='bbox 1515 899 1520 903; x_wconf 32' lang='lat'><em>¹</em></span> <span class='ocrx_word' id='word_1_886' title='bbox 1565 899 1570 903; x_wconf 21' lang='grc' dir='ltr'><em>ῃ</em></span> <span class='ocrx_word' id='word_1_887' title='bbox 2133 877 2162 896; x_wconf 91' lang='lat' dir='ltr'>us</span> <span class='ocrx_word' id='word_1_888' title='bbox 2245 877 2261 896; x_wconf 91' lang='lat' dir='ltr'>e</span> <span class='ocrx_word' id='word_1_889' title='bbox 2272 876 2329 898; x_wconf 76' lang='lat' dir='ltr'>itan</span> <span class='ocrx_word' id='word_1_890' title='bbox 2350 879 2382 898; x_wconf 86' lang='lat' dir='ltr'>us</span> 
     </span>
     <span class='ocr_line' id='line_1_107' title="bbox 1332 876 2399 942; baseline 0.01 -15"><span class='ocrx_word' id='word_1_891' title='bbox 1332 897 1625 942; x_wconf 82' lang='lat' dir='ltr'>confcederationibus</span> <span class='ocrx_word' id='word_1_892' title='bbox 1638 923 1648 937; x_wconf 92' lang='lat'>,</span> <span class='ocrx_word' id='word_1_893' title='bbox 1674 900 1709 931; x_wconf 73' lang='lat' dir='ltr'>«Sc</span> <span class='ocrx_word' id='word_1_894' title='bbox 1729 901 1870 938; x_wconf 81' lang='lat' dir='ltr'>imprifiis·</span> <span class='ocrx_word' id='word_1_895' title='bbox 1891 902 1925 933; x_wconf 91' lang='lat'>&amp;</span> <span class='ocrx_word' id='word_1_896' title='bbox 1939 902 1976 933; x_wconf 91' lang='lat' dir='ltr'>de</span> <span class='ocrx_word' id='word_1_897' title='bbox 1989 912 2095 935; x_wconf 82' lang='lat' dir='ltr'>caetero</span> <span class='ocrx_word' id='word_1_898' title='bbox 2107 876 2214 935; x_wconf 50' lang='lat' dir='ltr'>gulla’m</span> <span class='ocrx_word' id='word_1_899' title='bbox 2229 906 2311 936; x_wconf 89' lang='lat' dir='ltr'>inibit</span> <span class='ocrx_word' id='word_1_900' title='bbox 2325 893 2399 937; x_wconf 67' lang='lat' dir='ltr'>con-’-</span> 
     </span>
     <span class='ocr_line' id='line_1_108' title="bbox 1332 926 2402 984; baseline 0.008 -18"><span class='ocrx_word' id='word_1_901' title='bbox 1332 936 1577 980; x_wconf 27' lang='lat' dir='ltr'>fcedenranonem,</span> <span class='ocrx_word' id='word_1_902' title='bbox 1602 936 1679 968; x_wconf 89' lang='lat' dir='ltr'>unde</span> <span class='ocrx_word' id='word_1_903' title='bbox 1698 938 1804 983; x_wconf 83' lang='lat' dir='ltr'>malum</span> <span class='ocrx_word' id='word_1_904' title='bbox 1824 926 1874 970; x_wconf 80' lang='lat' dir='ltr'>vei</span> <span class='ocrx_word' id='word_1_905' title='bbox 1891 939 2028 972; x_wconf 85' lang='lat' dir='ltr'>damnum</span> <span class='ocrx_word' id='word_1_906' title='bbox 2049 943 2134 980; x_wconf 79' lang='lat' dir='ltr'>poffit</span> <span class='ocrx_word' id='word_1_907' title='bbox 2154 943 2249 982; x_wconf 84' lang='lat' dir='ltr'>aliquo</span> <span class='ocrx_word' id='word_1_908' title='bbox 2270 952 2402 984; x_wconf 86' lang='lat' dir='ltr'>tempore</span> 
     </span>
     <span class='ocr_line' id='line_1_109' title="bbox 1333 975 2402 1019; baseline 0.009 -14"><span class='ocrx_word' id='word_1_909' title='bbox 1333 985 1448 1006; x_wconf 89' lang='lat' dir='ltr'>evenire</span> <span class='ocrx_word' id='word_1_910' title='bbox 1471 975 1607 1007; x_wconf 82' lang='lat' dir='ltr'>Domino</span> <span class='ocrx_word' id='word_1_911' title='bbox 1633 975 1765 1019; x_wconf 74' lang='lat' dir='ltr'>Hentico</span> <span class='ocrx_word' id='word_1_912' title='bbox 1787 976 1865 1018; x_wconf 86' lang='lat' dir='ltr'>Regi</span> <span class='ocrx_word' id='word_1_913' title='bbox 1883 979 1995 1018; x_wconf 75' lang='lat' dir='ltr'>Angliae</span> <span class='ocrx_word' id='word_1_914' title='bbox 2008 1004 2019 1019; x_wconf 83' lang='lat'>,</span> <span class='ocrx_word' id='word_1_915' title='bbox 2044 981 2091 1012; x_wconf 89' lang='lat' dir='ltr'>vel</span> <span class='ocrx_word' id='word_1_916' title='bbox 2111 982 2268 1013; x_wconf 64' lang='lat' dir='ltr'>haeredibus</span> <span class='ocrx_word' id='word_1_917' title='bbox 2288 983 2340 1014; x_wconf 79' lang='lat' dir='ltr'>suis</span> <span class='ocrx_word' id='word_1_918' title='bbox 2363 985 2402 1016; x_wconf 81' lang='lat' dir='ltr'>de</span> 
     </span>
     <span class='ocr_line' id='line_1_110' title="bbox 1334 1013 1961 1055; baseline 0.003 -10"><span class='ocrx_word' id='word_1_919' title='bbox 1334 1013 1442 1055; x_wconf 87' lang='lat' dir='ltr'>Regno</span> <span class='ocrx_word' id='word_1_920' title='bbox 1458 1015 1570 1055; x_wconf 82' lang='lat' dir='ltr'>Angliae</span> <span class='ocrx_word' id='word_1_921' title='bbox 1585 1019 1736 1046; x_wconf 80' lang='lat' dir='ltr'>occalione</span> <span class='ocrx_word' id='word_1_922' title='bbox 1749 1015 1830 1054; x_wconf 89' lang='lat' dir='ltr'>hujus</span> <span class='ocrx_word' id='word_1_923' title='bbox 1842 1025 1961 1055; x_wconf 71' lang='lat' dir='ltr'>guerrae.</span> 
     </span>
    </p>

    <p class='ocr_par' dir='ltr' id='par_1_33' title="bbox 1332 1053 2404 1240">
     <span class='ocr_line' id='line_1_111' title="bbox 1375 1053 2400 1123; baseline 0.008 -40"><span class='ocrx_word' id='word_1_924' title='bbox 1375 1063 1418 1123; x_wconf 43' lang='lat' dir='ltr'>IR.</span> <span class='ocrx_word' id='word_1_925' title='bbox 1437 1053 1512 1098; x_wconf 79' lang='lat' dir='ltr'>Item</span> <span class='ocrx_word' id='word_1_926' title='bbox 1525 1078 1535 1092; x_wconf 86' lang='lat'>,</span> <span class='ocrx_word' id='word_1_927' title='bbox 1553 1053 1657 1098; x_wconf 68' lang='lat' dir='ltr'>facient</span> <span class='ocrx_word' id='word_1_928' title='bbox 1673 1055 1866 1093; x_wconf 87' lang='lat' dir='ltr'>juramentum</span> <span class='ocrx_word' id='word_1_929' title='bbox 1880 1054 2001 1087; x_wconf 77' lang='lat' dir='ltr'>Baronec</span> <span class='ocrx_word' id='word_1_930' title='bbox 2016 1057 2128 1097; x_wconf 81' lang='lat' dir='ltr'>Angliae</span> <span class='ocrx_word' id='word_1_931' title='bbox 2143 1057 2278 1090; x_wconf 90' lang='lat' dir='ltr'>Domino</span> <span class='ocrx_word' id='word_1_932' title='bbox 2292 1059 2400 1091; x_wconf 89' lang='lat' dir='ltr'>Henri-</span> 
     </span>
     <span class='ocr_line' id='line_1_112' title="bbox 1332 1093 2399 1137; baseline 0.007 -15"><span class='ocrx_word' id='word_1_933' title='bbox 1332 1102 1371 1123; x_wconf 93' lang='lat' dir='ltr'>co</span> <span class='ocrx_word' id='word_1_934' title='bbox 1419 1101 1463 1132; x_wconf 83' lang='lat' dir='ltr'>egi</span> <span class='ocrx_word' id='word_1_935' title='bbox 1478 1093 1591 1137; x_wconf 77' lang='lat' dir='ltr'>Angliae</span> <span class='ocrx_word' id='word_1_936' title='bbox 1602 1117 1617 1137; x_wconf 55' lang='lat'>3</span> <span class='ocrx_word' id='word_1_937' title='bbox 1632 1093 1711 1132; x_wconf 87' lang='lat' dir='ltr'>quod</span> <span class='ocrx_word' id='word_1_938' title='bbox 1723 1093 1831 1124; x_wconf 82' lang='lat' dir='ltr'>nullam</span> <span class='ocrx_word' id='word_1_939' title='bbox 1845 1093 1949 1125; x_wconf 76' lang='lat' dir='ltr'>facient</span> <span class='ocrx_word' id='word_1_940' title='bbox 1962 1095 2101 1132; x_wconf 73' lang='lat' dir='ltr'>praedicto</span> <span class='ocrx_word' id='word_1_941' title='bbox 2116 1096 2252 1128; x_wconf 87' lang='lat' dir='ltr'>Domino</span> <span class='ocrx_word' id='word_1_942' title='bbox 2268 1098 2399 1130; x_wconf 88' lang='lat' dir='ltr'>Ludovi-</span> 
     </span>
     <span class='ocr_line' id='line_1_113' title="bbox 1334 1131 2402 1175; baseline 0.006 -13"><span class='ocrx_word' id='word_1_943' title='bbox 1334 1141 1391 1170; x_wconf 90' lang='lat' dir='ltr'>co,</span> <span class='ocrx_word' id='word_1_944' title='bbox 1409 1132 1458 1174; x_wconf 44' lang='lat' dir='ltr'>v—el</span> <span class='ocrx_word' id='word_1_945' title='bbox 1471 1132 1555 1163; x_wconf 83' lang='lat' dir='ltr'>alicui</span> <span class='ocrx_word' id='word_1_946' title='bbox 1574 1131 1620 1162; x_wconf 83' lang='lat' dir='ltr'>ahi</span> <span class='ocrx_word' id='word_1_947' title='bbox 1638 1131 1915 1173; x_wconf 79' lang='lat' dir='ltr'>confoederatiOnem</span> <span class='ocrx_word' id='word_1_948' title='bbox 1929 1158 1939 1172; x_wconf 85' lang='lat'>,</span> <span class='ocrx_word' id='word_1_949' title='bbox 1958 1133 2142 1172; x_wconf 88' lang='lat' dir='ltr'>homagium,</span> <span class='ocrx_word' id='word_1_950' title='bbox 2160 1135 2339 1175; x_wconf 81' lang='lat' dir='ltr'>fidelitatem,</span> <span class='ocrx_word' id='word_1_951' title='bbox 2354 1138 2402 1168; x_wconf 87' lang='lat' dir='ltr'>vel</span> 
     </span>
     <span class='ocr_line' id='line_1_114' title="bbox 1333 1168 2404 1215; baseline 0.005 -15"><span class='ocrx_word' id='word_1_952' title='bbox 1333 1171 1486 1208; x_wconf 79' lang='lat' dir='ltr'>impriliam</span> <span class='ocrx_word' id='word_1_953' title='bbox 1501 1195 1511 1209; x_wconf 96' lang='lat'>,</span> <span class='ocrx_word' id='word_1_954' title='bbox 1535 1178 1636 1201; x_wconf 88' lang='lat' dir='ltr'>contra</span> <span class='ocrx_word' id='word_1_955' title='bbox 1655 1170 1822 1202; x_wconf 87' lang='lat' dir='ltr'>Dominum</span> <span class='ocrx_word' id='word_1_956' title='bbox 1839 1170 1921 1201; x_wconf 89' lang='lat' dir='ltr'>suum</span> <span class='ocrx_word' id='word_1_957' title='bbox 1940 1168 2106 1204; x_wconf 80' lang='lat' dir='ltr'>Henticum</span> <span class='ocrx_word' id='word_1_958' title='bbox 2127 1172 2244 1212; x_wconf 85' lang='lat' dir='ltr'>Regem</span> <span class='ocrx_word' id='word_1_959' title='bbox 2265 1175 2377 1215; x_wconf 87' lang='lat' dir='ltr'>Angliae</span> <span class='ocrx_word' id='word_1_960' title='bbox 2390 1199 2404 1215; x_wconf 78' lang='lat'>,</span> 
     </span>
     <span class='ocr_line' id='line_1_115' title="bbox 1333 1208 1605 1240; baseline -0.007 0"><span class='ocrx_word' id='word_1_961' title='bbox 1333 1209 1381 1240; x_wconf 86' lang='lat' dir='ltr'>vel</span> <span class='ocrx_word' id='word_1_962' title='bbox 1395 1208 1520 1240; x_wconf 74' lang='lat' dir='ltr'>haeredes</span> <span class='ocrx_word' id='word_1_963' title='bbox 1535 1208 1605 1240; x_wconf 90' lang='lat' dir='ltr'>suos.</span> 
     </span>
    </p>

    <p class='ocr_par' dir='ltr' id='par_1_34' title="bbox 1335 1247 2404 1445">
     <span class='ocr_line' id='line_1_116' title="bbox 1377 1247 2402 1291; baseline 0.006 -14"><span class='ocrx_word' id='word_1_964' title='bbox 1377 1249 1421 1278; x_wconf 88' lang='lat'>16.</span> <span class='ocrx_word' id='word_1_965' title='bbox 1440 1247 1516 1278; x_wconf 89' lang='lat' dir='ltr'>Item</span> <span class='ocrx_word' id='word_1_966' title='bbox 1531 1272 1541 1285; x_wconf 84' lang='lat'>,</span> <span class='ocrx_word' id='word_1_967' title='bbox 1566 1247 1713 1278; x_wconf 90' lang='lat' dir='ltr'>Dominus</span> <span class='ocrx_word' id='word_1_968' title='bbox 1734 1247 1902 1279; x_wconf 90' lang='lat' dir='ltr'>Ludovicus</span> <span class='ocrx_word' id='word_1_969' title='bbox 1921 1248 2004 1279; x_wconf 85' lang='lat' dir='ltr'>faciet</span> <span class='ocrx_word' id='word_1_970' title='bbox 2020 1249 2216 1287; x_wconf 78' lang='lat' dir='ltr'>juramentum</span> <span class='ocrx_word' id='word_1_971' title='bbox 2236 1251 2402 1291; x_wconf 81' lang='lat' dir='ltr'>corporale,</span> 
     </span>
     <span class='ocr_line' id='line_1_117' title="bbox 1335 1285 2402 1326; baseline 0.004 -8"><span class='ocrx_word' id='word_1_972' title='bbox 1335 1287 1370 1318; x_wconf 70' lang='grc' dir='ltr'>δε</span> <span class='ocrx_word' id='word_1_973' title='bbox 1385 1286 1425 1316; x_wconf 85' lang='lat' dir='ltr'>sui</span> <span class='ocrx_word' id='word_1_974' title='bbox 1438 1296 1508 1317; x_wconf 89' lang='lat' dir='ltr'>cum</span> <span class='ocrx_word' id='word_1_975' title='bbox 1523 1296 1577 1324; x_wconf 91' lang='lat' dir='ltr'>eo,</span> <span class='ocrx_word' id='word_1_976' title='bbox 1596 1288 1630 1318; x_wconf 75' lang='grc' dir='ltr'>δε</span> <span class='ocrx_word' id='word_1_977' title='bbox 1644 1285 1742 1317; x_wconf 71' lang='lat' dir='ltr'>Carras</span> <span class='ocrx_word' id='word_1_978' title='bbox 1756 1287 1813 1317; x_wconf 85' lang='lat' dir='ltr'>suas</span> <span class='ocrx_word' id='word_1_979' title='bbox 1828 1286 1931 1317; x_wconf 80' lang='lat' dir='ltr'>facient</span> <span class='ocrx_word' id='word_1_980' title='bbox 1946 1287 2062 1326; x_wconf 82' lang='lat' dir='ltr'>singuli,</span> <span class='ocrx_word' id='word_1_981' title='bbox 2081 1299 2154 1326; x_wconf 89' lang='lat' dir='ltr'>quos</span> <span class='ocrx_word' id='word_1_982' title='bbox 2169 1290 2319 1320; x_wconf 79' lang='lat' dir='ltr'>consilium</span> <span class='ocrx_word' id='word_1_983' title='bbox 2334 1290 2402 1322; x_wconf 88' lang='lat' dir='ltr'>Do-</span> 
     </span>
     <span class='ocr_line' id='line_1_118' title="bbox 1335 1325 2403 1368; baseline 0.005 -13"><span class='ocrx_word' id='word_1_984' title='bbox 1335 1326 1406 1355; x_wconf 88' lang='lat' dir='ltr'>mini</span> <span class='ocrx_word' id='word_1_985' title='bbox 1421 1325 1510 1364; x_wconf 88' lang='lat' dir='ltr'>Regis</span> <span class='ocrx_word' id='word_1_986' title='bbox 1524 1325 1665 1364; x_wconf 86' lang='lat' dir='ltr'>voluerit,</span> <span class='ocrx_word' id='word_1_987' title='bbox 1681 1325 1759 1364; x_wconf 92' lang='lat' dir='ltr'>quod</span> <span class='ocrx_word' id='word_1_988' title='bbox 1774 1335 1876 1363; x_wconf 87' lang='lat' dir='ltr'>pacem</span> <span class='ocrx_word' id='word_1_989' title='bbox 1889 1326 2078 1368; x_wconf 65' lang='lat' dir='ltr'>praescriptam</span> <span class='ocrx_word' id='word_1_990' title='bbox 2093 1327 2213 1358; x_wconf 80' lang='lat' dir='ltr'>firmiter</span> <span class='ocrx_word' id='word_1_991' title='bbox 2236 1330 2270 1359; x_wconf 70' lang='lat' dir='ltr'>«Sc</span> <span class='ocrx_word' id='word_1_992' title='bbox 2284 1328 2403 1360; x_wconf 78' lang='lat' dir='ltr'>fideliter</span> 
     </span>
     <span class='ocr_line' id='line_1_119' title="bbox 1335 1363 2402 1407; baseline 0.006 -14"><span class='ocrx_word' id='word_1_993' title='bbox 1335 1364 1490 1407; x_wconf 67' lang='lat' dir='ltr'>tenebunt,</span> <span class='ocrx_word' id='word_1_994' title='bbox 1510 1364 1529 1383; x_wconf 65' lang='lat'>²*</span> <span class='ocrx_word' id='word_1_995' title='bbox 1549 1363 1628 1395; x_wconf 90' lang='lat' dir='ltr'>&amp;ad</span> <span class='ocrx_word' id='word_1_996' title='bbox 1639 1364 1867 1403; x_wconf 88' lang='lat' dir='ltr'>impetrandum,</span> <span class='ocrx_word' id='word_1_997' title='bbox 1884 1368 1964 1405; x_wconf 80' lang='lat' dir='ltr'>iuper</span> <span class='ocrx_word' id='word_1_998' title='bbox 1979 1365 2055 1403; x_wconf 88' lang='lat' dir='ltr'>hoc,</span> <span class='ocrx_word' id='word_1_999' title='bbox 2073 1366 2323 1397; x_wconf 49' lang='lat' dir='ltr'>confirmationem:</span> <span class='ocrx_word' id='word_1_1000' title='bbox 2334 1368 2402 1399; x_wconf 74' lang='lat' dir='ltr'>Do-</span> 
     </span>
     <span class='ocr_line' id='line_1_120' title="bbox 1338 1401 2404 1445; baseline 0.006 -13"><span class='ocrx_word' id='word_1_1001' title='bbox 1338 1404 1409 1432; x_wconf 84' lang='lat' dir='ltr'>mini</span> <span class='ocrx_word' id='word_1_1002' title='bbox 1430 1402 1516 1440; x_wconf 83' lang='lat' dir='ltr'>Papae</span> <span class='ocrx_word' id='word_1_1003' title='bbox 1538 1402 1571 1433; x_wconf 90' lang='lat'>&amp;</span> <span class='ocrx_word' id='word_1_1004' title='bbox 1593 1401 1718 1433; x_wconf 87' lang='lat' dir='ltr'>Domini</span> <span class='ocrx_word' id='word_1_1005' title='bbox 1735 1403 1858 1442; x_wconf 88' lang='lat' dir='ltr'>Legati,</span> <span class='ocrx_word' id='word_1_1006' title='bbox 1882 1413 2006 1442; x_wconf 83' lang='lat' dir='ltr'>apponet</span> <span class='ocrx_word' id='word_1_1007' title='bbox 2028 1403 2132 1442; x_wconf 74' lang='lat' dir='ltr'>Legale</span> <span class='ocrx_word' id='word_1_1008' title='bbox 2152 1406 2233 1443; x_wconf 79' lang='lat' dir='ltr'>poffe</span> <span class='ocrx_word' id='word_1_1009' title='bbox 2250 1406 2330 1437; x_wconf 85' lang='lat' dir='ltr'>suum</span> <span class='ocrx_word' id='word_1_1010' title='bbox 2352 1416 2404 1445; x_wconf 88' lang='lat' dir='ltr'>per</span> 
     </span>
    </p>

    <p class='ocr_par' dir='ltr' id='par_1_35' title="bbox 1336 1451 2405 1557">
     <span class='ocr_line' id='line_1_121' title="bbox 1357 1451 1444 1471; baseline 0 0"><span class='ocrx_word' id='word_1_1011' title='bbox 1357 1451 1444 1471; x_wconf 73' lang='lat' dir='ltr'>recee.</span> 
     </span>
     <span class='ocr_line' id='line_1_122' title="bbox 1336 1451 2405 1524; baseline 0.006 -15"><span class='ocrx_word' id='word_1_1012' title='bbox 1336 1451 1355 1480; x_wconf 74' lang='grc' dir='ltr'>Ρ</span> <span class='ocrx_word' id='word_1_1013' title='bbox 1378 1489 1431 1524; x_wconf 38' lang='grc'>17..</span> <span class='ocrx_word' id='word_1_1014' title='bbox 1442 1479 1533 1518; x_wconf 91' lang='lat' dir='ltr'>Item,</span> <span class='ocrx_word' id='word_1_1015' title='bbox 1549 1479 1587 1509; x_wconf 87' lang='lat' dir='ltr'>de</span> <span class='ocrx_word' id='word_1_1016' title='bbox 1597 1478 1699 1523; x_wconf 81' lang='lat' dir='ltr'>debitis</span> <span class='ocrx_word' id='word_1_1017' title='bbox 1714 1479 1751 1510; x_wconf 82' lang='lat' dir='ltr'>sic</span> <span class='ocrx_word' id='word_1_1018' title='bbox 1767 1479 1832 1518; x_wconf 75' lang='lat' dir='ltr'>fiat,</span> <span class='ocrx_word' id='word_1_1019' title='bbox 1853 1479 1931 1521; x_wconf 87' lang='lat' dir='ltr'>quod</span> <span class='ocrx_word' id='word_1_1020' title='bbox 1946 1483 2044 1511; x_wconf 89' lang='lat' dir='ltr'>omnia</span> <span class='ocrx_word' id='word_1_1021' title='bbox 2055 1481 2166 1519; x_wconf 88' lang='lat' dir='ltr'>debita,</span> <span class='ocrx_word' id='word_1_1022' title='bbox 2185 1492 2250 1520; x_wconf 81' lang='lat' dir='ltr'>quae</span> <span class='ocrx_word' id='word_1_1023' title='bbox 2265 1482 2405 1516; x_wconf 84' lang='lat' dir='ltr'>debentur</span> 
     </span>
     <span class='ocr_line' id='line_1_123' title="bbox 1337 1517 2297 1557; baseline 0.003 -8"><span class='ocrx_word' id='word_1_1024' title='bbox 1337 1517 1474 1550; x_wconf 89' lang='lat' dir='ltr'>Domino</span> <span class='ocrx_word' id='word_1_1025' title='bbox 1487 1518 1657 1556; x_wconf 69' lang='lat' dir='ltr'>Ludovico,</span> <span class='ocrx_word' id='word_1_1026' title='bbox 1676 1518 1753 1548; x_wconf 60' lang='lat' dir='ltr'>unde</span> <span class='ocrx_word' id='word_1_1027' title='bbox 1768 1519 1880 1549; x_wconf 85' lang='lat' dir='ltr'>termini</span> <span class='ocrx_word' id='word_1_1028' title='bbox 1896 1520 2078 1557; x_wconf 82' lang='lat' dir='ltr'>transierunt,</span> <span class='ocrx_word' id='word_1_1029' title='bbox 2098 1521 2123 1549; x_wconf 90' lang='lat' dir='ltr'>ei</span> <span class='ocrx_word' id='word_1_1030' title='bbox 2138 1520 2297 1552; x_wconf 81' lang='lat' dir='ltr'>reddantur.</span> 
     </span>
    </p>

    <p class='ocr_par' dir='ltr' id='par_1_36' title="bbox 1337 1556 2408 1712">
     <span class='ocr_line' id='line_1_124' title="bbox 1378 1556 2406 1600; baseline 0.003 -13"><span class='ocrx_word' id='word_1_1031' title='bbox 1378 1558 1423 1588; x_wconf 86' lang='lat'>18.</span> <span class='ocrx_word' id='word_1_1032' title='bbox 1442 1557 1518 1598; x_wconf 86' lang='lat' dir='ltr'>Item</span> <span class='ocrx_word' id='word_1_1033' title='bbox 1533 1580 1543 1595; x_wconf 87' lang='lat'>‚</span> <span class='ocrx_word' id='word_1_1034' title='bbox 1560 1558 1721 1587; x_wconf 70' lang='lat' dir='ltr'>notandum</span> <span class='ocrx_word' id='word_1_1035' title='bbox 1742 1556 1784 1587; x_wconf 88' lang='lat' dir='ltr'>est</span> <span class='ocrx_word' id='word_1_1036' title='bbox 1807 1556 1900 1596; x_wconf 89' lang='lat' dir='ltr'>quod,</span> <span class='ocrx_word' id='word_1_1037' title='bbox 1919 1558 1948 1586; x_wconf 89' lang='lat' dir='ltr'>in</span> <span class='ocrx_word' id='word_1_1038' title='bbox 1964 1558 2058 1595; x_wconf 89' lang='lat' dir='ltr'>primo</span> <span class='ocrx_word' id='word_1_1039' title='bbox 2073 1557 2225 1599; x_wconf 88' lang='lat' dir='ltr'>Capitulo,</span> <span class='ocrx_word' id='word_1_1040' title='bbox 2243 1561 2293 1590; x_wconf 85' lang='lat' dir='ltr'>ubi</span> <span class='ocrx_word' id='word_1_1041' title='bbox 2305 1560 2406 1600; x_wconf 83' lang='lat' dir='ltr'>legitur</span> 
     </span>
     <span class='ocr_line' id='line_1_125' title="bbox 1337 1596 2404 1636; baseline 0.003 -9"><span class='ocrx_word' id='word_1_1042' title='bbox 1337 1597 1369 1627; x_wconf 88' lang='lat' dir='ltr'>de</span> <span class='ocrx_word' id='word_1_1043' title='bbox 1383 1597 1505 1635; x_wconf 71' lang='lat' dir='ltr'>imprisiis</span> <span class='ocrx_word' id='word_1_1044' title='bbox 1517 1599 1629 1625; x_wconf 50' lang='lat' dir='ltr'>Domini</span> <span class='ocrx_word' id='word_1_1045' title='bbox 1643 1597 1796 1634; x_wconf 82' lang='lat' dir='ltr'>Ludovici,</span> <span class='ocrx_word' id='word_1_1046' title='bbox 1814 1596 1975 1635; x_wconf 83' lang='lat' dir='ltr'>intelligitur</span> <span class='ocrx_word' id='word_1_1047' title='bbox 1989 1596 2025 1627; x_wconf 90' lang='lat' dir='ltr'>de</span> <span class='ocrx_word' id='word_1_1048' title='bbox 2041 1597 2130 1626; x_wconf 83' lang='lat' dir='ltr'>Laicis</span> <span class='ocrx_word' id='word_1_1049' title='bbox 2146 1605 2274 1636; x_wconf 68' lang='lat' dir='ltr'>tantum,</span> <span class='ocrx_word' id='word_1_1050' title='bbox 2293 1598 2404 1631; x_wconf 88' lang='lat' dir='ltr'>Clerici</span> 
     </span>
     <span class='ocr_line' id='line_1_126' title="bbox 1339 1634 2408 1673; baseline 0.004 -7"><span class='ocrx_word' id='word_1_1051' title='bbox 1339 1645 1435 1666; x_wconf 91' lang='lat' dir='ltr'>tamen</span> <span class='ocrx_word' id='word_1_1052' title='bbox 1451 1635 1582 1673; x_wconf 86' lang='lat' dir='ltr'>Anglici,</span> <span class='ocrx_word' id='word_1_1053' title='bbox 1601 1636 1648 1673; x_wconf 87' lang='lat' dir='ltr'>qui</span> <span class='ocrx_word' id='word_1_1054' title='bbox 1663 1635 1730 1664; x_wconf 83' lang='lat' dir='ltr'>laica</span> <span class='ocrx_word' id='word_1_1055' title='bbox 1744 1634 1828 1665; x_wconf 79' lang='lat' dir='ltr'>feoda</span> <span class='ocrx_word' id='word_1_1056' title='bbox 1841 1635 2014 1673; x_wconf 77' lang='lat' dir='ltr'>habuerunt,</span> <span class='ocrx_word' id='word_1_1057' title='bbox 2033 1636 2154 1667; x_wconf 67' lang='lat' dir='ltr'>habeant</span> <span class='ocrx_word' id='word_1_1058' title='bbox 2166 1643 2251 1667; x_wconf 87' lang='lat' dir='ltr'>tetras</span> <span class='ocrx_word' id='word_1_1059' title='bbox 2264 1638 2298 1669; x_wconf 87' lang='lat'>&amp;</span> <span class='ocrx_word' id='word_1_1060' title='bbox 2311 1638 2408 1669; x_wconf 80' lang='lat' dir='ltr'>sasinas</span> 
     </span>
     <span class='ocr_line' id='line_1_127' title="bbox 1337 1674 1940 1712; baseline -0.005 -7"><span class='ocrx_word' id='word_1_1061' title='bbox 1337 1674 1396 1705; x_wconf 87' lang='lat' dir='ltr'>suas</span> <span class='ocrx_word' id='word_1_1062' title='bbox 1434 1683 1501 1712; x_wconf 82' lang='lat' dir='ltr'>quas</span> <span class='ocrx_word' id='word_1_1063' title='bbox 1517 1674 1673 1703; x_wconf 86' lang='lat' dir='ltr'>habuerunt</span> <span class='ocrx_word' id='word_1_1064' title='bbox 1685 1675 1714 1704; x_wconf 91' lang='lat' dir='ltr'>in</span> <span class='ocrx_word' id='word_1_1065' title='bbox 1730 1674 1810 1704; x_wconf 83' lang='lat' dir='ltr'>initio</span> <span class='ocrx_word' id='word_1_1066' title='bbox 1823 1681 1940 1712; x_wconf 64' lang='lat' dir='ltr'>guerrae.</span> 
     </span>
    </p>

    <p class='ocr_par' dir='ltr' id='par_1_37' title="bbox 1376 1698 2217 1752">
     <span class='ocr_line' id='line_1_128' title="bbox 1376 1698 2217 1752; baseline 0 -8"><span class='ocrx_word' id='word_1_1067' title='bbox 1376 1698 1424 1744; x_wconf 58' lang='lat' dir='ltr'>Ut</span> <span class='ocrx_word' id='word_1_1068' title='bbox 1439 1713 1536 1743; x_wconf 89' lang='lat' dir='ltr'>omnia</span> <span class='ocrx_word' id='word_1_1069' title='bbox 1550 1712 1684 1750; x_wconf 59' lang='lat' dir='ltr'>praedicta</span> <span class='ocrx_word' id='word_1_1070' title='bbox 1697 1721 1863 1751; x_wconf 84' lang='lat' dir='ltr'>perpetuam</span> <span class='ocrx_word' id='word_1_1071' title='bbox 1875 1712 2022 1743; x_wconf 78' lang='lat' dir='ltr'>obtineant</span> <span class='ocrx_word' id='word_1_1072' title='bbox 2037 1711 2217 1752; x_wconf 85' lang='lat' dir='ltr'>firmitatem,</span> 
     </span>
    </p>
   </div>
   <div class='ocr_carea' id='block_1_14' title="bbox 2421 1368 2554 1396">
    <p class='ocr_par' dir='ltr' id='par_1_38' title="bbox 2421 1368 2554 1396">
     <span class='ocr_line' id='line_1_129' title="bbox 2421 1368 2554 1396; baseline 0 0"><span class='ocrx_word' id='word_1_1073' title='bbox 2421 1369 2437 1385; x_wconf 66' lang='lat'>²*</span> <span class='ocrx_word' id='word_1_1074' title='bbox 2458 1368 2554 1396; x_wconf 74' lang='lat' dir='ltr'>Lau.</span> 
     </span>
    </p>
   </div>
   <div class='ocr_carea' id='block_1_15' title="bbox 1338 1788 2407 1984">
    <p class='ocr_par' dir='ltr' id='par_1_39' title="bbox 1338 1788 2407 1984">
     <span class='ocr_line' id='line_1_130' title="bbox 1338 1788 2209 1829; baseline 0 -9"><span class='ocrx_word' id='word_1_1075' title='bbox 1338 1792 1471 1821; x_wconf 85' lang='lat' dir='ltr'>Dominus</span> <span class='ocrx_word' id='word_1_1076' title='bbox 1489 1788 1590 1819; x_wconf 81' lang='lat' dir='ltr'>Gwalo</span> <span class='ocrx_word' id='word_1_1077' title='bbox 1603 1812 1613 1828; x_wconf 80' lang='lat'>,</span> <span class='ocrx_word' id='word_1_1078' title='bbox 1644 1788 1735 1819; x_wconf 84' lang='lat' dir='ltr'>Titulo</span> <span class='ocrx_word' id='word_1_1079' title='bbox 1756 1790 1851 1819; x_wconf 62' lang='lat' dir='ltr'>Sanffi</span> <span class='ocrx_word' id='word_1_1080' title='bbox 1890 1788 2052 1819; x_wconf 76' lang='lat' dir='ltr'>lVillielmus</span> <span class='ocrx_word' id='word_1_1081' title='bbox 2067 1791 2209 1829; x_wconf 83' lang='lat' dir='ltr'>Briwere,</span> 
     </span>
     <span class='ocr_line' id='line_1_131' title="bbox 1376 1827 2407 1869; baseline 0.001 -12"><span class='ocrx_word' id='word_1_1082' title='bbox 1376 1831 1502 1859; x_wconf 85' lang='lat' dir='ltr'>Martini</span> <span class='ocrx_word' id='word_1_1083' title='bbox 1514 1828 1658 1867; x_wconf 76' lang='lat' dir='ltr'>Presbyter</span> <span class='ocrx_word' id='word_1_1084' title='bbox 1677 1827 1853 1867; x_wconf 80' lang='lat' dir='ltr'>Cardinalis‚</span> <span class='ocrx_word' id='word_1_1085' title='bbox 1891 1827 2052 1858; x_wconf 57' lang='lat' dir='ltr'>Wllielmus</span> <span class='ocrx_word' id='word_1_1086' title='bbox 2083 1827 2284 1868; x_wconf 82' lang='lat' dir='ltr'>Mareschallus</span> <span class='ocrx_word' id='word_1_1087' title='bbox 2310 1828 2407 1869; x_wconf 85' lang='lat' dir='ltr'>Juve-</span> 
     </span>
     <span class='ocr_line' id='line_1_132' title="bbox 1377 1866 2203 1907; baseline -0.002 -10"><span class='ocrx_word' id='word_1_1088' title='bbox 1377 1866 1616 1906; x_wconf 71' lang='lat' dir='ltr'>quslolicaefidis</span> <span class='ocrx_word' id='word_1_1089' title='bbox 1630 1869 1754 1904; x_wconf 77' lang='lat' dir='ltr'>Legatus</span> <span class='ocrx_word' id='word_1_1090' title='bbox 1762 1891 1771 1904; x_wconf 77' lang='lat'>,</span> <span class='ocrx_word' id='word_1_1091' title='bbox 1929 1870 1972 1896; x_wconf 82' lang='lat' dir='ltr'>nis</span> <span class='ocrx_word' id='word_1_1092' title='bbox 1980 1891 1990 1904; x_wconf 87' lang='lat'>,</span> <span class='ocrx_word' id='word_1_1093' title='bbox 2165 1889 2203 1907; x_wconf 59' lang='lat' dir='ltr'><em>w</em></span> 
     </span>
     <span class='ocr_line' id='line_1_133' title="bbox 1341 1903 2230 1946; baseline -0.001 -10"><span class='ocrx_word' id='word_1_1094' title='bbox 1341 1908 1475 1936; x_wconf 84' lang='lat' dir='ltr'>Dominus</span> <span class='ocrx_word' id='word_1_1095' title='bbox 1491 1908 1624 1935; x_wconf 84' lang='lat' dir='ltr'>Henricus</span> <span class='ocrx_word' id='word_1_1096' title='bbox 1645 1908 1705 1934; x_wconf 76' lang='lat' dir='ltr'>Rex</span> <span class='ocrx_word' id='word_1_1097' title='bbox 1722 1903 1855 1943; x_wconf 76' lang='lat' dir='ltr'>Angliae,</span> <span class='ocrx_word' id='word_1_1098' title='bbox 1893 1904 2027 1946; x_wconf 79' lang='lat' dir='ltr'>Falcafius</span> <span class='ocrx_word' id='word_1_1099' title='bbox 2040 1905 2073 1936; x_wconf 83' lang='lat' dir='ltr'>de</span> <span class='ocrx_word' id='word_1_1100' title='bbox 2088 1907 2230 1944; x_wconf 60' lang='lat' dir='ltr'>Brean‘Te,</span> 
     </span>
     <span class='ocr_line' id='line_1_134' title="bbox 1341 1942 2326 1984; baseline 0.002 -11"><span class='ocrx_word' id='word_1_1101' title='bbox 1341 1943 1504 1976; x_wconf 83' lang='lat' dir='ltr'>Wllielmus</span> <span class='ocrx_word' id='word_1_1102' title='bbox 1532 1942 1712 1983; x_wconf 73' lang='lat' dir='ltr'>Marescallus</span> <span class='ocrx_word' id='word_1_1103' title='bbox 1727 1968 1738 1983; x_wconf 90' lang='lat'>,</span> <span class='ocrx_word' id='word_1_1104' title='bbox 1766 1948 1857 1974; x_wconf 86' lang='lat' dir='ltr'>Comes</span> <span class='ocrx_word' id='word_1_1105' title='bbox 1893 1943 2053 1982; x_wconf 78' lang='lat' dir='ltr'>Radulphus</span> <span class='ocrx_word' id='word_1_1106' title='bbox 2065 1945 2098 1973; x_wconf 82' lang='lat' dir='ltr'>de</span> <span class='ocrx_word' id='word_1_1107' title='bbox 2111 1948 2326 1984; x_wconf 70' lang='lat' dir='ltr'>Mortuo-mari,</span> 
     </span>
    </p>
   </div>
   <div class='ocr_carea' id='block_1_16' title="bbox 1343 1983 2303 2100">
    <p class='ocr_par' dir='ltr' id='par_1_40' title="bbox 1343 1983 2303 2100">
     <span class='ocr_line' id='line_1_135' title="bbox 1381 1983 2154 2022; baseline -0.001 -9"><span class='ocrx_word' id='word_1_1108' title='bbox 1381 1983 1508 2013; x_wconf 81' lang='lat' dir='ltr'>Penbroc.</span> <span class='ocrx_word' id='word_1_1109' title='bbox 1893 1985 1931 2013; x_wconf 93' lang='lat' dir='ltr'>L.</span> <span class='ocrx_word' id='word_1_1110' title='bbox 1951 1984 1983 2013; x_wconf 81' lang='lat' dir='ltr'>de</span> <span class='ocrx_word' id='word_1_1111' title='bbox 1999 1983 2154 2022; x_wconf 85' lang='lat' dir='ltr'>Erdivert‚</span> 
     </span>
     <span class='ocr_line' id='line_1_136' title="bbox 1343 2020 2296 2062; baseline -0.001 -10"><span class='ocrx_word' id='word_1_1112' title='bbox 1343 2021 1486 2052; x_wconf 80' lang='lat' dir='ltr'>Hubertus</span> <span class='ocrx_word' id='word_1_1113' title='bbox 1506 2022 1537 2052; x_wconf 88' lang='lat' dir='ltr'>de</span> <span class='ocrx_word' id='word_1_1114' title='bbox 1549 2023 1640 2060; x_wconf 82' lang='lat' dir='ltr'>Burgo</span> <span class='ocrx_word' id='word_1_1115' title='bbox 1648 2046 1658 2060; x_wconf 88' lang='lat'>,</span> <span class='ocrx_word' id='word_1_1116' title='bbox 1675 2020 1856 2062; x_wconf 79' lang='lat' dir='ltr'>Justiciarius</span> <span class='ocrx_word' id='word_1_1117' title='bbox 1895 2020 2028 2051; x_wconf 82' lang='lat' dir='ltr'>Robertus</span> <span class='ocrx_word' id='word_1_1118' title='bbox 2041 2022 2073 2051; x_wconf 87' lang='lat' dir='ltr'>de</span> <span class='ocrx_word' id='word_1_1119' title='bbox 2086 2024 2279 2052; x_wconf 78' lang='lat' dir='ltr'>Veteri-Ponte</span> <span class='ocrx_word' id='word_1_1120' title='bbox 2287 2046 2296 2060; x_wconf 85' lang='lat'>,</span> 
     </span>
     <span class='ocr_line' id='line_1_137' title="bbox 1382 2059 2303 2100; baseline 0 -10"><span class='ocrx_word' id='word_1_1121' title='bbox 1382 2060 1498 2098; x_wconf 84' lang='lat' dir='ltr'>Angliae</span> <span class='ocrx_word' id='word_1_1122' title='bbox 1505 2085 1514 2100; x_wconf 85' lang='lat'>,</span> <span class='ocrx_word' id='word_1_1123' title='bbox 1895 2059 2047 2100; x_wconf 60' lang='lat' dir='ltr'>Gatgfridus</span> <span class='ocrx_word' id='word_1_1124' title='bbox 2058 2061 2090 2090; x_wconf 91' lang='lat' dir='ltr'>de</span> <span class='ocrx_word' id='word_1_1125' title='bbox 2105 2060 2281 2090; x_wconf 60' lang='lat' dir='ltr'>Nova-villa</span> <span class='ocrx_word' id='word_1_1126' title='bbox 2292 2085 2303 2099; x_wconf 89' lang='lat'>,</span> 
     </span>
    </p>
   </div>
   <div class='ocr_carea' id='block_1_17' title="bbox 1343 2098 1854 2293">
    <p class='ocr_par' dir='ltr' id='par_1_41' title="bbox 1343 2098 1854 2293">
     <span class='ocr_line' id='line_1_138' title="bbox 1343 2098 1809 2138; baseline -0.004 -8"><span class='ocrx_word' id='word_1_1127' title='bbox 1343 2099 1522 2138; x_wconf 86' lang='lat' dir='ltr'>Ranulphus,</span> <span class='ocrx_word' id='word_1_1128' title='bbox 1537 2102 1627 2129; x_wconf 86' lang='lat' dir='ltr'>Comes</span> <span class='ocrx_word' id='word_1_1129' title='bbox 1641 2100 1673 2129; x_wconf 85' lang='lat' dir='ltr'>de</span> <span class='ocrx_word' id='word_1_1130' title='bbox 1689 2098 1809 2138; x_wconf 82' lang='lat' dir='ltr'>Cestria,</span> 
     </span>
     <span class='ocr_line' id='line_1_139' title="bbox 1344 2138 1803 2177; baseline -0.007 -8"><span class='ocrx_word' id='word_1_1131' title='bbox 1344 2138 1504 2169; x_wconf 81' lang='lat' dir='ltr'>Wllielmus</span> <span class='ocrx_word' id='word_1_1132' title='bbox 1511 2163 1521 2177; x_wconf 89' lang='lat'>,</span> <span class='ocrx_word' id='word_1_1133' title='bbox 1539 2142 1630 2168; x_wconf 86' lang='lat' dir='ltr'>Comes</span> <span class='ocrx_word' id='word_1_1134' title='bbox 1639 2142 1658 2168; x_wconf 93' lang='lat' dir='ltr'>S</span> <span class='ocrx_word' id='word_1_1135' title='bbox 1659 2138 1788 2167; x_wconf 82' lang='lat' dir='ltr'>aresberii</span> <span class='ocrx_word' id='word_1_1136' title='bbox 1794 2161 1803 2176; x_wconf 82' lang='lat'>‚</span> 
     </span>
     <span class='ocr_line' id='line_1_140' title="bbox 1345 2177 1854 2215; baseline -0.006 -8"><span class='ocrx_word' id='word_1_1137' title='bbox 1345 2177 1520 2215; x_wconf 83' lang='lat' dir='ltr'>Wllielmus,</span> <span class='ocrx_word' id='word_1_1138' title='bbox 1539 2180 1629 2206; x_wconf 86' lang='lat' dir='ltr'>Comes</span> <span class='ocrx_word' id='word_1_1139' title='bbox 1649 2178 1681 2207; x_wconf 85' lang='lat' dir='ltr'>de</span> <span class='ocrx_word' id='word_1_1140' title='bbox 1702 2179 1854 2214; x_wconf 76' lang='lat' dir='ltr'>Warenne,</span> 
     </span>
     <span class='ocr_line' id='line_1_141' title="bbox 1345 2213 1837 2255; baseline -0.006 -8"><span class='ocrx_word' id='word_1_1141' title='bbox 1345 2216 1524 2255; x_wconf 76' lang='lat' dir='ltr'>Wllielmus,</span> <span class='ocrx_word' id='word_1_1142' title='bbox 1543 2220 1634 2245; x_wconf 86' lang='lat' dir='ltr'>Comes</span> <span class='ocrx_word' id='word_1_1143' title='bbox 1649 2217 1680 2246; x_wconf 89' lang='lat' dir='ltr'>de</span> <span class='ocrx_word' id='word_1_1144' title='bbox 1693 2213 1837 2253; x_wconf 83' lang='lat' dir='ltr'>Arondel,</span> 
     </span>
     <span class='ocr_line' id='line_1_142' title="bbox 1345 2254 1665 2293; baseline -0.013 -6"><span class='ocrx_word' id='word_1_1145' title='bbox 1345 2255 1508 2287; x_wconf 82' lang='lat' dir='ltr'>Wllielmus</span> <span class='ocrx_word' id='word_1_1146' title='bbox 1522 2254 1647 2284; x_wconf 83' lang='lat' dir='ltr'>Aubenii</span> <span class='ocrx_word' id='word_1_1147' title='bbox 1655 2279 1665 2293; x_wconf 81' lang='lat'>‚</span> 
     </span>
    </p>
   </div>
   <div class='ocr_carea' id='block_1_18' title="bbox 1893 2098 2408 2284">
    <p class='ocr_par' dir='ltr' id='par_1_42' title="bbox 1895 2098 2152 2138">
     <span class='ocr_line' id='line_1_143' title="bbox 1895 2098 2152 2138; baseline 0 -10"><span class='ocrx_word' id='word_1_1148' title='bbox 1895 2101 1986 2128; x_wconf 89' lang='lat' dir='ltr'>Brian</span> <span class='ocrx_word' id='word_1_1149' title='bbox 1999 2099 2030 2128; x_wconf 88' lang='lat' dir='ltr'>de</span> <span class='ocrx_word' id='word_1_1150' title='bbox 2043 2098 2152 2138; x_wconf 80' lang='lat' dir='ltr'>Insida,</span> 
     </span>
    </p>

    <p class='ocr_par' dir='ltr' id='par_1_43' title="bbox 1894 2137 2265 2176">
     <span class='ocr_line' id='line_1_144' title="bbox 1894 2137 2265 2176; baseline 0.005 -10"><span class='ocrx_word' id='word_1_1151' title='bbox 1894 2137 2032 2176; x_wconf 78' lang='lat' dir='ltr'>Philippus</span> <span class='ocrx_word' id='word_1_1152' title='bbox 2046 2137 2078 2167; x_wconf 73' lang='lat' dir='ltr'>de</span> <span class='ocrx_word' id='word_1_1153' title='bbox 2092 2137 2265 2176; x_wconf 70' lang='lat' dir='ltr'>Aabiniaco,</span> 
     </span>
    </p>

    <p class='ocr_par' dir='ltr' id='par_1_44' title="bbox 1893 2175 2222 2220">
     <span class='ocr_line' id='line_1_145' title="bbox 1893 2175 2222 2220; baseline 0.003 -16"><span class='ocrx_word' id='word_1_1154' title='bbox 1893 2175 2112 2220; x_wconf 79' lang='lat' dir='ltr'>Ricardusfilius</span> <span class='ocrx_word' id='word_1_1155' title='bbox 2127 2179 2222 2214; x_wconf 75' lang='lat' dir='ltr'>Regis,</span> 
     </span>
    </p>

    <p class='ocr_par' dir='ltr' id='par_1_45' title="bbox 1893 2214 2408 2284">
     <span class='ocr_line' id='line_1_146' title="bbox 1893 2214 2408 2255; baseline 0.002 -10"><span class='ocrx_word' id='word_1_1156' title='bbox 1893 2214 1973 2245; x_wconf 85' lang='lat' dir='ltr'>Huic</span> <span class='ocrx_word' id='word_1_1157' title='bbox 1990 2214 2093 2253; x_wconf 82' lang='lat' dir='ltr'>scripto</span> <span class='ocrx_word' id='word_1_1158' title='bbox 2109 2215 2193 2255; x_wconf 80' lang='lat' dir='ltr'>sigilla</span> <span class='ocrx_word' id='word_1_1159' title='bbox 2215 2215 2260 2246; x_wconf 84' lang='lat' dir='ltr'>sua</span> <span class='ocrx_word' id='word_1_1160' title='bbox 2273 2214 2408 2253; x_wconf 80' lang='lat' dir='ltr'>apposue-</span> 
     </span>
     <span class='ocr_line' id='line_1_147' title="bbox 1929 2262 2003 2284; baseline 0 -1"><span class='ocrx_word' id='word_1_1161' title='bbox 1929 2262 2003 2284; x_wconf 89' lang='lat' dir='ltr'>runt.</span> 
     </span>
    </p>
   </div>
   <div class='ocr_carea' id='block_1_19' title="bbox 1343 2329 2410 2449">
    <p class='ocr_par' dir='ltr' id='par_1_46' title="bbox 1343 2329 2410 2449">
     <span class='ocr_line' id='line_1_148' title="bbox 1381 2329 2409 2370; baseline -0.003 -6"><span class='ocrx_word' id='word_1_1162' title='bbox 1381 2333 1494 2364; x_wconf 86' lang='lat' dir='ltr'>Datum</span> <span class='ocrx_word' id='word_1_1163' title='bbox 1513 2330 1588 2370; x_wconf 83' lang='lat' dir='ltr'>apud</span> <span class='ocrx_word' id='word_1_1164' title='bbox 1608 2331 1747 2369; x_wconf 88' lang='lat' dir='ltr'>Lameth,</span> <span class='ocrx_word' id='word_1_1165' title='bbox 1765 2340 1841 2361; x_wconf 89' lang='lat' dir='ltr'>anno</span> <span class='ocrx_word' id='word_1_1166' title='bbox 1855 2330 1890 2361; x_wconf 91' lang='lat' dir='ltr'>ab</span> <span class='ocrx_word' id='word_1_1167' title='bbox 1905 2329 2102 2361; x_wconf 76' lang='lat' dir='ltr'>incarnatione</span> <span class='ocrx_word' id='word_1_1168' title='bbox 2116 2329 2241 2360; x_wconf 89' lang='lat' dir='ltr'>Domini</span> <span class='ocrx_word' id='word_1_1169' title='bbox 2256 2329 2409 2361; x_wconf 83' lang='lat' dir='ltr'>millesimo</span> 
     </span>
     <span class='ocr_line' id='line_1_149' title="bbox 1343 2369 2410 2414; baseline -0.003 -12"><span class='ocrx_word' id='word_1_1170' title='bbox 1343 2372 1540 2403; x_wconf 84' lang='lat' dir='ltr'>ducentefimo</span> <span class='ocrx_word' id='word_1_1171' title='bbox 1561 2371 1677 2414; x_wconf 82' lang='lat' dir='ltr'>decimo</span> <span class='ocrx_word' id='word_1_1172' title='bbox 1697 2371 1816 2413; x_wconf 84' lang='lat' dir='ltr'>septimo</span> <span class='ocrx_word' id='word_1_1173' title='bbox 1831 2393 1840 2408; x_wconf 87' lang='lat'>,</span> <span class='ocrx_word' id='word_1_1174' title='bbox 1866 2369 2090 2412; x_wconf 31' lang='lat' dir='ltr'>die—undecimo</span> <span class='ocrx_word' id='word_1_1175' title='bbox 2111 2369 2285 2412; x_wconf 86' lang='lat' dir='ltr'>Septembris</span> <span class='ocrx_word' id='word_1_1176' title='bbox 2299 2392 2310 2407; x_wconf 84' lang='grc'>,</span> <span class='ocrx_word' id='word_1_1177' title='bbox 2333 2378 2410 2399; x_wconf 85' lang='lat' dir='ltr'>anno</span> 
     </span>
     <span class='ocr_line' id='line_1_150' title="bbox 1343 2409 2044 2449; baseline -0.006 -8"><span class='ocrx_word' id='word_1_1178' title='bbox 1343 2411 1469 2442; x_wconf 90' lang='lat' dir='ltr'>Domini</span> <span class='ocrx_word' id='word_1_1179' title='bbox 1481 2409 1604 2440; x_wconf 86' lang='lat' dir='ltr'>Hennci</span> <span class='ocrx_word' id='word_1_1180' title='bbox 1619 2409 1708 2449; x_wconf 83' lang='lat' dir='ltr'>Regis</span> <span class='ocrx_word' id='word_1_1181' title='bbox 1724 2409 1836 2448; x_wconf 79' lang='lat' dir='ltr'>Anghae</span> <span class='ocrx_word' id='word_1_1182' title='bbox 1851 2415 1925 2439; x_wconf 83' lang='lat' dir='ltr'>term</span> <span class='ocrx_word' id='word_1_1183' title='bbox 1939 2416 2044 2446; x_wconf 86' lang='lat' dir='ltr'>primo.</span> 
     </span>
    </p>
   </div>
   <div class='ocr_carea' id='block_1_20' title="bbox 1471 2532 2279 2586">
    <p class='ocr_par' dir='ltr' id='par_1_47' title="bbox 1471 2532 2279 2586">
     <span class='ocr_line' id='line_1_151' title="bbox 1471 2532 2279 2586; baseline -0.004 -15"><span class='ocrx_word' id='word_1_1184' title='bbox 1471 2542 1522 2574; x_wconf 91' lang='lat' dir='ltr'>De</span> <span class='ocrx_word' id='word_1_1185' title='bbox 1535 2548 1610 2586; x_wconf 84' lang='lat' dir='ltr'>pace</span> <span class='ocrx_word' id='word_1_1186' title='bbox 1621 2564 1631 2581; x_wconf 92' lang='lat'>‚</span> <span class='ocrx_word' id='word_1_1187' title='bbox 1655 2539 1692 2576; x_wconf 64' lang='grc' dir='ltr'>(ῥ’</span> <span class='ocrx_word' id='word_1_1188' title='bbox 1703 2535 1796 2583; x_wconf 76' lang='lat' dir='ltr'>fhlvo</span> <span class='ocrx_word' id='word_1_1189' title='bbox 1814 2533 1960 2568; x_wconf 68' lang='lat' dir='ltr'>conduci‘lu</span> <span class='ocrx_word' id='word_1_1190' title='bbox 1979 2537 2108 2569; x_wconf 81' lang='lat' dir='ltr'>Domini</span> <span class='ocrx_word' id='word_1_1191' title='bbox 2121 2532 2279 2569; x_wconf 81' lang='lat' dir='ltr'>Lodovici.</span> 
     </span>
    </p>
   </div>
   <div class='ocr_carea' id='block_1_21' title="bbox 1341 2620 2563 2780">
    <p class='ocr_par' dir='ltr' id='par_1_48' title="bbox 1341 2620 2563 2703">
     <span class='ocr_line' id='line_1_152' title="bbox 1341 2620 2563 2683; baseline -0.007 -28"><span class='ocrx_word' id='word_1_1192' title='bbox 1341 2628 1397 2683; x_wconf 83' lang='lat' dir='ltr'>R</span> <span class='ocrx_word' id='word_1_1193' title='bbox 1406 2624 1433 2655; x_wconf 87' lang='lat' dir='ltr'><strong>E</strong></span> <span class='ocrx_word' id='word_1_1194' title='bbox 1443 2623 1474 2655; x_wconf 91' lang='lat' dir='ltr'>X</span> <span class='ocrx_word' id='word_1_1195' title='bbox 1498 2623 1607 2662; x_wconf 83' lang='lat' dir='ltr'>Majori</span> <span class='ocrx_word' id='word_1_1196' title='bbox 1621 2624 1655 2654; x_wconf 93' lang='lat'>&amp;</span> <span class='ocrx_word' id='word_1_1197' title='bbox 1670 2621 1826 2653; x_wconf 81' lang='lat' dir='ltr'>Batonibus</span> <span class='ocrx_word' id='word_1_1198' title='bbox 1840 2620 1977 2652; x_wconf 89' lang='lat' dir='ltr'>London.</span> <span class='ocrx_word' id='word_1_1199' title='bbox 1995 2620 2118 2652; x_wconf 87' lang='lat' dir='ltr'>salutem.</span> <span class='ocrx_word' id='word_1_1200' title='bbox 2429 2625 2507 2657; x_wconf 55' lang='lat' dir='ltr'>Arm,</span> <span class='ocrx_word' id='word_1_1201' title='bbox 2521 2624 2563 2657; x_wconf 63' lang='lat' dir='ltr'>D,</span> 
     </span>
     <span class='ocr_line' id='line_1_153' title="bbox 1435 2657 2539 2703; baseline -0.005 -10"><span class='ocrx_word' id='word_1_1202' title='bbox 1435 2662 1517 2693; x_wconf 90' lang='lat' dir='ltr'>Cum</span> <span class='ocrx_word' id='word_1_1203' title='bbox 1541 2664 1600 2701; x_wconf 80' lang='lat' dir='ltr'>J‘am</span> <span class='ocrx_word' id='word_1_1204' title='bbox 1613 2685 1623 2699; x_wconf 85' lang='lat'>,</span> <span class='ocrx_word' id='word_1_1205' title='bbox 1648 2669 1822 2698; x_wconf 84' lang='lat' dir='ltr'>cooperante</span> <span class='ocrx_word' id='word_1_1206' title='bbox 1841 2659 1977 2689; x_wconf 88' lang='lat' dir='ltr'>Domino</span> <span class='ocrx_word' id='word_1_1207' title='bbox 1990 2683 2001 2696; x_wconf 91' lang='lat'>,</span> <span class='ocrx_word' id='word_1_1208' title='bbox 2026 2659 2107 2696; x_wconf 89' lang='lat' dir='ltr'>plena</span> <span class='ocrx_word' id='word_1_1209' title='bbox 2127 2667 2181 2695; x_wconf 78' lang='lat' dir='ltr'>pax</span> <span class='ocrx_word' id='word_1_1210' title='bbox 2200 2658 2272 2688; x_wconf 87' lang='lat' dir='ltr'>inter</span> <span class='ocrx_word' id='word_1_1211' title='bbox 2288 2667 2359 2696; x_wconf 88' lang='lat' dir='ltr'>nos,</span> <span class='ocrx_word' id='word_1_1212' title='bbox 2377 2657 2411 2689; x_wconf 92' lang='lat'>&amp;</span> <span class='ocrx_word' id='word_1_1213' title='bbox 2452 2673 2539 2703; x_wconf 84' lang='lat'>1217.</span> 
     </span>
    </p>

    <p class='ocr_par' dir='ltr' id='par_1_49' title="bbox 1342 2697 2530 2736">
     <span class='ocr_line' id='line_1_154' title="bbox 1342 2697 2530 2736; baseline -0.004 -5"><span class='ocrx_word' id='word_1_1214' title='bbox 1342 2699 1511 2731; x_wconf 87' lang='lat' dir='ltr'>Dominum</span> <span class='ocrx_word' id='word_1_1215' title='bbox 1535 2699 1742 2736; x_wconf 89' lang='lat' dir='ltr'>Ludovicum,</span> <span class='ocrx_word' id='word_1_1216' title='bbox 1763 2698 1888 2728; x_wconf 88' lang='lat' dir='ltr'>Domini</span> <span class='ocrx_word' id='word_1_1217' title='bbox 1909 2697 1997 2736; x_wconf 81' lang='lat' dir='ltr'>Regis</span> <span class='ocrx_word' id='word_1_1218' title='bbox 2018 2697 2146 2727; x_wconf 77' lang='lat' dir='ltr'>Franciae</span> <span class='ocrx_word' id='word_1_1219' title='bbox 2167 2697 2412 2736; x_wconf 87' lang='lat' dir='ltr'>primogenitum,</span> <span class='ocrx_word' id='word_1_1220' title='bbox 2429 2709 2484 2733; x_wconf 80' lang='lat' dir='ltr'>An.</span> <span class='ocrx_word' id='word_1_1221' title='bbox 2506 2714 2530 2734; x_wconf 64' lang='grc' dir='ltr'>ι,</span> 
     </span>
    </p>

    <p class='ocr_par' dir='ltr' id='par_1_50' title="bbox 1341 2736 1934 2780">
     <span class='ocr_line' id='line_1_155' title="bbox 1341 2736 1934 2780; baseline -0.01 -10"><span class='ocrx_word' id='word_1_1222' title='bbox 1341 2748 1498 2780; x_wconf 87' lang='lat' dir='ltr'>cognatum</span> <span class='ocrx_word' id='word_1_1223' title='bbox 1513 2738 1642 2769; x_wconf 87' lang='lat' dir='ltr'>nostrum</span> <span class='ocrx_word' id='word_1_1224' title='bbox 1654 2760 1665 2776; x_wconf 89' lang='lat'>,</span> <span class='ocrx_word' id='word_1_1225' title='bbox 1679 2737 1762 2767; x_wconf 87' lang='lat' dir='ltr'>fuerit</span> <span class='ocrx_word' id='word_1_1226' title='bbox 1776 2736 1934 2766; x_wconf 86' lang='lat' dir='ltr'>reformata.</span> 
     </span>
    </p>
   </div>
   <div class='ocr_carea' id='block_1_22' title="bbox 1380 2748 2546 2817">
    <p class='ocr_par' dir='ltr' id='par_1_51' title="bbox 1380 2748 2546 2817">
     <span class='ocr_line' id='line_1_156' title="bbox 1380 2748 2546 2817; baseline -0.005 -8"><span class='ocrx_word' id='word_1_1227' title='bbox 1380 2778 1473 2810; x_wconf 88' lang='lat' dir='ltr'>Vobis</span> <span class='ocrx_word' id='word_1_1228' title='bbox 1495 2776 1660 2807; x_wconf 89' lang='lat' dir='ltr'>mandamus</span> <span class='ocrx_word' id='word_1_1229' title='bbox 1682 2775 1797 2805; x_wconf 85' lang='lat' dir='ltr'>firmiter</span> <span class='ocrx_word' id='word_1_1230' title='bbox 1817 2775 2011 2812; x_wconf 81' lang='lat' dir='ltr'>praecipientes</span> <span class='ocrx_word' id='word_1_1231' title='bbox 2031 2774 2160 2817; x_wconf 80' lang='lat' dir='ltr'>quatinus</span> <span class='ocrx_word' id='word_1_1232' title='bbox 2174 2797 2184 2811; x_wconf 94' lang='lat'>,</span> <span class='ocrx_word' id='word_1_1233' title='bbox 2203 2772 2273 2803; x_wconf 85' lang='lat' dir='ltr'>ficut</span> <span class='ocrx_word' id='word_1_1234' title='bbox 2283 2783 2355 2817; x_wconf 68' lang='lat' dir='ltr'>nos,</span> <span class='ocrx_word' id='word_1_1235' title='bbox 2373 2774 2407 2805; x_wconf 68' lang='grc' dir='ltr'>ὃς</span> <span class='ocrx_word' id='word_1_1236' title='bbox 2429 2748 2546 2810; x_wconf 40' lang='lat' dir='ltr'>gei(</span> 
     </span>
    </p>
   </div>
   <div class='ocr_carea' id='block_1_23' title="bbox 1343 2811 2551 3128">
    <p class='ocr_par' dir='ltr' id='par_1_52' title="bbox 1343 2811 2551 2928">
     <span class='ocr_line' id='line_1_157' title="bbox 1343 2811 2550 2856; baseline -0.007 -8"><span class='ocrx_word' id='word_1_1237' title='bbox 1343 2818 1487 2849; x_wconf 89' lang='lat' dir='ltr'>honorem</span> <span class='ocrx_word' id='word_1_1238' title='bbox 1501 2815 1650 2852; x_wconf 88' lang='lat' dir='ltr'>nostrum,</span> <span class='ocrx_word' id='word_1_1239' title='bbox 1667 2815 1701 2845; x_wconf 87' lang='lat'>&amp;</span> <span class='ocrx_word' id='word_1_1240' title='bbox 1715 2823 1836 2851; x_wconf 86' lang='lat' dir='ltr'>corpora</span> <span class='ocrx_word' id='word_1_1241' title='bbox 1851 2812 1960 2850; x_wconf 83' lang='lat' dir='ltr'>vestra,</span> <span class='ocrx_word' id='word_1_1242' title='bbox 1979 2813 2013 2843; x_wconf 90' lang='lat'>&amp;</span> <span class='ocrx_word' id='word_1_1243' title='bbox 2027 2822 2126 2842; x_wconf 86' lang='lat' dir='ltr'>omnia</span> <span class='ocrx_word' id='word_1_1244' title='bbox 2139 2821 2205 2851; x_wconf 84' lang='lat' dir='ltr'>quae</span> <span class='ocrx_word' id='word_1_1245' title='bbox 2218 2813 2247 2841; x_wconf 90' lang='lat' dir='ltr'>in</span> <span class='ocrx_word' id='word_1_1246' title='bbox 2263 2811 2408 2842; x_wconf 89' lang='lat' dir='ltr'>Dominio</span> <span class='ocrx_word' id='word_1_1247' title='bbox 2429 2825 2464 2848; x_wconf 80' lang='lat' dir='ltr'>H.</span> <span class='ocrx_word' id='word_1_1248' title='bbox 2482 2829 2507 2856; x_wconf 76' lang='lat'>3,</span> <span class='ocrx_word' id='word_1_1249' title='bbox 2523 2829 2550 2848; x_wconf 59' lang='lat' dir='ltr'>n,</span> 
     </span>
     <span class='ocr_line' id='line_1_158' title="bbox 1345 2849 2551 2898; baseline -0.006 -11"><span class='ocrx_word' id='word_1_1250' title='bbox 1345 2856 1446 2888; x_wconf 90' lang='lat' dir='ltr'>nostro</span> <span class='ocrx_word' id='word_1_1251' title='bbox 1460 2854 1583 2898; x_wconf 83' lang='lat' dir='ltr'>habetis,</span> <span class='ocrx_word' id='word_1_1252' title='bbox 1600 2853 1729 2896; x_wconf 79' lang='lat' dir='ltr'>diligitis,</span> <span class='ocrx_word' id='word_1_1253' title='bbox 1746 2852 1857 2896; x_wconf 59' lang='lat' dir='ltr'>dietum</span> <span class='ocrx_word' id='word_1_1254' title='bbox 1870 2850 2037 2882; x_wconf 86' lang='lat' dir='ltr'>Dominum</span> <span class='ocrx_word' id='word_1_1255' title='bbox 2052 2849 2237 2882; x_wconf 87' lang='lat' dir='ltr'>Ludovicum</span> <span class='ocrx_word' id='word_1_1256' title='bbox 2258 2851 2291 2881; x_wconf 92' lang='lat'>&amp;</span> <span class='ocrx_word' id='word_1_1257' title='bbox 2307 2859 2410 2881; x_wconf 88' lang='lat' dir='ltr'>omnes</span> <span class='ocrx_word' id='word_1_1258' title='bbox 2429 2858 2457 2886; x_wconf 78' lang='lat'>8,</span> <span class='ocrx_word' id='word_1_1259' title='bbox 2471 2867 2509 2887; x_wconf 70' lang='lat' dir='ltr'>m,</span> <span class='ocrx_word' id='word_1_1260' title='bbox 2524 2867 2551 2895; x_wconf 76' lang='lat'>3,</span> 
     </span>
     <span class='ocr_line' id='line_1_159' title="bbox 1345 2888 2391 2928; baseline -0.009 -1"><span class='ocrx_word' id='word_1_1261' title='bbox 1345 2896 1406 2928; x_wconf 87' lang='lat' dir='ltr'>suos</span> <span class='ocrx_word' id='word_1_1262' title='bbox 1420 2892 1582 2925; x_wconf 84' lang='lat' dir='ltr'>custodiatis</span> <span class='ocrx_word' id='word_1_1263' title='bbox 1596 2893 1630 2923; x_wconf 90' lang='lat'>&amp;</span> <span class='ocrx_word' id='word_1_1264' title='bbox 1644 2890 1797 2922; x_wconf 64' lang='lat' dir='ltr'>defendatis</span> <span class='ocrx_word' id='word_1_1265' title='bbox 1811 2899 1945 2928; x_wconf 86' lang='lat' dir='ltr'>tanquam</span> <span class='ocrx_word' id='word_1_1266' title='bbox 1959 2899 2063 2927; x_wconf 89' lang='lat' dir='ltr'>corpus</span> <span class='ocrx_word' id='word_1_1267' title='bbox 2077 2888 2210 2920; x_wconf 89' lang='lat' dir='ltr'>nostrum</span> <span class='ocrx_word' id='word_1_1268' title='bbox 2222 2890 2256 2920; x_wconf 76' lang='grc' dir='ltr'>δε</span> <span class='ocrx_word' id='word_1_1269' title='bbox 2269 2888 2391 2919; x_wconf 86' lang='lat' dir='ltr'>nostros.</span> 
     </span>
    </p>

    <p class='ocr_par' dir='ltr' id='par_1_53' title="bbox 1344 2927 2410 3081">
     <span class='ocr_line' id='line_1_160' title="bbox 1379 2927 2410 2969; baseline -0.008 -4"><span class='ocrx_word' id='word_1_1270' title='bbox 1379 2934 1415 2965; x_wconf 89' lang='lat' dir='ltr'>N</span> <span class='ocrx_word' id='word_1_1271' title='bbox 1417 2943 1451 2964; x_wconf 91' lang='lat' dir='ltr'>ec</span> <span class='ocrx_word' id='word_1_1272' title='bbox 1472 2934 1498 2963; x_wconf 91' lang='lat' dir='ltr'>ei</span> <span class='ocrx_word' id='word_1_1273' title='bbox 1513 2955 1523 2969; x_wconf 81' lang='lat'>,</span> <span class='ocrx_word' id='word_1_1274' title='bbox 1548 2931 1595 2963; x_wconf 91' lang='lat' dir='ltr'>vel</span> <span class='ocrx_word' id='word_1_1275' title='bbox 1615 2930 1667 2961; x_wconf 90' lang='lat' dir='ltr'>suis</span> <span class='ocrx_word' id='word_1_1276' title='bbox 1680 2953 1691 2969; x_wconf 85' lang='lat'>,</span> <span class='ocrx_word' id='word_1_1277' title='bbox 1715 2930 1839 2968; x_wconf 85' lang='lat' dir='ltr'>aliquam</span> <span class='ocrx_word' id='word_1_1278' title='bbox 1854 2929 1994 2967; x_wconf 83' lang='lat' dir='ltr'>inferatis,</span> <span class='ocrx_word' id='word_1_1279' title='bbox 2011 2928 2057 2958; x_wconf 92' lang='lat' dir='ltr'>vel</span> <span class='ocrx_word' id='word_1_1280' title='bbox 2071 2929 2108 2958; x_wconf 87' lang='lat' dir='ltr'>ab</span> <span class='ocrx_word' id='word_1_1281' title='bbox 2122 2928 2218 2967; x_wconf 89' lang='lat' dir='ltr'>aliquo</span> <span class='ocrx_word' id='word_1_1282' title='bbox 2230 2927 2328 2957; x_wconf 90' lang='lat' dir='ltr'>inferri</span> <span class='ocrx_word' id='word_1_1283' title='bbox 2345 2937 2410 2966; x_wconf 89' lang='lat' dir='ltr'>per-</span> 
     </span>
     <span class='ocr_line' id='line_1_161' title="bbox 1345 2965 2407 3012; baseline -0.008 -8"><span class='ocrx_word' id='word_1_1284' title='bbox 1345 2973 1476 3010; x_wconf 62' lang='lat' dir='ltr'>mittam,</span> <span class='ocrx_word' id='word_1_1285' title='bbox 1491 2982 1543 3009; x_wconf 89' lang='lat' dir='ltr'>pro</span> <span class='ocrx_word' id='word_1_1286' title='bbox 1558 2969 1640 3009; x_wconf 85' lang='lat' dir='ltr'>poffe</span> <span class='ocrx_word' id='word_1_1287' title='bbox 1652 2968 1763 3012; x_wconf 84' lang='lat' dir='ltr'>vestro,</span> <span class='ocrx_word' id='word_1_1288' title='bbox 1781 2967 1939 2998; x_wconf 89' lang='lat' dir='ltr'>molestiam</span> <span class='ocrx_word' id='word_1_1289' title='bbox 1957 2966 2003 3011; x_wconf 79' lang='lat' dir='ltr'>vel</span> <span class='ocrx_word' id='word_1_1290' title='bbox 2017 2967 2165 3006; x_wconf 76' lang='lat' dir='ltr'>injuriam,</span> <span class='ocrx_word' id='word_1_1291' title='bbox 2183 2975 2254 2997; x_wconf 90' lang='lat' dir='ltr'>cum</span> <span class='ocrx_word' id='word_1_1292' title='bbox 2268 2965 2407 3005; x_wconf 87' lang='lat' dir='ltr'>quicquid</span> 
     </span>
     <span class='ocr_line' id='line_1_162' title="bbox 1344 3005 2409 3081; baseline -0.008 -38"><span class='ocrx_word' id='word_1_1293' title='bbox 1344 3014 1387 3052; x_wconf 89' lang='lat' dir='ltr'>ei,</span> <span class='ocrx_word' id='word_1_1294' title='bbox 1405 3011 1459 3081; x_wconf 51' lang='lat' dir='ltr'>vg</span> <span class='ocrx_word' id='word_1_1295' title='bbox 1473 3010 1525 3041; x_wconf 85' lang='lat' dir='ltr'>suis</span> <span class='ocrx_word' id='word_1_1296' title='bbox 1548 3009 1657 3079; x_wconf 39' lang='lat' dir='ltr'>fag-tum</span> <span class='ocrx_word' id='word_1_1297' title='bbox 1670 3008 1751 3039; x_wconf 82' lang='lat' dir='ltr'>fuerit</span> <span class='ocrx_word' id='word_1_1298' title='bbox 1764 3016 1780 3037; x_wconf 89' lang='lat' dir='ltr'>a</span> <span class='ocrx_word' id='word_1_1299' title='bbox 1793 3007 1894 3044; x_wconf 87' lang='lat' dir='ltr'>vobis,</span> <span class='ocrx_word' id='word_1_1300' title='bbox 1911 3005 1995 3036; x_wconf 88' lang='lat' dir='ltr'>nobis</span> <span class='ocrx_word' id='word_1_1301' title='bbox 2007 3006 2042 3037; x_wconf 88' lang='lat'>&amp;</span> <span class='ocrx_word' id='word_1_1302' title='bbox 2057 3006 2160 3036; x_wconf 88' lang='lat' dir='ltr'>nostris</span> <span class='ocrx_word' id='word_1_1303' title='bbox 2173 3005 2283 3036; x_wconf 63' lang='lat' dir='ltr'>facium</span> <span class='ocrx_word' id='word_1_1304' title='bbox 2297 3013 2409 3046; x_wconf 85' lang='lat' dir='ltr'>repute-</span> 
     </span>
    </p>

    <p class='ocr_par' dir='ltr' id='par_1_54' title="bbox 1447 3057 1671 3077">
     <span class='ocr_line' id='line_1_163' title="bbox 1447 3057 1671 3077; baseline -0.013 2"><span class='ocrx_word' id='word_1_1305' title='bbox 1447 3059 1458 3067; x_wconf 71' lang='lat'><em>⁷</em></span> <span class='ocrx_word' id='word_1_1306' title='bbox 1651 3057 1671 3077; x_wconf 80' lang='lat' dir='ltr'>s,</span> 
     </span>
    </p>

    <p class='ocr_par' dir='ltr' id='par_1_55' title="bbox 1345 3057 2188 3128">
     <span class='ocr_line' id='line_1_164' title="bbox 1345 3057 2188 3128; baseline -0.009 -8"><span class='ocrx_word' id='word_1_1307' title='bbox 1345 3061 1420 3120; x_wconf 58' lang='lat' dir='ltr'>mLIZSt</span> <span class='ocrx_word' id='word_1_1308' title='bbox 1431 3090 1461 3119; x_wconf 90' lang='lat' dir='ltr'>in</span> <span class='ocrx_word' id='word_1_1309' title='bbox 1474 3057 1569 3128; x_wconf 38' lang='lat' dir='ltr'>rgffiitiltsa</span> <span class='ocrx_word' id='word_1_1310' title='bbox 1576 3058 1845 3122; x_wconf 47' lang='lat' dir='ltr'>rgi&#39;effimonium,</span> <span class='ocrx_word' id='word_1_1311' title='bbox 1862 3083 1923 3116; x_wconf 87' lang='lat' dir='ltr'>&amp;c.</span> <span class='ocrx_word' id='word_1_1312' title='bbox 1941 3084 2025 3115; x_wconf 89' lang='lat' dir='ltr'>vobis</span> <span class='ocrx_word' id='word_1_1313' title='bbox 2039 3084 2188 3114; x_wconf 88' lang='lat' dir='ltr'>mittimus.</span> 
     </span>
    </p>
   </div>
   <div class='ocr_carea' id='block_1_24' title="bbox 1381 3159 2180 3203">
    <p class='ocr_par' dir='ltr' id='par_1_56' title="bbox 1381 3159 2180 3203">
     <span class='ocr_line' id='line_1_165' title="bbox 1381 3159 2180 3203; baseline -0.01 -5"><span class='ocrx_word' id='word_1_1314' title='bbox 1381 3165 1473 3198; x_wconf 79' lang='lat' dir='ltr'>Teste</span> <span class='ocrx_word' id='word_1_1315' title='bbox 1484 3164 1605 3197; x_wconf 86' lang='lat' dir='ltr'>Comite</span> <span class='ocrx_word' id='word_1_1316' title='bbox 1618 3162 1692 3202; x_wconf 89' lang='lat' dir='ltr'>apud</span> <span class='ocrx_word' id='word_1_1317' title='bbox 1706 3161 1868 3203; x_wconf 88' lang='lat' dir='ltr'>Kingeston</span> <span class='ocrx_word' id='word_1_1318' title='bbox 1885 3171 1922 3201; x_wconf 83' lang='lat'>14</span> <span class='ocrx_word' id='word_1_1319' title='bbox 1935 3160 1982 3192; x_wconf 90' lang='lat' dir='ltr'>die</span> <span class='ocrx_word' id='word_1_1320' title='bbox 1995 3159 2180 3198; x_wconf 86' lang='lat' dir='ltr'>Septembrls.</span> 
     </span>
    </p>
   </div>
   <div class='ocr_carea' id='block_1_25' title="bbox 1345 3234 2404 3253">
    <p class='ocr_par' dir='ltr' id='par_1_57' title="bbox 1345 3234 2404 3253">
     <span class='ocr_line' id='line_1_166' title="bbox 1345 3234 2404 3253; baseline 0 1008"><span class='ocrx_word' id='word_1_1321' title='bbox 1345 3234 2404 3253; x_wconf 95' lang='lat' dir='ltr'> </span> 
     </span>
    </p>
   </div>
   <div class='ocr_carea' id='block_1_26' title="bbox 1485 3287 2272 3334">
    <p class='ocr_par' dir='ltr' id='par_1_58' title="bbox 1485 3287 2272 3334">
     <span class='ocr_line' id='line_1_167' title="bbox 1485 3287 2272 3334; baseline -0.009 -8"><span class='ocrx_word' id='word_1_1322' title='bbox 1485 3294 1534 3326; x_wconf 84' lang='lat' dir='ltr'>De</span> <span class='ocrx_word' id='word_1_1323' title='bbox 1554 3303 1611 3324; x_wconf 86' lang='lat' dir='ltr'>non</span> <span class='ocrx_word' id='word_1_1324' title='bbox 1629 3289 1805 3334; x_wconf 65' lang='lat' dir='ltr'>molestando</span> <span class='ocrx_word' id='word_1_1325' title='bbox 1824 3292 1948 3324; x_wconf 84' lang='lat' dir='ltr'>Gentem</span> <span class='ocrx_word' id='word_1_1326' title='bbox 1966 3291 2095 3324; x_wconf 84' lang='lat' dir='ltr'>Domini</span> <span class='ocrx_word' id='word_1_1327' title='bbox 2113 3287 2272 3323; x_wconf 79' lang='lat' dir='ltr'>Lodovici.</span> 
     </span>
    </p>
   </div>
   <div class='ocr_carea' id='block_1_27' title="bbox 1344 3371 2561 3439">
    <p class='ocr_par' dir='ltr' id='par_1_59' title="bbox 1344 3371 2561 3439">
     <span class='ocr_line' id='line_1_168' title="bbox 1344 3371 2561 3439; baseline -0.003 -28"><span class='ocrx_word' id='word_1_1328' title='bbox 1344 3378 1474 3439; x_wconf 83' lang='lat' dir='ltr'>REX</span> <span class='ocrx_word' id='word_1_1329' title='bbox 1498 3377 1539 3408; x_wconf 94' lang='lat' dir='ltr'>G.</span> <span class='ocrx_word' id='word_1_1330' title='bbox 1559 3374 1776 3408; x_wconf 85' lang='lat' dir='ltr'>Constabulario</span> <span class='ocrx_word' id='word_1_1331' title='bbox 1795 3376 1832 3406; x_wconf 88' lang='lat' dir='ltr'>de</span> <span class='ocrx_word' id='word_1_1332' title='bbox 1847 3375 1991 3414; x_wconf 82' lang='lat' dir='ltr'>Meuron,</span> <span class='ocrx_word' id='word_1_1333' title='bbox 2009 3374 2165 3414; x_wconf 89' lang='lat' dir='ltr'>Radulpho</span> <span class='ocrx_word' id='word_1_1334' title='bbox 2183 3372 2220 3403; x_wconf 90' lang='lat' dir='ltr'>de</span> <span class='ocrx_word' id='word_1_1335' title='bbox 2235 3371 2323 3411; x_wconf 87' lang='lat' dir='ltr'>Bray,</span> <span class='ocrx_word' id='word_1_1336' title='bbox 2342 3371 2409 3403; x_wconf 87' lang='lat' dir='ltr'>Oli-</span> <span class='ocrx_word' id='word_1_1337' title='bbox 2431 3375 2561 3406; x_wconf 87' lang='lat' dir='ltr'>Ann.D.</span> 
     </span>
    </p>
   </div>
   <div class='ocr_carea' id='block_1_28' title="bbox 1344 3410 2545 3531">
    <p class='ocr_par' dir='ltr' id='par_1_60' title="bbox 1344 3410 2545 3531">
     <span class='ocr_line' id='line_1_169' title="bbox 1417 3410 2545 3455; baseline -0.004 -6"><span class='ocrx_word' id='word_1_1338' title='bbox 1417 3427 1490 3449; x_wconf 90' lang='lat' dir='ltr'>vero</span> <span class='ocrx_word' id='word_1_1339' title='bbox 1504 3416 1564 3446; x_wconf 88' lang='lat' dir='ltr'>filio</span> <span class='ocrx_word' id='word_1_1340' title='bbox 1578 3415 1748 3455; x_wconf 86' lang='lat' dir='ltr'>Reginaldi,</span> <span class='ocrx_word' id='word_1_1341' title='bbox 1766 3416 1800 3447; x_wconf 93' lang='lat'>&amp;</span> <span class='ocrx_word' id='word_1_1342' title='bbox 1815 3414 1942 3446; x_wconf 88' lang='lat' dir='ltr'>Ricardo</span> <span class='ocrx_word' id='word_1_1343' title='bbox 1957 3414 2016 3446; x_wconf 82' lang='lat' dir='ltr'>filio</span> <span class='ocrx_word' id='word_1_1344' title='bbox 2030 3414 2083 3444; x_wconf 91' lang='lat' dir='ltr'>Hu</span> <span class='ocrx_word' id='word_1_1345' title='bbox 2102 3414 2179 3450; x_wconf 83' lang='lat' dir='ltr'>onis,</span> <span class='ocrx_word' id='word_1_1346' title='bbox 2196 3410 2319 3454; x_wconf 66' lang='lat' dir='ltr'>salutem.</span> <span class='ocrx_word' id='word_1_1347' title='bbox 2457 3422 2545 3452; x_wconf 87' lang='lat'>1217.</span> 
     </span>
     <span class='ocr_line' id='line_1_170' title="bbox 1382 3448 2528 3494; baseline -0.006 -6"><span class='ocrx_word' id='word_1_1348' title='bbox 1382 3457 1480 3488; x_wconf 89' lang='lat' dir='ltr'>Sciatis</span> <span class='ocrx_word' id='word_1_1349' title='bbox 1494 3454 1572 3494; x_wconf 91' lang='lat' dir='ltr'>quod</span> <span class='ocrx_word' id='word_1_1350' title='bbox 1590 3463 1644 3492; x_wconf 84' lang='lat' dir='ltr'>pax</span> <span class='ocrx_word' id='word_1_1351' title='bbox 1657 3454 1738 3484; x_wconf 82' lang='lat' dir='ltr'>firma</span> <span class='ocrx_word' id='word_1_1352' title='bbox 1752 3453 1826 3484; x_wconf 64' lang='lat' dir='ltr'>fasta</span> <span class='ocrx_word' id='word_1_1353' title='bbox 1841 3453 1882 3484; x_wconf 90' lang='lat' dir='ltr'>est</span> <span class='ocrx_word' id='word_1_1354' title='bbox 1902 3455 1975 3484; x_wconf 91' lang='lat' dir='ltr'>inter</span> <span class='ocrx_word' id='word_1_1355' title='bbox 1988 3463 2060 3492; x_wconf 86' lang='lat' dir='ltr'>nos,</span> <span class='ocrx_word' id='word_1_1356' title='bbox 2126 3451 2291 3481; x_wconf 79' lang='lat' dir='ltr'>Dominum</span> <span class='ocrx_word' id='word_1_1357' title='bbox 2307 3448 2408 3479; x_wconf 89' lang='lat' dir='ltr'>Ludo·</span> <span class='ocrx_word' id='word_1_1358' title='bbox 2427 3457 2480 3481; x_wconf 81' lang='lat' dir='ltr'>An.</span> <span class='ocrx_word' id='word_1_1359' title='bbox 2501 3463 2528 3480; x_wconf 80' lang='lat' dir='ltr'>x.</span> 
     </span>
     <span class='ocr_line' id='line_1_171' title="bbox 1344 3492 2509 3531; baseline -0.007 -4"><span class='ocrx_word' id='word_1_1360' title='bbox 1344 3496 1443 3528; x_wconf 89' lang='lat' dir='ltr'>vicum</span> <span class='ocrx_word' id='word_1_1361' title='bbox 1458 3494 1583 3524; x_wconf 89' lang='lat' dir='ltr'>Domini</span> <span class='ocrx_word' id='word_1_1362' title='bbox 1596 3492 1686 3530; x_wconf 88' lang='lat' dir='ltr'>Regis</span> <span class='ocrx_word' id='word_1_1363' title='bbox 1700 3493 1826 3523; x_wconf 60' lang='lat' dir='ltr'>francie</span> <span class='ocrx_word' id='word_1_1364' title='bbox 1841 3493 2074 3531; x_wconf 87' lang='lat' dir='ltr'>primogenitum.</span> <span class='ocrx_word' id='word_1_1365' title='bbox 2427 3497 2464 3520; x_wconf 81' lang='lat' dir='ltr'>H.</span> <span class='ocrx_word' id='word_1_1366' title='bbox 2483 3502 2509 3530; x_wconf 87' lang='lat'>3.</span> 
     </span>
    </p>
   </div>
   <div class='ocr_carea' id='block_1_29' title="bbox 1343 3525 2559 3688">
    <p class='ocr_par' dir='ltr' id='par_1_61' title="bbox 1343 3525 2559 3651">
     <span class='ocr_line' id='line_1_172' title="bbox 1382 3525 2528 3569; baseline -0.007 -5"><span class='ocrx_word' id='word_1_1367' title='bbox 1382 3534 1421 3565; x_wconf 89' lang='lat' dir='ltr'>Et</span> <span class='ocrx_word' id='word_1_1368' title='bbox 1435 3533 1501 3564; x_wconf 89' lang='lat' dir='ltr'>ideo</span> <span class='ocrx_word' id='word_1_1369' title='bbox 1513 3532 1596 3563; x_wconf 91' lang='lat' dir='ltr'>vobis</span> <span class='ocrx_word' id='word_1_1370' title='bbox 1612 3531 1777 3562; x_wconf 86' lang='lat' dir='ltr'>mandamus</span> <span class='ocrx_word' id='word_1_1371' title='bbox 1813 3531 1871 3562; x_wconf 85' lang='lat' dir='ltr'>uod</span> <span class='ocrx_word' id='word_1_1372' title='bbox 1885 3531 1954 3562; x_wconf 90' lang='lat' dir='ltr'>nulli</span> <span class='ocrx_word' id='word_1_1373' title='bbox 1965 3532 1994 3561; x_wconf 86' lang='lat' dir='ltr'>in</span> <span class='ocrx_word' id='word_1_1374' title='bbox 2007 3528 2129 3569; x_wconf 75' lang='lat' dir='ltr'>partibus</span> <span class='ocrx_word' id='word_1_1375' title='bbox 2142 3525 2326 3563; x_wconf 87' lang='lat' dir='ltr'>Norfolciae,</span> <span class='ocrx_word' id='word_1_1376' title='bbox 2340 3525 2407 3556; x_wconf 85' lang='lat' dir='ltr'>Suf-</span> <span class='ocrx_word' id='word_1_1377' title='bbox 2430 3534 2486 3558; x_wconf 77' lang='lat' dir='ltr'>Par.</span> <span class='ocrx_word' id='word_1_1378' title='bbox 2504 3539 2528 3558; x_wconf 86' lang='lat'>1.</span> 
     </span>
     <span class='ocr_line' id='line_1_173' title="bbox 1343 3563 2559 3610; baseline -0.007 -6"><span class='ocrx_word' id='word_1_1379' title='bbox 1343 3573 1455 3610; x_wconf 85' lang='lat' dir='ltr'>folciae,</span> <span class='ocrx_word' id='word_1_1380' title='bbox 1473 3571 1609 3608; x_wconf 82' lang='lat' dir='ltr'>Effexiae,</span> <span class='ocrx_word' id='word_1_1381' title='bbox 1627 3571 1661 3602; x_wconf 91' lang='lat'>&amp;</span> <span class='ocrx_word' id='word_1_1382' title='bbox 1672 3570 1793 3601; x_wconf 89' lang='lat' dir='ltr'>Hertfor</span> <span class='ocrx_word' id='word_1_1383' title='bbox 1815 3595 1821 3600; x_wconf 92' lang='lat'>.</span> <span class='ocrx_word' id='word_1_1384' title='bbox 1840 3570 1997 3609; x_wconf 88' lang='lat' dir='ltr'>dampnum</span> <span class='ocrx_word' id='word_1_1385' title='bbox 2011 3564 2125 3605; x_wconf 82' lang='lat' dir='ltr'>aliquod</span> <span class='ocrx_word' id='word_1_1386' title='bbox 2139 3564 2262 3603; x_wconf 74' lang='lat' dir='ltr'>faciatiS,</span> <span class='ocrx_word' id='word_1_1387' title='bbox 2287 3563 2333 3597; x_wconf 91' lang='lat' dir='ltr'>vel</span> <span class='ocrx_word' id='word_1_1388' title='bbox 2346 3563 2405 3594; x_wconf 86' lang='lat' dir='ltr'>fieri</span> <span class='ocrx_word' id='word_1_1389' title='bbox 2427 3573 2462 3596; x_wconf 80' lang='lat' dir='ltr'>H.</span> <span class='ocrx_word' id='word_1_1390' title='bbox 2481 3577 2506 3605; x_wconf 85' lang='lat'>3.</span> <span class='ocrx_word' id='word_1_1391' title='bbox 2520 3576 2559 3597; x_wconf 73' lang='lat' dir='ltr'>m,</span> 
     </span>
     <span class='ocr_line' id='line_1_174' title="bbox 1344 3609 2457 3651; baseline -0.007 -9"><span class='ocrx_word' id='word_1_1392' title='bbox 1344 3611 1528 3651; x_wconf 82' lang='lat' dir='ltr'>permittaris,</span> <span class='ocrx_word' id='word_1_1393' title='bbox 1546 3610 1592 3641; x_wconf 89' lang='lat' dir='ltr'>vel</span> <span class='ocrx_word' id='word_1_1394' title='bbox 1608 3609 1852 3646; x_wconf 88' lang='lat' dir='ltr'>impedimentum.</span> <span class='ocrx_word' id='word_1_1395' title='bbox 2430 3616 2457 3644; x_wconf 85' lang='lat'>3.</span> 
     </span>
    </p>

    <p class='ocr_par' dir='ltr' id='par_1_62' title="bbox 1381 3647 1920 3688">
     <span class='ocr_line' id='line_1_175' title="bbox 1381 3647 1920 3688; baseline -0.006 -8"><span class='ocrx_word' id='word_1_1396' title='bbox 1381 3649 1421 3681; x_wconf 89' lang='lat' dir='ltr'>Et</span> <span class='ocrx_word' id='word_1_1397' title='bbox 1434 3650 1465 3679; x_wconf 86' lang='lat' dir='ltr'>in</span> <span class='ocrx_word' id='word_1_1398' title='bbox 1479 3649 1559 3688; x_wconf 91' lang='lat' dir='ltr'>hujus</span> <span class='ocrx_word' id='word_1_1399' title='bbox 1574 3649 1613 3679; x_wconf 89' lang='lat' dir='ltr'>rei</span> <span class='ocrx_word' id='word_1_1400' title='bbox 1627 3647 1842 3687; x_wconf 87' lang='lat' dir='ltr'>testimonium,</span> <span class='ocrx_word' id='word_1_1401' title='bbox 1860 3649 1920 3680; x_wconf 90' lang='lat' dir='ltr'>&amp;c.</span> 
     </span>
    </p>
   </div>
   <div class='ocr_carea' id='block_1_30' title="bbox 1343 3709 2409 3797">
    <p class='ocr_par' dir='ltr' id='par_1_63' title="bbox 1343 3709 2409 3797">
     <span class='ocr_line' id='line_1_176' title="bbox 1380 3709 2409 3757; baseline -0.01 -6"><span class='ocrx_word' id='word_1_1402' title='bbox 1380 3718 1471 3751; x_wconf 86' lang='lat' dir='ltr'>Teste</span> <span class='ocrx_word' id='word_1_1403' title='bbox 1484 3717 1604 3749; x_wconf 88' lang='lat' dir='ltr'>Comite</span> <span class='ocrx_word' id='word_1_1404' title='bbox 1615 3717 1689 3757; x_wconf 88' lang='lat' dir='ltr'>apud</span> <span class='ocrx_word' id='word_1_1405' title='bbox 1702 3717 1849 3750; x_wconf 88' lang='lat' dir='ltr'>Mereton.</span> <span class='ocrx_word' id='word_1_1406' title='bbox 1867 3715 1983 3747; x_wconf 86' lang='lat' dir='ltr'>decimo</span> <span class='ocrx_word' id='word_1_1407' title='bbox 1995 3721 2077 3744; x_wconf 91' lang='lat' dir='ltr'>nono</span> <span class='ocrx_word' id='word_1_1408' title='bbox 2087 3711 2134 3744; x_wconf 85' lang='lat' dir='ltr'>die</span> <span class='ocrx_word' id='word_1_1409' title='bbox 2146 3709 2340 3749; x_wconf 74' lang='lat' dir='ltr'>Septembris,</span> <span class='ocrx_word' id='word_1_1410' title='bbox 2357 3719 2409 3741; x_wconf 87' lang='lat' dir='ltr'>an-</span> 
     </span>
     <span class='ocr_line' id='line_1_177' title="bbox 1343 3758 1614 3797; baseline -0.015 -7"><span class='ocrx_word' id='word_1_1411' title='bbox 1343 3769 1384 3790; x_wconf 89' lang='lat' dir='ltr'>no</span> <span class='ocrx_word' id='word_1_1412' title='bbox 1399 3758 1496 3797; x_wconf 88' lang='lat' dir='ltr'>Regni</span> <span class='ocrx_word' id='word_1_1413' title='bbox 1511 3758 1614 3795; x_wconf 86' lang='lat' dir='ltr'>primo.</span> 
     </span>
    </p>
   </div>
   <div class='ocr_carea' id='block_1_31' title="bbox 1353 3826 2407 3843">
    <p class='ocr_par' dir='ltr' id='par_1_64' title="bbox 1353 3826 2407 3843">
     <span class='ocr_line' id='line_1_178' title="bbox 1353 3826 2407 3843; baseline 0 418"><span class='ocrx_word' id='word_1_1414' title='bbox 1353 3826 2407 3843; x_wconf 95' lang='lat' dir='ltr'> </span> 
     </span>
    </p>
   </div>
   <div class='ocr_carea' id='block_1_32' title="bbox 1416 3872 2563 3927">
    <p class='ocr_par' dir='ltr' id='par_1_65' title="bbox 1416 3872 2563 3927">
     <span class='ocr_line' id='line_1_179' title="bbox 1416 3872 2563 3927; baseline -0.011 -12"><span class='ocrx_word' id='word_1_1415' title='bbox 1416 3881 1444 3909; x_wconf 53' lang='lat' dir='ltr'>³ss</span> <span class='ocrx_word' id='word_1_1416' title='bbox 1468 3884 1518 3915; x_wconf 87' lang='lat' dir='ltr'>De</span> <span class='ocrx_word' id='word_1_1417' title='bbox 1535 3880 1655 3915; x_wconf 77' lang='lat' dir='ltr'>Foedere</span> <span class='ocrx_word' id='word_1_1418' title='bbox 1671 3894 1742 3916; x_wconf 87' lang='lat' dir='ltr'>cum</span> <span class='ocrx_word' id='word_1_1419' title='bbox 1755 3881 1900 3927; x_wconf 85' lang='lat' dir='ltr'>Haquino</span> <span class='ocrx_word' id='word_1_1420' title='bbox 1916 3880 1994 3924; x_wconf 80' lang='lat' dir='ltr'>Rege</span> <span class='ocrx_word' id='word_1_1421' title='bbox 2011 3876 2178 3920; x_wconf 80' lang='lat' dir='ltr'>Norwegiae</span> <span class='ocrx_word' id='word_1_1422' title='bbox 2198 3872 2336 3906; x_wconf 76' lang='lat' dir='ltr'>ineundo.</span> <span class='ocrx_word' id='word_1_1423' title='bbox 2430 3875 2480 3904; x_wconf 67' lang='lat'>³¹⁵1.</span> <span class='ocrx_word' id='word_1_1424' title='bbox 2499 3883 2563 3912; x_wconf 76' lang='lat'>223,</span> 
     </span>
    </p>
   </div>
   <div class='ocr_carea' id='block_1_33' title="bbox 1347 3955 2564 4037">
    <p class='ocr_par' dir='ltr' id='par_1_66' title="bbox 1347 3955 2564 4037">
     <span class='ocr_line' id='line_1_180' title="bbox 1347 3955 2564 4037; baseline -0.013 -35"><span class='ocrx_word' id='word_1_1425' title='bbox 1347 3965 1562 4037; x_wconf 44' lang='lat' dir='ltr'>Hgtglntgulsn</span> <span class='ocrx_word' id='word_1_1426' title='bbox 1568 3966 1628 3999; x_wconf 89' lang='lat' dir='ltr'>Dei</span> <span class='ocrx_word' id='word_1_1427' title='bbox 1648 3969 1756 4009; x_wconf 84' lang='lat' dir='ltr'>gratia,</span> <span class='ocrx_word' id='word_1_1428' title='bbox 1780 3966 1842 3998; x_wconf 72' lang='grc' dir='ltr'>ἃς.</span> <span class='ocrx_word' id='word_1_1429' title='bbox 1860 3962 1902 3995; x_wconf 90' lang='lat' dir='ltr'>H.</span> <span class='ocrx_word' id='word_1_1430' title='bbox 1921 3961 2023 3993; x_wconf 73' lang='lat' dir='ltr'>eadem</span> <span class='ocrx_word' id='word_1_1431' title='bbox 2041 3960 2128 4000; x_wconf 79' lang='lat' dir='ltr'>gratia</span> <span class='ocrx_word' id='word_1_1432' title='bbox 2149 3959 2226 4000; x_wconf 87' lang='lat' dir='ltr'>Regi</span> <span class='ocrx_word' id='word_1_1433' title='bbox 2239 3958 2411 3998; x_wconf 82' lang='lat' dir='ltr'>Norwegiae</span> <span class='ocrx_word' id='word_1_1434' title='bbox 2433 3955 2564 4032; x_wconf 32' lang='lat' dir='ltr'>Agla).</span> 
     </span>
     <span class='ocr_line' id='line_1_181' title="bbox 1484 4017 2545 4036; baseline -0.012 0"><span class='ocrx_word' id='word_1_1435' title='bbox 1484 4017 1502 4036; x_wconf 82' lang='lat' dir='ltr'>U</span> <span class='ocrx_word' id='word_1_1436' title='bbox 1515 4017 1531 4036; x_wconf 76' lang='lat' dir='ltr'>C</span> <span class='ocrx_word' id='word_1_1437' title='bbox 1564 4030 1570 4036; x_wconf 83' lang='lat'>.</span> <span class='ocrx_word' id='word_1_1438' title='bbox 2538 4017 2545 4023; x_wconf 86' lang='lat'><strong>.</strong></span> 
     </span>
    </p>
   </div>
   <div class='ocr_carea' id='block_1_34' title="bbox 1386 4035 2528 4112">
    <p class='ocr_par' dir='ltr' id='par_1_67' title="bbox 1386 4035 2528 4112">
     <span class='ocr_line' id='line_1_182' title="bbox 1386 4035 2528 4112; baseline -0.011 -35"><span class='ocrx_word' id='word_1_1439' title='bbox 1386 4043 1539 4077; x_wconf 82' lang='lat' dir='ltr'>Immensas</span> <span class='ocrx_word' id='word_1_1440' title='bbox 1555 4044 1711 4078; x_wconf 81' lang='lat' dir='ltr'>Nobilitati</span> <span class='ocrx_word' id='word_1_1441' title='bbox 1722 4042 1821 4077; x_wconf 80' lang='lat' dir='ltr'>vestrae</span> <span class='ocrx_word' id='word_1_1442' title='bbox 1835 4040 1982 4073; x_wconf 86' lang='lat' dir='ltr'>referimus</span> <span class='ocrx_word' id='word_1_1443' title='bbox 1995 4038 2149 4078; x_wconf 79' lang='lat' dir='ltr'>gratiarum</span> <span class='ocrx_word' id='word_1_1444' title='bbox 2159 4037 2286 4069; x_wconf 64' lang='lat' dir='ltr'>actiones</span> <span class='ocrx_word' id='word_1_1445' title='bbox 2299 4035 2337 4068; x_wconf 88' lang='lat' dir='ltr'>de</span> <span class='ocrx_word' id='word_1_1446' title='bbox 2350 4035 2417 4112; x_wconf 42' lang='lat' dir='ltr'>gif}</span> <span class='ocrx_word' id='word_1_1447' title='bbox 2434 4037 2486 4100; x_wconf 53' lang='lat' dir='ltr'>gn·</span> <span class='ocrx_word' id='word_1_1448' title='bbox 2491 4042 2528 4108; x_wconf 67' lang='lat'>31·</span> 
     </span>
    </p>
   </div>
  </div>
 </body>
</html>
