2570 4261
110 267 239 299 Anu.D.

133 316 216 346 1223.

111 350 174 374 Hm.
197 357 221 383 3.

109 414 162 438 Aa.
179 421 206 446 7.

110 454 138 476 H
168 459 179 485 3

109 470 149 514 Le
161 472 231 524 orig.

95 2005 225 2042 ⁶1.259.

90 2139 168 2175 Ann.
181 2139 223 2171 D.

112 2188 198 2219 1223.

89 2222 143 2246 An.
159 2228 186 2255 7.

89 2278 131 2322 Ei·
149 2297 220 2332 Orig-

87 2335 114 2361 ὶη
129 2337 206 2363 Turre

87 2375 165 2403 Lond.

259 153 310 191 88

389 320 477 353 Bulla
493 316 528 350 de
548 316 708 363 Insblentia
728 317 969 364 Templariorum
985 312 1183 363 reprimendas.

259 404 461 467 HOiiorius
481 402 636 441 Episcopus
651 427 660 442 ,
685 403 776 434 servus
797 402 944 433 servorum
966 401 1041 439 Dei,
1059 399 1168 429 dilectis
1181 396 1259 434 filiis,
1278 395 1314 427 de

349 442 444 472 Gratia
468 441 525 472 Dei
540 465 550 480 ,
575 443 610 473 &
630 441 717 472 sancti
739 442 880 473 Leonardi
900 440 937 471 de
950 440 1074 475 Calmis,
1093 438 1126 467 ὅ(
1139 436 1176 480 de
1192 435 1314 472 Rupella

252 482 427 549 ἒὶέὶὶηᾱῑὼυς,
447 479 636 511 xantonensis
650 480 797 519 Diocesis‚
815 480 931 510 salutem
945 502 955 517 ,
978 479 1012 510 &r
1025 475 1211 515 apostolicam
1225 474 1314 503 bene-

274 531 280 549 1
314 529 418 549 [onem.

292 557 456 588 Carissiinus
475 558 505 587 in
527 556 646 588 Christo
665 557 735 588 filius
753 555 848 587 noster
867 555 1011 585 Henricus
1028 577 1037 592 ,
1061 552 1128 583 Rex
1149 549 1312 589 Anglorum

252 595 381 634 illustris,
399 596 445 627 sui
465 596 547 626 nobis
563 596 698 634 petitione
716 594 883 625 monstravit
899 592 994 635 quod,
1013 600 1082 622 cum
1098 589 1181 620 clarae
1197 597 1312 633 meiuo-

253 635 303 664 riae
322 634 466 665 Henricus
487 634 566 665 Avus
581 659 590 673 ,
617 635 651 664 &
672 632 810 663 Ricardus
833 641 943 670 patruus
957 640 1014 668 ejus
1024 630 1119 668 Reges
1135 627 1262 670 Anglice,
1280 635 1310 656 in

253 671 319 703 villa
334 673 380 703 sua
395 673 430 703 de
449 673 571 710 Rupellcl
588 672 716 703 fratribus
732 670 846 701 Militiae
860 669 979 707 Templi
993 667 1183 699 Xantonenhs
1198 665 1311 711 Dioce:

254 710 305 749 fis,
324 711 453 749 quasdam
473 710 577 741 domos
599 710 645 748 pia
663 709 824 740 liberalitate
845 708 979 739 donzirint
992 731 1002 745 ,
1020 707 1059 737 illi
1070 705 1145 736 faeta
1159 704 1209 735 sibi
1221 712 1310 741 gratia

275 760 400 788 erpei-am
419 750 564 779 abutentes
576 773 586 787 ,
613 749 804 787 quascumque
824 747 928 779 domos
942 770 951 784 ,
974 745 1033 776 five
1045 742 1246 787 possessiones,
1264 750 1312 772 aut

251 759 382 818 §omines
393 788 508 825 poliunt
521 788 741 826 circumquaque
753 786 824 816 infra
844 785 1045 824 proprietatem
1065 791 1170 826 regiam
1184 806 1193 820 ,
1210 790 1311 826 appre-

250 825 390 864 hendere,
409 826 458 856 sibi
472 835 518 865 ea,
536 827 565 856 in
578 825 773 864 praejudicium
788 825 863 863 ejus,
880 823 1010 861 usurpant
1026 835 1036 861 3
1059 823 1096 865 &⁵
1107 820 1201 851 statim
1217 829 1312 864 impo-

253 874 352 895 nentes
372 865 446 905 ligna
465 864 510 895 sua
529 865 618 895 taliter
632 864 780 902 usurpatis,
798 873 859 894 non
871 863 1040 901 permittunt
1056 858 1155 891 exinde
1168 859 1245 899 Regi
1262 858 1313 888 de-

255 902 310 933 bita
323 905 357 934 &
371 903 501 934 consueta
515 904 621 935 servitia
634 904 792 941 provenire.
1071 938 1076 943 ⁵

292 942 418 979 Adhaec,
438 951 506 972 curn
527 941 563 972 de
582 943 693 980 antiqua
713 941 795 979 ipsius
817 940 892 971 villae
912 937 1115 970 consuetudine
1127 937 1160 968 sit
1174 935 1311 966 haCtenus

252 979 432 1010 observatum
447 1005 456 1019 ,
481 988 514 1011 ut
534 981 672 1019 quicunq,
689 979 796 1010 advena
810 1002 820 1017 ,
843 979 901 1009 fine
923 977 1076 1015 Domino,
1092 985 1142 1015 per
1155 975 1311 1019 annumt&

251 1017 328 1048 diem
344 1018 381 1048 ibi
395 1027 518 1049 moratur
527 1044 535 1057 ‚
553 1018 647 1050 statim
659 1017 782 1049 efficitur
795 1018 888 1048 homo
903 1016 992 1056 Regis
1001 1039 1011 1055 ,
1025 1015 1113 1045 iidem
1126 1013 1286 1057 Templarii
1300 1036 1310 1051 ,

252 1057 294 1094 se,
313 1057 392 1094 super
404 1057 477 1096 hoc,
497 1057 574 1095 Regi
588 1057 726 1096 praedi&o
742 1055 866 1087 indebite
878 1064 1056 1094 opponentes
1074 1077 1083 1092 ‚
1101 1061 1202 1084 contra
1216 1052 1311 1096 hujus-

252 1095 333 1125 modi
346 1096 596 1134 consuetudinem,
614 1096 720 1127 multos
733 1095 782 1125 fibi
796 1095 925 1132 usurpare
944 1093 1134 1132 praesumunt,
1152 1101 1186 1135 ac
1198 1090 1309 1134 Bahvos

250 1134 285 1165 δε
299 1133 393 1164 fideles
407 1136 497 1175 regios
512 1145 610 1166 coram
625 1135 706 1165 certis
715 1133 855 1172 judicibus
864 1156 874 1171 ,
889 1143 977 1171 quos,
995 1133 1025 1162 in
1040 1140 1112 1161 terra
1123 1132 1309 1160 inimicorum

251 1171 358 1212 Regis,
376 1174 541 1204 auctoritare
556 1172 651 1204 nostra
667 1172 694 1202 se
704 1173 806 1202 habere
820 1180 1002 1210 proponunt,
1019 1170 1133 1212 trahunt
1145 1168 1307 1212 frequenter

251 1211 280 1240 in
292 1211 419 1250 causam,
439 1212 501 1242 alias
515 1211 601 1252 ipsos,
619 1213 709 1242 immo
725 1211 858 1249 Regem,
876 1209 1027 1241 occasione
1042 1205 1219 1248 hujusmodl,
1235 1205 1311 1236 mul-

249 1250 380 1288 tipliciter
394 1249 579 1282 molestando.
1288 1283 1294 1289 ⁶

287 1287 432 1319 Noleiites
455 1290 459 1295 '
483 1290 534 1320 'tur
555 1286 652 1320 eidem
673 1290 702 1319 in
723 1288 772 1320 suo
782 1289 846 1327 jure
860 1287 954 1318 deeffe
989 1287 1036 1317 cui
1046 1286 1159 1329 potius,
1175 1294 1209 1315 ex
1223 1283 1310 1322 pluri-

248 1326 303 1357 bus
323 1327 408 1357 caulis
422 1352 432 1366 ‚
483 1328 642 1359 vorabiliter
660 1327 752 1358 adesse
773 1335 903 1358 tenemur
917 1351 927 1364 ,
956 1311 1117 1356 discretioni
1135 1322 1239 1368 yestrae
1259 1332 1309 1360 per

249 1365 403 1402 apostolica
417 1366 513 1405 scripta
525 1367 689 1397 mandamus
723 1367 850 1404 quatinus
859 1390 868 1404 ‚
883 1364 1008 1403 inquisita
1022 1363 1101 1403 super
1113 1363 1182 1406 hiis,
1194 1362 1227 1393 δε
1239 1369 1309 1400 cog—

248 1404 306 1434 nita
327 1406 442 1435 veritate
457 1430 467 1444 ,
492 1405 601 1436 causam
614 1429 623 1444 ‚
648 1405 667 1435 si
687 1389 723 1435 de
738 1406 859 1442 partium
872 1403 1018 1434 voluntate
1032 1401 1214 1445 processerit,
1224 1409 1306 1444 ⁴coii-

247 1442 345 1473 cordia
358 1443 403 1474 vel
412 1443 518 1480 judicio
531 1444 702 1482 terminetis,
720 1443 863 1481 alioquin,
882 1451 946 1480 quae
966 1442 1127 1471 inveneritis
1150 1440 1200 1470 lub
1216 1438 1306 1478 {igillis

247 1479 346 1510 vestris
365 1482 449 1512 nobis
468 1482 585 1513 fideliter
606 1482 757 1513 rescribatis
771 1506 780 1519 ,
807 1490 838 1512 ut
852 1479 1038 1519 procedamus
1051 1478 1152 1509 exinde
1165 1485 1252 1517 prout
1265 1475 1306 1506 se-

247 1519 376 1549 cundum
389 1519 489 1551 Deum
503 1520 654 1551 viderimus
667 1520 891 1559 procedendum.
1233 1555 1238 1559 ,

284 1557 385 1588 Testes
398 1567 494 1589 autern
510 1561 557 1597 qui
573 1559 676 1590 fuerint
688 1559 843 1596 nominati,
862 1558 881 1588 fi
896 1557 922 1588 se
937 1557 1039 1595 gratia,
1057 1554 1142 1594 odio,
1160 1553 1205 1586 vel
1219 1562 1307 1597 timo-

246 1605 276 1626 re
290 1596 470 1628 lubtraxerint
486 1622 496 1636 ,
522 1607 573 1636 per
595 1598 740 1628 censuram
760 1596 993 1635 eccleiiasticam,
1011 1594 1134 1626 cess'ante
1146 1592 1308 1632 appellano-

246 1644 298 1672 ne,
317 1636 423 1703 cogatis
437 1637 544 1666 veritati
559 1636 754 1666 testimonium
769 1636 923 1674 perhibere.
1085 1672 1089 1676 ⁵

284 1673 355 1718 QO
386 1698 395 1711 ,
421 1674 440 1704 si
458 1684 519 1705 non
539 1684 640 1705 omnes
658 1675 711 1704 hiis
732 1674 900 1713 exequendis
921 1672 1068 1712 potueritis
1082 1669 1230 1709 interesse,
1245 1669 1305 1700 duo

244 1710 372 1742 vestrum
386 1722 418 1742 ea
435 1713 636 1744 nichilominus
648 1722 829 1752 exequantur.

288 1786 358 1819 Dat.
377 1788 508 1821 Laterani
520 1791 547 1820 ix
560 1789 626 1821 Kal.
638 1789 725 1829 Julii,
743 1779 928 1821 Pontificati‘is
941 1787 1031 1820 nostri
1042 1796 1118 1820 anno
1130 1786 1215 1819 sexto.

584 1865 710 1896 Plumbeo
725 1865 833 1904 Sigillo,
847 1866 960 1906 penden.
979 1876 997 1895 a
1003 1865 1058 1908 filo
1070 1864 1195 1895 canabeo.

246 1989 274 2017 ’ἦ
299 1992 389 2025 Bulla
415 1996 581 2026 minatoria
596 2019 606 2035 ,
631 1991 668 2025 de
687 1995 766 2026 Dote
783 1995 820 2031 (ῤ’
844 1990 954 2035 Castris
966 2002 1020 2039 per
1042 1983 1188 2026 Coinitem
1206 1991 1307 2025 Adar-

601 2039 670 2075 chiae
685 2044 760 2090 Regi
778 2039 944 2075 reddendis.

243 2127 450 2190 HOnorius
470 2128 625 2166 Episcopus
638 2151 649 2167 ,
673 2127 767 2159 servus
785 2126 929 2159 servorum
952 2126 1028 2165 Dei,
1043 2125 1148 2157 dilecto
1162 2126 1220 2157 filio
1234 2124 1307 2156 No-

333 2167 383 2198 bili
396 2169 460 2198 viro
474 2167 596 2206 Hugoni
609 2167 645 2197 de
659 2166 833 2204 Leziriiaco,
842 2165 954 2197 Comiti
963 2165 1121 2203 Marchiae,
1140 2166 1173 2197 δί
1183 2164 1306 2195 Isabellae

244 2206 326 2249 uxori
348 2207 404 2244 ejus
417 2230 427 2244 ,
449 2205 620 2237 Pi&aveniis
631 2205 775 2244 Diocelis,
793 2205 908 2236 salutem
922 2206 956 2237 ὃς
969 2204 1155 2244 apostolicam
1169 2203 1305 2236 benedic-

242 2251 361 2274 tionem.
638 2260 641 2262 -

280 2282 471 2314 Intelleximus
487 2293 521 2314 ex
534 2283 669 2315 relatione
681 2282 847 2315 venerabilis
861 2283 948 2315 fratris
966 2281 1055 2314 nostri
1068 2281 1243 2321 Pandulphi,
1263 2280 1303 2312 E-

242 2321 351 2360 piscopi
372 2322 569 2353 Norwiceniis
581 2347 591 2361 ‚
611 2322 706 2361 quod,
721 2332 853 2361 ternpore
865 2331 970 2362 treugae
983 2323 1075 2360 initae,
1092 2323 1166 2352 inter
1181 2321 1304 2352 chariffi-

243 2370 327 2391 mum
347 2361 377 2390 in
396 2360 515 2392 Christo
536 2360 627 2392 filium
641 2360 773 2392 nostrum
786 2361 949 2392 Henricum
963 2361 1078 2400 Regem
1092 2360 1255 2399 Anglorum
1269 2360 1305 2390 il-

238 2398 373 2438 lustrem,
392 2409 425 2430 ex
443 2408 519 2437 parte
533 2399 603 2438 una,
619 2401 653 2431 ὃς
668 2410 721 2431 vos
736 2409 771 2430 ex
789 2400 874 2431 altera
889 2425 899 2439 ,
913 2399 1054 2430 mediante
1069 2399 1207 2436 praedi&o
1220 2398 1304 2437 Epis-

239 2448 318 2475 copo
330 2446 398 2469 tunc
413 2438 523 2477 eledto,
538 2449 608 2476 vos,
623 2440 700 2477 jinrta
713 2439 901 2470 intentionem
917 2438 941 2469 E
964 2438 1051 2475 iscopi
1061 2439 1229 2476 memorati,
1245 2447 1301 2476 pro

239 2477 324 2508 vobis
342 2478 376 2508 <Sc
396 2477 585 2514 complicibus
605 2476 703 2507 vestris
716 2502 727 2516 ,
752 2477 886 2508 mandatis
898 2487 938 2507 no
966 2479 1001 2507 ris
1016 2477 1087 2506 stare
1098 2474 1206 2514 jurastis
1223 2476 1304 2514 super

239 2515 309 2553 hiis,
326 2525 380 2553 pro
402 2516 504 2554 quibus
525 2517 553 2545 in
575 2515 704 2554 personas
722 2516 826 2546 vestras
841 2540 851 2555 ,
869 2517 903 2547 δε
917 2516 1060 2546 santorum
1074 2514 1250 2553 vestrorum,
1269 2525 1303 2546 ac

240 2555 420 2592 complicum
441 2555 745 2585 excommunicationis
759 2578 768 2593 ,
793 2556 828 2586 &
851 2556 882 2585 in
901 2564 985 2585 terras
1005 2552 1110 2584 vestras
1130 2553 1303 2591 &ipsorum

239 2592 382 2623 interdiffl
403 2593 513 2623 fuerant
526 2615 536 2631 ,
562 2603 612 2630 per
624 2594 797 2624 venerabiles
810 2593 906 2624 fratres
918 2593 1047 2630 nostros,
1067 2591 1283 2623 Xantonensem
1292 2616 1302 2632 ,

236 2631 273 2662 &
295 2631 535 2663 Lemovicensem
552 2630 708 2669 Episcopos
722 2654 731 2669 ‚
755 2633 789 2663 &
803 2632 942 2662 dilestum
957 2631 1048 2661 silium
1063 2630 1217 2661 Decanum
1230 2630 1301 2662 Bur-

236 2669 362 2707 detgalen.
380 2669 522 2701 sententiae
531 2670 699 2700 authoritate
713 2670 868 2708 apostolica
884 2669 1078 2708 promulgatae.

273 2701 333 2738 Pro
356 2718 392 2738 eo
413 2708 546 2739 videncet
559 2733 569 2747 ‚
594 2709 672 2747 quod
687 2707 787 2739 dotem
800 2708 901 2738 sororis
915 2708 1057 2747 ejusdem,
1073 2715 1104 2737 tu
1117 2706 1155 2737 fili
1171 2704 1300 2747 Comes,

235 2746 272 2777 ei
284 2746 406 2786 rejecta,
423 2746 539 2777 reddere
550 2747 790 2786 contempnebas3
808 2748 842 2779 &
859 2748 922 2785 quia
936 2745 1072 2777 Castrum
1090 2745 1127 2775 de
1145 2745 1300 2785 Campni‘a-

234 2795 290 2824 co,
309 2794 369 2824 quo
379 2794 410 2815 tu
425 2785 497 2824 filia,
515 2785 676 2824 priusquam
688 2787 814 2816 invicem
833 2785 1040 2823 copularemini
1051 2807 1062 2823 ,
1085 2783 1215 2822 spoliares
1235 2785 1297 2816 Re-

235 2833 303 2862 gem
323 2824 357 2854 &
376 2822 470 2854 fideles
491 2824 572 2863 iplius
585 2848 594 2862 ,
621 2824 785 2856 detinebatis
804 2824 932 2855 indebite
954 2831 1146 2862 occupatum3
1165 2824 1215 2862 &,
1234 2823 1300 2864 post

236 2862 437 2893 inhibitionem
449 2864 577 2893 nostram
591 2872 628 2892 iie
636 2862 750 2902 Regem
763 2862 904 2893 infestares
919 2862 1060 2901 eundem,
1069 2860 1204 2892 Castrum
1218 2862 1300 2893 suum

238 2898 384 2940 Memini,
402 2910 433 2932 tu
446 2900 556 2932 Comes
570 2901 716 2931 obsederas
730 2903 763 2933 ὃς
777 2911 965 2943 occupaveras
976 2901 1124 2932 violenter.

274 2937 384 2968 Verum
415 2941 480 2977 quia
495 2941 549 2979 pati
564 2949 618 2970 nec
633 2939 781 2980 volumus,
797 2950 852 2971 nec
867 2940 1004 2971 debemus
1018 2949 1049 2970 ut
1064 2939 1192 2970 mandata
1203 2939 1299 2971 nostra

238 2976 286 3007 vel
305 2985 356 3014 per
376 2963 493 3008 aiienam
508 2978 653 3008 eludantur
666 2978 814 3017 astutiam,
831 2978 877 3010 vel
892 2989 941 3017 per
959 2979 1131 3017 proterviam
1145 2987 1297 3018 contemp-

235 3023 355 3053 riantur,
372 3024 426 3046 nec
439 3026 491 3046 vos
504 3016 586 3047 decet
595 3017 670 3047 abuti
683 3018 769 3057 gratia
786 3019 816 3048 in
830 3018 998 3048 relaxatione
1018 3016 1218 3056 praedistarum
1237 3017 1299 3047 sen-

233 3054 386 3084 tentiarum
404 3054 486 3084 vobis
506 3055 628 3086 exhibita
642 3079 651 3092 ‚
677 3066 744 3086 cum
764 3058 857 3094 potius
878 3056 1006 3094 expediat
1025 3064 1056 3086 ut
1073 3065 1127 3086 vos
1147 3056 1250 3086 nostris
1263 3057 1297 3088 &

235 3091 324 3131 Regis
346 3091 467 3130 ejusdem
489 3093 669 3130 beneplacitis
689 3096 823 3132 coaptetis
838 3119 847 3133 ,
866 3094 1045 3125 nobilitatem
1054 3092 1180 3125 vestram
1194 3104 1298 3125 mone-

235 3140 301 3160 mus
319 3132 424 3161 attente
443 3140 492 3169 per
509 3130 674 3168 Apostolica
689 3133 772 3162 vobis
785 3133 897 3173 scripta,
917 3133 967 3163 sub
982 3132 1081 3163 debito
1096 3132 1211 3170 praestiti
1219 3134 1296 3171 jura-

236 3170 351 3207 menti,
374 3170 566 3207 praeCipiendo
587 3169 748 3200 mandantes
763 3195 772 3209 ,
797 3180 931 3209 quatenus
951 3195 961 3210 ,
985 3171 1057 3201 infra
1074 3170 1179 3202 festum
1199 3171 1296 3203 Sancti

237 3207 360 3238 Andreae
374 3208 504 3238 futurum
516 3209 648 3246 proximo
657 3232 667 3246 ,
684 3208 784 3240 dotem
798 3212 831 3241 &
846 3209 944 3241 Casti-a
958 3209 1090 3249 praedicta
1111 3219 1182 3241 cum
1195 3210 1296 3242 fracti-

237 3245 288 3275 bus
301 3245 368 3276 inde
380 3248 534 3284 perceptis,
550 3247 584 3278 &
598 3247 672 3285 aliis3

272 3283 403 3315 Necnon
417 3286 450 3316 &
465 3284 598 3316 Castrum
613 3284 740 3323 Merpisii
754 3286 872 3326 praefato
886 3286 981 3326 Regi,
999 3287 1046 3319 vel
1059 3289 1106 3319 cui
1120 3287 1295 3319 mandaverit

235 3323 307 3365 ipse,
325 3323 431 3353 sublato
446 3323 591 3363 cujussibet
604 3323 773 3354 difficultatis
787 3326 819 3356 &
839 3326 1028 3366 appellationis
1042 3327 1177 3365 objectu,
1196 3326 1295 3357 redda-

235 3367 288 3398 tis,
305 3360 341 3391 de
354 3361 483 3399 dampnis
495 3363 528 3393 &
543 3363 648 3400 injuriis
661 3363 786 3402 irrogatis
797 3364 848 3393 sibi
862 3365 895 3395 &
910 3366 967 3402 ejus
980 3364 1109 3396 fidelibus
1118 3389 1128 3403 ,
1148 3365 1295 3396 nihilomi-

235 3406 287 3427 nus
300 3398 491 3430 satisfacientes
503 3399 606 3431 eidem.

270 3435 408 3480 Alioquin
419 3438 558 3478 praedictis
571 3438 717 3478 Episcopis
730 3440 763 3471 &
777 3438 900 3470 Decano
914 3440 1017 3471 nostris
1031 3440 1129 3471 damus
1138 3441 1237 3473 litteris
1247 3442 1296 3473 fir-

236 3482 318 3516 miter
338 3485 366 3504 in
387 3479 530 3514 praecept'is
542 3502 552 3515 ,
577 3487 608 3508 ut
621 3501 632 3516 ,
657 3488 710 3509 vos
730 3480 765 3510 δε
777 3478 933 3517 complices
945 3479 1074 3517 vestr08‚
1092 3481 1126 3512 ὃς
1139 3480 1244 3511 vestras
1259 3483 1293 3512 ὃς

236 3510 360 3548 ¹Psorum
378 3522 464 3558 teri-as
484 3517 513 3545 in
532 3516 656 3553 pristinas
677 3517 823 3547 sententias
843 3516 1024 3556 reducentes,
1043 3527 1078 3548 ex
1090 3527 1160 3548 tunc
1176 3529 1229 3549 vos
1244 3528 1293 3549 ex-

235 3557 462 3595 communicatos
476 3553 648 3585 denuncient
663 3557 696 3586 &
711 3557 853 3594 perjuros,
871 3557 906 3587 ὃς
921 3556 1066 3586 sententias
1079 3556 1164 3594 ipsas,
1183 3558 1292 3594 pulsatis

235 3594 377 3632 cssmpamss
388 3614 398 3627 ,
416 3592 449 3621 &
463 3593 582 3622 accensis
597 3593 735 3632 candelis,
753 3595 793 3624 fin
845 3596 849 3600 '
877 3594 974 3624 diebus
988 3594 1153 3625 Dominicis
1166 3595 1200 3625 &
1214 3595 1293 3626 festi-

237 3633 278 3668 vis
299 3626 431 3671 publicari
450 3630 630 3668 solempniter
649 3632 751 3662 faciant
766 3655 776 3671 2
843 3632 929 3671 usque
942 3632 978 3663 ad
990 3632 1205 3664 satisfactionem
1218 3644 1293 3665 con·

267 3671 350 3692 onam
366 3666 559 3698 inviolabiliter
574 3670 723 3700 observari.

299 3701 428 3747 raelatos,
441 3714 555 3743 quoque
567 3716 600 3737 ac
615 3707 762 3746 Clericos,
778 3709 798 3739 si
812 3711 877 3748 qui,
895 3710 978 3741 vobis
992 3711 1023 3741 in
1037 3710 1090 3741 hac
1104 3718 1182 3747 parte
1193 3709 1292 3740 faven-

236 3747 297 3778 tes,
313 3737 458 3784 sententias
470 3752 529 3786 non
544 3745 710 3787 servaverint
723 3756 909 3787 memoratas,
926 3748 961 3779 ad
974 3749 1149 3787 praesentiam
1163 3747 1291 3779 nostram

235 3786 307 3809 cum
319 3777 371 3808 suis
386 3777 616 3812 testimonialibus
629 3784 712 3814 literis
724 3785 872 3826 suspenso,
889 3789 987 3818 venire
1000 3786 1185 3825 compellant.

232 3814 486 3892 Ρῐέἶὲἒεῖἓὲξὲυε
514 3827 612 3850 contra
637 3832 690 3855 vos
716 3826 834 3855 lever-ius
856 3825 1028 3863 spiritualiter
1047 3826 1082 3858 &
1100 3825 1291 3864 temporaliter

272 3929 339 3962 Dat.
359 3931 489 3964 Laterani
506 3940 523 3971 7
537 3932 657 3966 Kalend.
671 3936 757 3975 Julii,
772 3937 955 3972 Pontificatus
970 3941 1059 3974 nostri
1071 3950 1147 3974 anno
1162 3940 1248 3973 sexto.

695 140 1489 188 CONVENTIONES‚

1574 140 1970 193 LITERAE,

1359 312 1408 344 De
1426 309 1687 358 Archiepistopum
1718 313 1936 358 Pissavienfi’m
1964 316 2258 346 excommunicatum
2278 314 2418 350 denunti-

1405 360 1483 393 ando
1505 386 1514 402 ‚
1545 361 1600 403 ›1ss
1611 360 1788 406 fhtisfiiciat
1814 366 1887 409 Regi
1909 360 2081 408 Anglorum
2106 361 2143 395 de
2157 361 2293 409 dampnis
2313 367 2349 403 ὠ
2367 370 2416 399 in-

1395 410 1504 455 juriis.

2456 306 2469 326 1

2432 340 2496 365 Heu.
2516 347 2541 374 3.

2437 257 2515 289 Arm.
2524 259 2566 301 D,

2473 303 2542 338 223-

1354 491 1566 561 Ηῗῃρῑίμε
1585 491 1688 540 Episco
1709 506 1741 527 us
1755 520 1764 534 ,
1787 495 1881 540 servus
1894 494 2039 540 servorum
2054 495 2127 534 Dei,
2144 496 2251 541 fidesic
2263 497 2342 545 silio,
2360 510 2416 532 no-
2432 509 2486 534 An.
2500 518 2527 543 7,

1468 532 1495 562 ili
1512 544 1575 564 viro
1594 534 1694 565 Willie
1706 545 1756 565 mo
1775 534 1857 564 dieto
1878 534 2101 573 Archiepiscopo
2116 535 2286 568 PuStaveniis
2297 538 2416 570 diocesis
2433 549 2465 572 H.
2488 555 2513 581 3.

1352 570 1468 600 [alutem
1481 572 1514 602 &
1527 572 1712 610 apostolicam
1727 572 1965 603 benedictionem.

2432 587 2469 610 Ex
2484 585 2544 611 Ori-

1390 607 1556 641 Cariffimus
1576 612 1605 640 in
1629 611 1748 642 Christo
1768 610 1838 641 filius
1856 611 1952 642 noster
1968 635 1978 651 ,
2001 612 2147 643 Henricus
2169 612 2237 643 Rex
2249 613 2412 653 Anglorum
2425 624 2481 659 gin.¹

1353 646 1478 691 illustris,
1497 648 1650 680 transmissa
1662 651 1745 681 nobis
1759 650 1911 688 petitione,
1926 651 2094 682 monstravit
2114 652 2191 690 quod
2206 677 2215 691 ,
2234 663 2302 683 curn
2316 653 2413 687 dilecti

1352 685 1400 716 filu
1420 686 1630 717 Talemunden.
1655 689 1689 719 δε
1707 689 1804 719 Samii
1823 687 1976 719 Michaelis
1994 690 2031 720 de
2050 689 2185 721 Heremo
2205 691 2330 724 Abbates
2375 694 2410 726 &

1352 723 1488 768 Decanus
1507 722 1686 757 Pietaviensis
1700 750 1711 766 ,
1735 728 1772 757 de
1791 726 1891 771 nostro
1912 727 2021 767 speciali
2040 728 2174 760 mandato
2195 730 2224 759 in
2244 738 2272 761 te
2292 741 2326 762 ac
2341 716 2413 763 ’tuos

1351 765 1507 801 complices
1523 765 1556 794 &
1571 764 1693 795 fautores
1705 767 2027 805 excommunicationis,
2045 768 2080 798 &
2093 768 2120 797 in
2134 775 2214 798 tuam
2236 770 2269 800 &
2285 770 2411 808 ipsorum

1351 811 1436 832 teri-as
1456 802 1598 845 interdiffi
1617 803 1762 834 sententias
1782 805 2018 844 promulgaffent,
2037 816 2090 844 pro
2102 816 2139 836 eo
2154 806 2232 845 quod
2245 807 2335 846 ipsum
2351 809 2412 840 Re-

1351 850 1434 886 gem,
1448 841 1639 886 ¹cujusflhomo
1658 842 1738 882 ligius
1752 843 1809 873 esse
1821 842 1925 882 debes,
1941 844 2092 874 manifestis
2107 845 2262 877 excessibus
2275 848 2412 886 multzpli-

1353 889 1424 911 citer
1446 879 1588 910 intestaras
1601 904 1611 917 ‚
1636 889 1670 911 ac
1691 883 1775 911 etiam
1793 880 1902 911 easdem
1920 884 2068 914 sententias
2083 884 2242 915 incurrisses
2285 896 2322 916 eo
2335 887 2416 925 quod

1353 918 1444 949 nobili
1468 920 1542 962 viro.
1557 917 1679 963 Hugoni
1693 919 1738 956 Lde
1757 919 1914 963 Le'z3iniaco
1934 920 2014 952 dicto
2033 920 2145 953 Comiti
2167 922 2308 955 Mareiize
2322 948 2332 964 ,
2358 927 2415 957 unZi

1352 967 1421 988 cum
1444 957 1596 988 fautoribus
1616 961 1667 988 iuis
1680 981 1690 995 ,
1714 958 1878 988 austoritate
1896 959 1991 989 nostra
2003 984 2013 998 ,
2032 960 2165 991 fimilibus
2180 961 2320 994 sententiis
2337 966 2350 981 ³⁶
2370 966 2414 995 in-

1353 997 1474 1034 voluto,
1489 1005 1589 1027 contra
1609 996 1732 1027 eundem
1752 995 1868 1036 Regem
1882 996 2048 1029 Dominum
2062 1007 2162 1038 tuum,
2179 1008 2241 1031 non
2254 1002 2358 1042 absque
2370 1004 2415 1035 in-

1353 1033 1489 1065 fidelitatis
1503 1045 1570 1066 nota
1579 1060 1588 1074 ,
1606 1038 1714 1066 temere
1725 1034 1872 1065 affistebas.

1391 1074 1469 1116 Quia
1487 1074 1651 1104 venerabilis
1670 1075 1754 1105 frater
1774 1073 1871 1104 noster
1889 1073 2069 1114 pandulphus
2082 1075 2280 1110 Norwicensis
2295 1079 2414 1119 Episco-

1353 1123 1424 1152 pus,
1443 1122 1510 1143 tunc
1527 1112 1659 1151 Eletftus,
1677 1121 1808 1152 tempore
1822 1123 1897 1151 quo,
1916 1113 2059 1144 mediante
2077 1116 2154 1154 ipso,
2167 1125 2263 1148 treuva
2283 1118 2336 1150 fuit
2347 1121 2414 1152 inita

1351 1154 1425 1183 inter
1437 1151 1606 1189 praedieturn
1622 1152 1737 1189 Regem
1746 1176 1755 1190 ,
1774 1152 1807 1182 &
1821 1151 1915 1195 fideles
1928 1153 1985 1191 ejus
1999 1153 2028 1181 in
2043 1161 2119 1190 parre
2132 1153 2188 1184 uni
2197 1178 2206 1192 ,
2224 1142 2257 1186 E<
2272 1166 2415 1190 memora-

1352 1199 1415 1221 tum
1433 1190 1485 1221 Hu
1506 1201 1594 1221 onem
1641 1191 1676 1222 δε
1698 1189 1855 1228 complices
1874 1200 1931 1229 ejus
1952 1200 1985 1221 ex
1997 1191 2098 1229 altera,
2116 1192 2258 1230 praedistae
2272 1195 2415 1228 sententiae

1351 1230 1464 1260 fuerunt
1476 1239 1491 1259 a
1510 1230 1585 1274 ’ipso
1598 1214 1743 1274 sspiscopo
1762 1229 1906 1268 relaxatae,
1929 1238 1960 1274 tu
1973 1252 1985 1274 ,
2002 1229 2121 1260 afferens
2134 1239 2167 1275 te·
2174 1230 2210 1262 de
2224 1235 2418 1272 complicibus

1352 1269 1410 1299 esse
1425 1268 1550 1299 Comitis
1566 1276 1735 1305 memorati,
1751 1275 1808 1298 tam
1821 1268 1857 1298 de
1872 1268 2031 1306 specialibus
2042 1269 2197 1308 sententiis,
2215 1281 2301 1309 quam
2312 1274 2350 1303 de
2364 1282 2416 1311 ge.

1352 1306 1489 1337 neralibus
1511 1309 1540 1338 in
1559 1315 1588 1337 te
1607 1306 1666 1337 latis
1680 1330 1690 1345 ,
1713 1317 1766 1345 pro
1781 1306 1909 1337 absoluto
1923 1316 1951 1337 te
1964 1316 2080 1347 gerens,
2098 1307 2203 1339 nullam
2217 1311 2326 1347 prorsus
2340 1312 2414 1343 satis-

1350 1346 1507 1377 factionem
1527 1346 1577 1383 ipsi
1598 1345 1691 1385 Regi,
1709 1345 1755 1376 vel
1769 1345 1825 1383 ejus
1840 1345 1967 1377 fidelibus
1978 1346 2155 1385 impendisti,
2174 1348 2327 1389 mandatis,
2348 1361 2413 1389 quae

1351 1384 1430 1423 super
1444 1385 1501 1415 hoc
1515 1385 1567 1415 tibi
1581 1384 1750 1423 direximus,
1768 1383 1922 1423 obaudiris3
1941 1386 2011 1423 quiri
2031 1386 2126 1416 immo
2143 1385 2333 1426 postmodum
2350 1399 2413 1431 gra—

1351 1434 1401 1455 ves
1416 1424 1454 1454 eis
1469 1424 1578 1462 injurias
1593 1421 1693 1453 diceris
1704 1422 1853 1462 irrogasse,

1388 1462 1537 1501 Quocirca
1549 1462 1727 1492 nobilitatem
1742 1469 1821 1504 tuarn
1832 1462 1934 1504 iterato
1948 1471 2100 1493 monemus
2112 1463 2146 1494 &
2159 1463 2306 1497 hortamur
2319 1475 2411 1499 atten-

1350 1509 1394 1540 te,
1410 1511 1461 1542 per
1480 1499 1635 1539 apostolica
1653 1500 1753 1537 scripta
1774 1498 1899 1530 distrit‘te
1914 1501 2107 1538 praecipiendo
2121 1502 2300 1543 mandantes,
2319 1509 2411 1544 quati..

1349 1550 1417 1580 nus,
1435 1540 1506 1570 infra
1524 1538 1629 1569 festum
1650 1537 1874 1582 smfflnAndroee
1893 1539 2076 1582 proximum,
2092 1540 2244 1578 saepedicto
2255 1543 2330 1583 Regi
2365 1546 2411 1576 vel

1350 1580 1398 1609 cui
1420 1578 1594 1609 mandaverit
1613 1577 1693 1621 super
1712 1577 1763 1607 hiis
1775 1601 1786 1615 ,
1810 1587 1864 1615 pro
1884 1576 1986 1615 quibus
2001 1578 2030 1607 in
2043 1586 2072 1609 te
2085 1588 2118 1608 ac
2128 1588 2231 1610 terram
2244 1589 2323 1612 tuam
2336 1568 2411 1621 prae-

1349 1617 1433 1648 dietae
1446 1617 1559 1648 fuerunt
1573 1616 1716 1647 sententiae
1728 1616 1931 1654 promulgatae,
1949 1615 2057 1647 sublato
2070 1617 2216 1655 cujussibet
2229 1618 2412 1661 difficultatis,

1349 1658 1384 1688 &
1405 1655 1596 1695 appellationis
1617 1655 1734 1694 objectu
1747 1679 1757 1693 ‚
1773 1654 1926 1698 satisfacere
1939 1664 2001 1685 non
2014 1656 2144 1694 omittas;
2161 1656 2197 1687 de
2211 1657 2340 1696 dampnis
2375 1662 2410 1693 ὅς

1348 1695 1452 1764 ingunis
1467 1694 1656 1735 postmodum
1670 1693 1721 1733 ipsi
1733 1694 1767 1726 &
1783 1703 1840 1733 ejus
1852 1692 1979 1725 fidelibus
1997 1694 2200 1727 nichilominus
2218 1684 2412 1731 satisracie’ndo

1347 1744 1374 1765 ei
1395 1744 1455 1764 em·

1385 1758 1525 1812 Alio'quin
1544 1772 1686 1812 praedietis
1708 1771 1867 1804 Abbatibus
1887 1772 1921 1804 δε
1944 1770 2068 1804 Decano
2087 1772 2190 1804 nostris
2201 1772 2300 1805 damus
2313 1775 2413 1807 litteris

1348 1811 1466 1844 firmiter
1479 1815 1508 1843 in
1521 1814 1682 1851 praeceptis,
1700 1819 1746 1850 ut,
1764 1821 1825 1842 non
1837 1811 1969 1842 obstante
1978 1812 2154 1843 absolutione
2165 1812 2319 1852 praedicta,
2333 1822 2362 1845 te
2375 1825 2411 1847 ac

1348 1852 1506 1897 complices
1526 1860 1590 1896 tuos
1602 1875 1612 1890 ,
1637 1852 1670 1895 ἐξ(
1686 1859 1782 1895 tuam,
1800 1851 1837 1894 ὃς.
1847 1859 1948 1893 eorum
1959 1857 2043 1881 terras
2057 1849 2225 1882 denuntient
2237 1861 2409 1884 excommu-

1348 1888 2052 1972 ΠΙςΙξὲοὲειιῖτέζηῑΨιεὲεξέἒὲι,[ἓτῶῗέῐξὲιέᾘὲζᾝῗἃ
2065 1927 2188 1960 candelis
2197 1929 2335 1969 accensis,
2354 1930 2409 1961 sin-

1350 1969 1421 2008 gulis
1434 1967 1533 1998 diebus
1545 1967 1715 2005 dominicis,
1723 1967 1757 1998 &
1772 1965 1876 1997 festivis
1889 1976 1940 2004 per
1952 1966 2079 1998 ecclesias
2091 1967 2259 2008 diocesfim,
2267 1970 2294 1999 in
2307 1970 2410 2008 quibus

1348 2015 1381 2037 tu
1400 2007 1434 2038 &
1453 2006 1541 2036 iidem
1560 2005 1719 2045 complices
1738 2006 1780 2036 tui
1791 2005 1916 2044 fueiitis,
1931 2005 2068 2046 publicari
2080 2005 2272 2048 sollempniter
2285 2008 2407 2047 faciant,

1348 2046 1383 2078 &
1397 2044 1486 2084 usque
1498 2045 1533 2075 ad
1548 2043 1763 2075 satisfactionem
1776 2044 1950 2085 condignam
1963 2045 2162 2076 inviolabiliter
2174 2046 2324 2076 observari.

1384 2083 1518 2114 Praelatos
1541 2093 1659 2121 quoque
1679 2092 1713 2112 ac
1734 2082 1854 2113 clericos
1867 2106 1877 2121 ,
1902 2083 1973 2121 siqui
1992 2083 2044 2113 tibi
2065 2084 2095 2112 in
2117 2084 2170 2114 hac
2191 2092 2268 2122 parte
2284 2084 2410 2115 faventes

1346 2122 1491 2154 sententias
1505 2132 1565 2152 non
1578 2121 1747 2153 servaverint
1759 2129 1944 2159 memoratas,
1961 2120 1996 2150 ad
2011 2121 2186 2158 praesentiarn
2199 2121 2326 2155 nostram
2339 2133 2410 2155 cum

1346 2162 1398 2193 suis
1410 2160 1646 2194 testimonialibus
1658 2160 1754 2191 litteris
1766 2158 1904 2197 suspensos
1919 2160 2017 2190 venire
2030 2160 2212 2198 compellant.

1381 2237 1448 2271 Dat.
1468 2237 1599 2270 Laterani
1614 2246 1629 2278 3
1644 2235 1729 2268 Non.
1744 2235 1828 2276 Julii,
1845 2234 2032 2268 Pontificatfis
2044 2235 2136 2268 nostri
2151 2249 2227 2270 anno
2243 2239 2330 2272 sexto.

2071 2315 2125 2346 Sub
2132 2314 2186 2358 filo
2198 2316 2304 2347 canabi.

1603 2443 1653 2475 De
1661 2438 1825 2488 gravando
1843 2441 2011 2486 Principem
2028 2436 2148 2473 Williae.

1343 2526 1432 2585 RE
1440 2527 1472 2559 X
1495 2526 1670 2572 vicecomiti
1683 2524 1830 2570 Devoniae
1844 2523 1970 2570 salutern.

1442 2565 1627 2605 Praecipimus
1641 2565 1710 2603 tibi,
1729 2563 1847 2595 firmiter
1861 2570 2053 2602 injungentes,
2067 2561 2147 2602 quod
2161 2572 2213 2604 per
2225 2573 2326 2595 ornnes
2339 2573 2408 2602 por-

2434 965 2448 982 *
2466 966 2564 1004 1.260,

2424 2527 2502 2560 Anii.
2511 2529 2553 2561 D.

2444 2577 2529 2610 1223.

1343 2611 1386 2635 tus
1404 2603 1495 2636 Maris
1515 2604 1628 2636 Balli'vae
1649 2612 1705 2634 tuae
1723 2602 1850 2634 districte
1864 2601 2007 2640 prohiberi
2021 2601 2104 2632 facias
2117 2602 2196 2640 quod
2210 2602 2321 2642 nullus,
2336 2603 2406 2633 sicut
2423 2611 2475 2635 An.
2490 2618 2517 2643 7.

1342 2644 1369 2673 se
1382 2644 1416 2674 &
1428 2643 1473 2674 sua
1484 2643 1591 2683 diligit,
1608 2641 1740 2673 vietualia
1752 2642 1860 2678 aliqua,
1878 2641 1935 2671 sive
1947 2649 1990 2669 τω
2002 2639 2064 2670 alias
2076 2641 2189 2672 venales
2201 2639 2286 2672 ducat
2305 2643 2335 2672 in
2351 2650 2408 2672 ter·
2422 2649 2458 2673 Η,
2475 2656 2502 2683 3.

1341 2690 1403 2712 ram
1418 2681 1547 2720 Leulini,
1565 2681 1622 2710 sive
1637 2681 1666 2709 in
1679 2688 1783 2710 terram
1796 2678 2004 2715 wallensium,
2021 2677 2072 2708 fibi
2093 2678 2305 2710 adhaerentium.

2419 2685 2506 2722 Claus,
2529 2694 2556 2721 7.

1379 2719 1429 2750 Set
1449 2719 1551 2750 omnes
1570 2727 1640 2748 cum
1654 2717 1837 2754 victualibus,
1855 2717 1889 2747 &
1902 2716 1984 2746 rebus
1997 2715 2054 2746 aliis
2065 2717 2225 2755 venalibus,
2244 2717 2340 2748 secure
2352 2729 2406 2749 ve-
2421 2727 2455 2750 H.
2478 2733 2502 2760 3.
2517 2733 2556 2751 m.

1341 2758 1420 2789 niarit
1438 2758 1468 2788 in
1488 2756 1650 2788 Suwalliam
1670 2755 1705 2786 ad
1725 2756 1883 2786 exercitum
1901 2753 2032 2784 nostrum
2054 2755 2084 2783 in
2103 2763 2207 2785 terram
2219 2779 2229 2793 ,
2254 2756 2387 2787 videlicet

1341 2796 1468 2827 nostram
1480 2795 1517 2827 de
1525 2793 1717 2832 Kaetnerdin,
1731 2795 1766 2826 ὅ(
1778 2793 1815 2824 de
1821 2792 1996 2833 Kaerdigan,
2013 2793 2048 2824 &
2061 2793 2092 2823 in
2105 2801 2208 2824 terram
2219 2780 2405 2826 ComitisVV’.

1342 2835 1509 2867 Marescalli.

1375 2912 1467 2944 Teste
1478 2912 1551 2952 apud
1563 2911 1703 2951 Wigorn.
1725 2920 1738 2941 1
1746 2920 1759 2941 1
1773 2908 1820 2942 die
1830 2909 1908 2949 julii.

1390 3036 1557 3073 Baronibus
1573 3040 1766 3072 IVormanm'ae
1782 3036 1865 3085 quod
1876 3036 1921 3070 ad
1927 3037 2097 3083 firvitium
2113 3038 2201 3083 Regis
2218 3035 2353 3069 redeant.

2425 2770 2451 2797 7.
2469 2768 2496 2790 a.

1337 3124 1426 3184 RE
1435 3124 1466 3156 X
1489 3124 1646 3157 Baronibus
1658 3148 1669 3162 ‚
1687 3123 1847 3162 Militibus,
1862 3124 1896 3155 &
1909 3124 2006 3162 probis
2017 3122 2182 3154 hominibus
2194 3121 2232 3152 de
2244 3120 2398 3153 Norman-
2417 3124 2496 3156 Arm,
2507 3126 2551 3158 1),-

1412 3165 1476 3202 nia,
1494 3163 1530 3194 ad
1544 3174 1633 3202 quoe,
1653 3164 1714 3195 &c.
1732 3162 1854 3193 salutem.

2439 3173 2525 3205 1223.

1375 3201 1525 3242 Rogamus
1545 3213 1600 3234 vos
1620 3203 1748 3241 quatinus
1766 3200 1801 3231 ad
1820 3201 1907 3232 fidem
1918 3202 1952 3233 &
1966 3201 2110 3233 servitium
2123 3198 2254 3230 nostrum
2267 3198 2399 3236 redeatis,
2415 3207 2470 3231 An.
2485 3214 2513 3239 7.

1338 3251 1409 3273 cum
1419 3242 1478 3279 jam
1494 3241 1578 3272 vobis
1589 3251 1610 3271 o
1630 3241 1784 3278 portunitas
1795 3239 1924 3277 affuerit,
1942 3240 2035 3271 scituri
2049 3249 2102 3277 pro
2114 3248 2212 3276 certo,
2229 3238 2249 3268 si
2262 3237 2297 3267 ad
2310 3236 2397 3280 fidem
2415 3246 2450 3269 H.
2471 3252 2497 3278 3.

1338 3282 1372 3312 &
1393 3280 1535 3310 servitium
1556 3283 1607 3309 nol
1625 3289 1687 3308 rum
1706 3278 1854 3317 redieritis,
1872 3278 2023 3309 reddemus
2035 3279 2136 3316 vobis,
2151 3278 2228 3316 quta
2242 3274 2322 3319 quod
2335 3285 2398 3305 uni·
2415 3284 2478 3308 pas.
2497 3288 2525 3315 7,

1337 3319 1444 3356 cuique
1461 3319 1601 3355 competit
1617 3342 1626 3354 ,
1652 3326 1736 3347 terras
1757 3317 1860 3348 vestras
1879 3318 1908 3347 in
1930 3317 2046 3356 Anglia,
2064 3326 2131 3355 quas
2144 3313 2266 3346 amisistis
2282 3313 2397 3351 quando
2416 3323 2548 3355 H.3.m4.

1337 3357 1484 3388 Dominus
1495 3356 1639 3394 johannes
1654 3355 1737 3393 Rex,
1755 3365 1833 3393 pater
1848 3355 2183 3394 noster,Normanniam
2194 3351 2292 3395 amisit.

1372 3394 1487 3432 Insuper
1504 3394 1605 3424 fadturi
1623 3395 1705 3424 vobis
1724 3396 1753 3423 in
1773 3395 1825 3424 hiis
1845 3395 1879 3425 &
1897 3395 1955 3424 aliis
1971 3418 1981 3433 ,
2006 3393 2082 3424 unde
2094 3392 2178 3424 nobis
2190 3398 2295 3422 merito
2309 3397 2398 3431 grates

1335 3433 1441 3472 scietis,
1458 3433 1492 3464 &
1506 3432 1586 3472 quod
1599 3432 1695 3464 vestris
1709 3431 1825 3463 servitiis
1838 3433 2016 3473 condignum
2029 3432 2112 3464 fuerit

1334 3549 1364 3581 di
1373 3509 1465 3588 ‘ljeuiffi
1477 3509 1612 3541 Huberto
1627 3508 1664 3540 de
1675 3508 1786 3549 Burgo,
1797 3510 1959 3550 Justiciario
1972 3508 2090 3548 nostro,
2106 3505 2180 3546 apud
2195 3503 2338 3538 Crikelad.
2359 3513 2396 3544 23

1366 3560 1383 3580 e
1462 3572 1468 3578 .

1542 3676 1563 3695 '⁴‘
1590 3677 1639 3708 De
1659 3674 1812 3709 Conduffu
1821 3687 1878 3724 pro
1897 3675 2028 3709 Nunciis
2043 3672 2200 3707 Lemelini.

1335 3761 1399 3823 O

2414 3356 2441 3385 d.

2418 3667 2467 3695 ⁸⁵1.
2483 3669 2548 3695 261.

1408 3760 1525 3791 Stricius
1541 3759 1671 3793 Clericus
1692 3761 1847 3801 Lewelini‚
1866 3762 1900 3793 &
1913 3759 2032 3799 Helyn‚
2048 3757 2163 3790 Nuncii
2178 3753 2334 3793 Lewelini,
2346 3753 2397 3784 ha·
2415 3751 2492 3782 Arm.
2502 3751 2545 3782 D.

1419 3800 1489 3829 berit
1508 3798 1609 3830 litteras
1628 3800 1664 3831 de
1686 3800 1833 3831 condutta
1846 3801 1875 3831 in
1889 3797 2034 3829 redeundo
2046 3795 2138 3828 versus
2149 3801 2237 3831 pm&
2250 3792 2325 3830 suas>
2342 3792 2395 3823 du*
2443 3799 2529 3830 1223·

1332 3847 1435 3883 raturas
1454 3847 1470 3867 a
1489 3835 1535 3868 die
1557 3837 1659 3868 Martis
1672 3862 1682 3877 ,
1705 3840 1735 3868 in
1752 3838 1827 3870 festo
1843 3836 2049 3869 Decollationis
2061 3832 2157 3865 Sancti
2165 3830 2305 3871 Johannis
2321 3829 2395 3869 Bap-
2413 3833 2466 3857 Aa.
2484 3839 2513 3865 7-
2562 3857 2567 3864 .

1332 3876 1420 3914 nstae,
1438 3876 1468 3905 in
1483 3883 1517 3913 15
1534 3873 1592 3906 dies
1605 3876 1760 3916 sequentes·

2412 3871 2448 3895 H.
2473 3877 2499 3904 3.
2546 3895 2556 3903 ,

2411 3909 2471 3933 Par.
2492 3914 2520 3941 7.

1368 3951 1460 3982 Teste
1478 3950 1616 3983 Huberto
1633 3952 1670 3986 de
1687 3952 1800 3992 Burgo,
1813 3953 1977 3993 Justiciario
1989 3947 2107 3987 nostro,
2124 3946 2198 3990 apud
2209 3945 2335 3982 Westm.
2353 3955 2393 3985 29
2412 3946 2446 4011 {1-
2469 3952 2495 3980 3-
2508 3943 2547 3978 mi

1328 3989 1378 4022 die
1390 3988 1530 4031 Augusti,
1544 4000 1620 4023 armo
1627 4014 1639 4031 ‚
1657 3992 1718 4024 &e
1735 3999 1765 4030 7.
2258 4041 2318 4072 dm

2138 4043 2193 4072 Per
2207 4052 2258 4073 eun
2319 4064 2327 4071 .

2325 4079 2393 4109 nr.
