2570 4261
167 149 244 177 120

19 221 96 254 Anti.
111 218 154 250 D.
169 218 265 252 obitus
279 219 317 250 sui
330 217 445 260 praefato
463 214 539 247 Patri
558 212 655 244 nostro
676 211 835 248 tenebatur,
851 209 916 246 capi
938 203 1047 237 fecifl‘et
1062 205 1098 248 *in
1118 213 1236 235 manum

40 260 124 300 1308-
171 259 313 295 nostram,
332 256 483 294 eademque
495 254 571 283 bona
585 252 618 282 &
636 249 760 293 Catalla,
781 258 831 292 per
847 253 1021 290 praeceptum
1043 241 1164 281 ejusdem
1175 242 1238 286 ⁶Pa-

19 302 89 328 Edv-
109 307 135 324 2·
171 299 219 328 tris
234 295 338 334 nostri,
356 295 465 324 liberata
479 289 605 327 fuissent,
622 296 652 319 ut
667 287 869 324 intelleximus,
887 283 994 314 ddecto
1015 280 1240 325 Consanguineo

170 337 204 367 &
219 334 291 365 fideli
306 332 420 370 nostro,
434 329 557 369 johanni
572 327 607 357 de
628 326 767 357 Britannia
789 323 900 354 Comiti
922 322 953 352 R
973 319 1174 362 chemundiae,
1192 327 1240 355 per

173 371 367 404 Vicecomites
387 369 507 409 ejusdem
520 366 608 397 Patris
619 362 724 402 nostri,
734 362 891 394 Lincolniae
906 362 940 392 &
954 331 1153 402 korfsblciae,
1163 365 1240 395 Juxta

170 408 332 443 rationabile
366 409 467 439 retium
480 403 654 441 eorundem,
674 412 739 441 quae
750 402 789 431 sic
804 402 834 431 in
850 409 936 430 manu
949 398 994 428 sua
1008 395 1143 434 existunt,
1205 432 1211 437 .

206 449 287 486 Nos,
306 418 431 477 voiientes
445 444 539 475 eidem
552 442 673 486 Johanni
687 441 808 478 gratiam
820 440 850 469 in
864 439 919 470 hac
941 443 1016 480 parte
1032 432 1242 478 facere-specia-

169 487 241 524 lem,
260 484 448 516 concessimus
463 484 490 513 ei
502 491 599 512 omnia
613 481 688 511 bona
709 479 742 510 &
761 476 866 508 Catalla
885 474 1035 514 praedicta,
1053 481 1091 503 ita
1109 471 1243 502 Videlicet

173 525 250 563 quod
270 524 306 554 de
321 524 401 554 bonis
416 523 449 553 &
469 519 573 551 catallis
595 518 646 549 illis
658 517 749 555 levet,
768 517 801 547 &
821 515 921 546 habeat
940 512 1024 551 usque
1046 511 1080 541 ad
1100 510 1243 540 summam

173 564 336 594 debitorum
361 559 564 599 praeditstorum
581 556 616 588 de
641 556 719 586 dono
739 554 853 592 nostro,
880 553 900 583 si
917 551 953 582 ad
975 557 1081 581 tantam
1104 548 1243 591 summam

175 603 327 638 attingant:
346 601 379 631 &
390 622 400 637 ,
415 599 434 629 si
450 597 526 628 valor
542 596 598 626 sive
620 595 742 634 pretium
756 594 901 623 bonorum
917 587 1194 631 illorum-summam
1212 585 1246 615 il-

174 641 232 670 lam
248 639 399 676 excedant,
416 646 485 668 tunc
503 635 532 665 id
548 634 742 665 executoribus
763 630 919 662 testamenti
940 626 1046 666 praefati
1062 625 1153 656 Ducis
1174 624 1248 655 libe-

176 687 266 715 retur,
284 676 318 707 ad
331 677 527 707 executionem
537 671 714 703 Testamenti
726 669 766 700 sui
781 669 846 699 inde
860 666 1033 699 faciendam:

216 716 252 747 Et
267 715 332 745 ideo
347 715 429 745 vobis
443 711 622 749 mandamus,
641 708 717 748 quod
731 707 853 738 eundem
871 706 1035 747 johannem
1053 703 1153 734 omnia
1171 702 1248 732 bona

181 755 215 786 &
232 753 326 785 catalla
339 753 473 793 praedicta
488 751 588 781 habere
602 747 765 788 permittatis
775 748 804 777 in
817 745 911 776 forma
926 741 1069 782 prandisti.

219 829 310 863 Teste
324 827 431 868 meipso
445 826 518 867 apud
530 825 656 858 Westm.
671 833 720 865 24.
733 823 779 855 die
792 821 876 854 Maii.

788 899 843 931 Per
860 898 949 938 ipsum
967 897 1093 935 Regem.-

181 1038 230 1070 De
253 1031 405 1080 Magistro
434 1031 557 1066 Militiae
579 1028 694 1074 Templi
726 1030 757 1059 in
789 1024 905 1072 Anglia
939 1020 1090 1056 liberando
1117 1021 1162 1053 A.
1188 1021 1248 1052 Pa-

323 1079 457 1115 triarchae
479 1078 654 1126 Jerufhlem
677 1079 713 1115 (φ
737 1075 874 1122 Epifiopo
897 1070 1102 1114 Dunelmensi.

32 1174 108 1207 Ann.
122 1171 163 1203 D.
185 1165 309 1237 REX
327 1165 509 1211 vicecomiti
526 1163 611 1194 Kant.
623 1162 744 1207 salutern.
816 1199 821 1205 .
961 1197 966 1203 .

56 1212 141 1254 1308.
231 1245 235 1251 ι
287 1206 367 1245 Qia
382 1203 567 1235 concessimus
581 1200 732 1233 venerabili
747 1198 824 1245 l’atri
842 1197 879 1229 A.
893 1195 1062 1229 Patriarchae
1080 1193 1250 1237 Jerusalem,

32 1256 84 1281 Aa,
104 1261 126 1281 1.
183 1244 328 1285 Episcopo
351 1241 551 1280 Dunehnenfi,
576 1240 691 1270 fratrem
707 1237 900 1269 Willielmum
919 1237 955 1267 de
978 1234 1002 1266 la
1025 1233 1130 1272 More,
1151 1232 1250 1269 Magi-

33 1295 64 1318 Ε,
79 1300 105 1317 2.
184 1284 273 1315 strum
289 1282 403 1314 Militiae
417 1280 536 1319 Templi
558 1281 587 1309 in
611 1278 733 1317 Anglia,
750 1279 779 1308 in
799 1275 902 1307 Castro
922 1273 1020 1305 nostro
1043 1271 1176 1303 Cantuar.
1200 1271 1250 1300 de-

33 1328 122 1366 claus.
141 1338 163 1354 i.
182 1331 311 1360 teritum,
330 1330 380 1359 per
397 1319 642 1356 manucaptionem
665 1317 745 1355 ipsius
764 1314 950 1352 Patriarchae,
966 1313 1002 1343 ita
1023 1310 1100 1350 quod
1115 1320 1182 1341 eum
1203 1309 1252 1340 lia-

35 1371 65 1394 Ε.
80 1376 107 1394 2.
127 1376 164 1394 m.
183 1362 246 1392 beat
263 1369 361 1390 coram
377 1359 457 1388 nobis
471 1357 506 1388 ad
520 1356 694 1387 voluntatem
708 1354 850 1392 nostram,

36 1414 66 1440 4.
223 1398 294 1429 Tibi
310 1398 505 1435 praecipimus,
526 1395 602 1434 quod
618 1393 790 1435 praedi6tum
804 1391 915 1422 fratrem
929 1388 1122 1419 Willielmum
1137 1386 1251 1426 praefato

187 1437 354 1468 Pati-iarchae
363 1459 372 1474 ,
389 1435 434 1465 vel
449 1434 489 1465 illi
497 1456 507 1472 ,
525 1443 610 1472 quem
627 1441 736 1471 propter
750 1431 807 1461 hoc
820 1430 855 1460 ad
868 1438 896 1460 te
909 1427 1028 1474 miserit,
1047 1437 1095 1466 per
1108 1426 1254 1465 hujusmo-

183 1476 214 1506 di
228 1475 473 1512 manucaptionem
485 1473 577 1510 suam,
595 1472 728 1502 deliberes
742 1471 772 1500 'in
785 1468 878 1500 sontii
893 1466 1040 1506 praedicta.

226 1550 314 1583 Teste
329 1550 412 1588 Rege
426 1549 499 1588 apud
513 1549 556 1580 W
559 1546 816 1585 estmonasterium,
834 1554 881 1583 23.
899 1544 945 1575 die
963 1542 1048 1581 Maii.

842 1622 896 1654 Pei·
913 1621 1002 1661 ipsum
1019 1620 1145 1659 Regem.

220 1768 265 1800 De
289 1766 415 1799 termino
436 1762 591 1798 trasiandi
608 1764 700 1809 ficper
720 1760 869 1807 distordia
893 1771 963 1791 cum
989 1752 1217 1792 Mercatoribus

546 1811 713 1847 Hellandiae
731 1819 898 1857 prorogato.

42 1891 117 1959 Alsm·
133 1888 174 1919 D·
191 1899 302 1961 REX
318 1900 423 1931 Nobili
437 1900 517 1944 viro,
535 1899 568 1930 &
584 1898 691 1928 Amico
706 1896 753 1941 suo
770 1894 927 1943 liafiffimoa
946 1892 1079 1937 Domino
1093 1890 1257 1936 W.Hano-

45 1929 148 1996 “20¹8‘'
264 1950 336 1978 niae,
354 1938 530 1976 Hollandiae,
549 1938 582 1968 &
599 1935 742 1967 Zelandiae
763 1934 894 1972 (omiti,
912 1942 945 1963 ac
971 1931 1128 1962 Frissandiae
1149 1929 1256 1960 Domi-

44 2011 73 2034 E.
93 2016 118 2033 ²*
226 2017 347 2055 Nuper,
365 2015 399 2046 ad
411 2016 616 2054 requisitionem
632 2013 768 2050 vestram,
786 2010 948 2042 Christiano
963 2009 999 2039 de
1016 2006 1175 2047 Raphurst,
1192 2005 1257 2036 Mi-

44 2044 132 2081 ciuus.
151 2053 174 2072 ¹·
192 2055 232 2086 liti
248 2054 357 2093 vestro,
374 2063 441 2084 tunc
456 2053 490 2085 ad
505 2064 556 2084 nos
570 2051 671 2084 vestras
684 2052 771 2082 literas
786 2049 940 2086 deferenti,
958 2046 1157 2085 assignavimus
1179 2045 1256 2075 diem

45 2087 75 2157 Ξ·
90 2092 174 2149 erm'
194 2104 247 2132 pro
262 2094 343 2124 vobis
356 2093 389 2124 &
408 2093 569 2123 hominibus
587 2090 700 2129 vestris,
717 2090 813 2127 diem,
830 2087 978 2125 videlicet,
995 2086 1174 2116 dominicum
1190 2094 1257 2122 pro-

191 1989 246 2017 no,
262 1978 372 2009 salutem
382 2000 391 2016 ,
408 1987 475 2007 cum
494 1977 607 2007 sincerae
622 1975 779 2006 diletfitionis
795 1971 908 2002 affeetu.

194 2134 309 2202 &nmis
332 2130 638 2200 antihrCai-niprivium
663 2129 765 2160 ultimo
792 2126 976 2164 transacstum,
1003 2135 1102 2156 coram
1125 2123 1206 2154 nobis
1223 2122 1256 2154 &

244 2180 331 2201 nciio
344 2179 383 2200 no
420 2179 439 2200 o

222 2208 275 2240 .Ad
290 2193 462 2239 traetandun'm
477 2207 513 2238 de
527 2204 681 2245 concordia
697 2206 766 2235 inter
780 2204 911 2234 homines
925 2203 958 2234 ὅ(
967 2202 1140 2233 Mercatores
1151 2199 1260 2230 nostros

195 2247 311 2285 Angliae
325 2256 359 2277 ex
375 2256 448 2284 parte
463 2245 536 2284 una,
553 2246 586 2276 &
599 2246 728 2275 homines
741 2244 774 2274 &
791 2242 967 2272 Mercatores
987 2240 1091 2271 vestros
1111 2249 1145 2270 ex
1159 2237 1259 2276 alteri,

194 2288 271 2324 super
286 2285 396 2316 diversis
411 2284 653 2321 contentionibus,
670 2281 815 2313 discordiis
829 2279 1077 2318 &controversiis,
1093 2277 1201 2308 dudum
1215 2278 1259 2307 in-

193 2334 233 2370 ter
249 2324 426 2393 eogexortig,
437 2321 639 2392 ffifqrmangg3
655 2322 787 2390 gebetiarp
806 2318 934 2387 emeindis
947 2318 982 2348 de
995 2317 1123 2356 dampnis
1137 2317 1170 2348 &
1184 2316 1257 2354 inju-

299 2373 329 2392 in
879 2367 912 2387 is:

196 2373 260 2421 ”18²3
266 2400 301 2431 Et
311 2371 602 2440 ν’ἓδιῗαένεῐῗίῑειξιῖεᾙε
617 2370 665 2429 illo
671 2371 689 2436 ,e
689 2368 793 2428 1ῑὲιὲῑέ
794 2368 857 2427 ‘iigtsl
867 2394 1029 2434 requisistis,
1044 2405 1092 2433 per
1105 2393 1195 2424 literas
1208 2403 1257 2423 ve-

196 2440 278 2478 stras,
295 2439 328 2471 &
339 2450 387 2478 per
402 2439 526 2470 vestrum
541 2437 666 2468 Militem
682 2435 872 2472 antedidmm,
891 2443 920 2465 ut
942 2444 991 2464 vos
1014 2435 1046 2465 &
1063 2433 1193 2464 homines
1207 2441 1258 2461 ve-

197 2478 282 2517 stroe,
299 2478 377 2517 super
390 2488 427 2508 eo
449 2477 524 2516 quod
538 2476 626 2507 nullus
645 2485 744 2506 eorum
761 2474 794 2504 ad
815 2474 927 2504 dietum
949 2472 1044 2511 diem,
1061 2480 1091 2502 ut
1110 2471 1259 2508 praemitti-

195 2526 251 2557 tur,
269 2517 316 2548 assi
337 2526 451 2556 natum,
470 2524 549 2547 certo
561 2515 762 2545 interveniente
775 2512 999 2553 impedimento,
1017 2510 1050 2541 ad
1065 2510 1192 2541 nostram
1208 2518 1257 2539 ve-

195 2558 237 2588 nit
257 2566 293 2594 pr
325 2557 427 2586 entiam
446 2565 499 2594 pro
519 2554 636 2591 negotio
652 2561 826 2589 memorato,
844 2551 947 2581 habere
967 2549 1101 2579 vellemus
1122 2548 1205 2586 usque
1223 2547 1258 2578 ad

196 2595 273 2626 diem
287 2594 390 2634 alium,
408 2604 465 2633 quo
481 2591 663 2624 commodius
673 2591 707 2622 ad
721 2600 772 2621 nos
788 2600 841 2630 pro
858 2589 976 2627 negotio
990 2587 1128 2627 praediuo
1150 2586 1260 2626 possent

192 2633 329 2666 accedere
338 2656 348 2671 ,
360 2632 517 2666 excusatos:

232 2672 428 2711 Qamobrem
439 2695 448 2710 ,
467 2671 563 2702 vestris
584 2671 713 2710 precibus
731 2678 894 2707 annuenteS,
911 2667 990 2700 diem
1012 2665 1198 2706 praedictum,
1215 2663 1259 2695 us-

193 2720 248 2749 que
265 2721 280 2741 a
292 2709 463 2754 die-Paschae
476 2711 612 2749 proximo
629 2711 785 2748 praeterito,
803 2711 833 2739 in
846 2718 897 2739 tres
911 2707 1073 2745 septimanas
1088 2705 1121 2736 ad
1136 2703 1255 2736 vestram

195 2759 410 2789 prorogavimus
428 2748 657 2787 instantiam,sub
671 2749 717 2778 tali
731 2747 835 2779 scilicet
848 2745 959 2777 sormi:

233 2787 323 2824 Quod
340 2787 468 2818 Waltero
482 2788 516 2818 de
534 2786 607 2818 Ken.
627 2787 696 2817 Civi
718 2787 750 2818 &
768 2786 922 2816 Mercatori
945 2783 1040 2814 nostro
1056 2782 1185 2814 Civitatis
1203 2791 1258 2811 no-

195 2825 258 2857 strae
282 2826 413 2857 Lincoln.
428 2827 460 2857 &
483 2827 578 2856 sociis:
599 2826 632 2857 &
652 2825 800 2856 Rich-ardo
820 2824 932 2861 Wake,
952 2822 1075 2862 johanni
1090 2821 1206 2862 Wype,
1222 2821 1255 2850 &

194 2874 296 2895 eorum
318 2865 407 2895 Sociis
429 2864 636 2895 Mercatoribus
658 2863 757 2901 Regni
781 2862 884 2902 nostri,
909 2871 1023 2892 necnon
1044 2859 1174 2890 Waltero
1197 2858 1258 2889 Fle-

199 2903 287 2932 menk
316 2903 384 2934 Civi
403 2904 437 2934 &
466 2903 619 2933 Mercatori
641 2902 736 2932 nostro
756 2901 887 2932 Civitatis
914 2899 1015 2930 nostrae
1036 2898 1164 2929 Eborum
1189 2920 1199 2935 ,
1221 2896 1257 2928 de

195 2940 325 2979 dampnis
337 2943 368 2973 ὃ(
382 2941 496 2980 jaeturis
508 2942 571 3010 ipsis
584 2941 704 2971 Civibus
721 2940 927 2971 Mercatoribus
947 2949 994 2976 per
1009 2939 1139 2968 homines
1155 2937 1190 2967 de
1205 2946 1257 2974 po-

194 2978 289 3021 testate
304 2980 391 3011 vestra
405 2981 484 3011 illatis
501 2982 509 3017 (
532 2991 548 3010 e
563 2980 661 3018 quibus
677 2980 736 3010 satis
749 2979 822 3010 clare
837 2979 869 3009 &
883 2977 990 3016 liquide
1010 2977 1092 3006 nobis
1110 2976 1143 3006 &
1156 2976 1257 3006 conci-

195 3017 236 3048 lio
249 3017 347 3061 nostro
361 3019 483 3057 constat,
500 3020 533 3049 ὃς
549 3028 612 3056 quae
627 3027 724 3048 coram
740 3018 821 3048 nobis
836 3019 865 3047 in
886 3017 962 3047 curia
982 3014 1075 3046 nostra
1091 3023 1139 3051 per
1155 3014 1256 3052 praefa-

195 3063 258 3086 tum
273 3055 401 3087 Militem
417 3057 538 3088 vestrum
552 3058 655 3087 fuerint
669 3057 815 3094 recognita
830 3056 863 3087 ὃ(
885 3052 1029 3091 conceffi)
1047 3053 1159 3083 interim
1181 3052 1256 3084 satis-

193 3093 270 3124 fieret
283 3104 490 3132 competenter:

215 3132 267 3177 ¹Et
281 3133 357 3177 quod
372 3133 405 3164 ad
420 3134 493 3163 diem
508 3134 677 3171 praeditfftum
693 3134 799 3172 aliquos
813 3133 848 3163 de
862 3132 1024 3163 hominibus
1044 3129 1157 3167 vestriS,
1178 3129 1255 3168 super

192 3171 355 3211 discordiiS,
372 3173 612 3214 contentionibus,
628 3174 661 3203 ὅ(
677 3173 868 3203 controversiis
881 3170 1024 3210 praeidistis
1038 3168 1204 3200 sufficienter
1212 3170 1255 3198 in-

194 3210 330 3255 strudms,
355 3211 389 3241 &
409 3211 480 3240 bene
503 3212 685 3249 informa-tm,
703 3221 771 3241 cum
798 3209 879 3249 plena
897 3211 930 3241 &
954 3208 1100 3239 sufficienti
1123 3206 1256 3244 potestate

193 3249 327 3293 &adtandi
340 3248 376 3279 de
389 3248 546 3279 concordia
559 3271 568 3286 ,
586 3257 615 3279 ut
630 3249 795 3286 praedictum
810 3249 868 3285 est,
886 3247 962 3286 super
979 3245 1185 3282 controversiis,
1203 3245 1256 3275 dis-

192 3288 297 3330 cordiis
307 3289 340 3319 &
356 3288 584 3318 contentionibus
599 3286 666 3324 illis,
683 3297 716 3317 ac
731 3288 935 3318 Satisfafflones
948 3288 981 3318 ὃς
995 3284 1129 3316 emendas
1142 3283 1256 3313 Merca-

193 3327 298 3356 toribus
314 3326 410 3363 Regni
425 3325 512 3356 nostri
528 3325 564 3356 de
581 3326 677 3363 bonis,
696 3326 730 3355 ab
750 3327 789 3356 eis
807 3326 916 3364 ablatis,
934 3323 1114 3362 dampnisque
1129 3322 1161 3352 &
1184 3322 1256 3359 inju-

191 3364 256 3402 riis,
275 3365 336 3402 ipsis
352 3375 399 3403 per
416 3365 545 3394 homines
559 3363 666 3394 vestros
681 3363 776 3401 illatis,
794 3373 875 3401 prout
889 3363 995 3402 justum
1010 3363 1098 3399 foret,
1115 3360 1254 3400 faciendi3

193 3412 306 3432 necnon
320 3402 526 3434 satisfactiones
543 3403 577 3434 ὃ(
590 3401 721 3433 emendas
736 3401 770 3432 de
785 3402 914 3439 dampnis
933 3403 966 3432 ὅ(
986 3402 1108 3441 injuriis,
1143 3408 1186 3429 une
1201 3398 1255 3429 ho-

192 3442 321 3485 minibus,
329 3441 424 3471 vestris
439 3451 485 3479 per
499 3442 629 3471 homines
643 3439 752 3470 nostros
767 3440 838 3470 illata
852 3439 978 3478 fuissent,
999 3440 1120 3477 recipien
1144 3438 1168 3475 ',
1187 3445 1253 3467 mo-

189 3477 374 3524 dis-omnibus
390 3481 543 3511 mitteretis:
563 3481 598 3509 ita
614 3479 690 3517 quod
704 3480 853 3515 negotium
867 3478 1034 3516 praedictum
1054 3488 1113 3508 nori
1130 3475 1198 3506 esset
1212 3475 1254 3505 ul-

189 3523 273 3560 terius
288 3528 488 3557 prorogatum,
508 3526 588 3556 prout
601 3518 687 3548 literae
702 3517 822 3556 nostrae,
839 3526 906 3547 tunc
922 3517 1002 3546 vobis
1016 3526 1064 3555 per
1084 3514 1252 3554 praedidium

189 3552 320 3584 Militem
334 3557 456 3587 vestrum
470 3557 536 3586 inde
554 3555 660 3594 missae,
676 3556 786 3593 plenius
799 3555 991 3586 continebant.

217 3592 278 3636 ‘Set
293 3603 343 3622 vos
356 3595 492 3633 praefatis,
507 3595 634 3625 &Valtero
650 3595 674 3624 le
693 3593 773 3632 Ken,
790 3594 835 3624 vel
855 3593 1004 3623 Richardo
1019 3593 1063 3623 W
1065 3592 1132 3630 ake,
1147 3590 1253 3630 Johan-

195 3641 224 3660 m
241 3630 357 3675 Vsxpe,
375 3642 419 3675 aut
443 3643 542 3664 eorum
564 3633 671 3671 Sociis,
688 3632 734 3662 vel
753 3633 839 3662 etiam
851 3632 982 3662 Waltero
1002 3631 1028 3661 le
1046 3631 1198 3670 Flemyng,
1216 3629 1252 3659 de

190 3669 320 3707 dampnis
335 3670 489 3712 &jacturis
504 3671 662 3709 praedietis,
682 3681 745 3708 quae
759 3670 818 3700 satis
832 3670 923 3707 clare,
940 3679 969 3701 ut
984 3670 1176 3708 praemittitur,
1194 3667 1251 3698 esse

187 3707 352 3746 noscuntur,
367 3717 442 3751 Juxta
452 3709 573 3740 formam
591 3709 803 3746 Prorogationis
818 3708 976 3748 praedietae,
994 3717 1023 3739 ut
1037 3717 1070 3738 ex
1085 3707 1192 3753 querela
1205 3706 1251 3743 ip-

186 3743 277 3812 §ztriim
297 3755 472 3786 accepimuS,
488 3747 605 3778 satisfieri
626 3758 686 3777 non
708 3746 828 3785 fecistis,
845 3746 882 3778 de
906 3757 963 3786 quo
981 3747 1134 3787 plurimum
1159 3744 1249 3775 admi-

252 3794 289 3813 ur.

230 3819 266 3850 Et
280 3821 344 3865 licet
359 3822 394 3852 ad
413 3833 464 3853 nos
478 3823 561 3862 usque
573 3823 859 3854 'Nestmonasterium
868 3846 878 3862 ,
896 3825 956 3854 cito
977 3821 1040 3860 post
1055 3831 1107 3853 tres
1122 3820 1252 3858 septima-

188 3866 237 3886 nas
250 3859 411 3897 praedietis,
429 3862 572 3898 praefatum
594 3861 719 3892 Militem
735 3861 876 3899 vestrum,
901 3862 933 3892 &
949 3861 1084 3899 quosdam
1098 3860 1165 3890 alios
1184 3858 1251 3889 Bur-

192 3895 289 3931 genses
304 3897 404 3927 vestros
417 3898 611 3941 transmiseritis
626 3910 679 3938 pro
694 3901 808 3939 negotio
824 3908 997 3937 memorato,
1013 3900 1089 3937 quta
1106 3896 1253 3936 praedicta-

190 3943 256 3976 rum
277 3933 430 3965 nostrarum
444 3940 644 3978 continentiam
665 3938 819 3968 literarum:
842 3939 875 3968 &
898 3938 975 3975 ipsis,
994 3946 1096 3968 coram
1119 3935 1200 3966 nobis
1221 3936 1252 3965 iri

188 3981 268 4001 curia
289 3970 576 4017 nostra‘consftitutiS,
600 3976 711 4012 plenam
727 3978 760 4007 ὃς
781 3975 900 4006 celerem
912 3975 1062 4014 justitiam,
1080 3984 1113 4005 ac
1134 3983 1252 4011 compe-

185 4017 275 4041 tentes
289 4009 322 4041 ὃς
344 4011 518 4047 rationabiles
532 4013 663 4044 emendas
683 4014 719 4045 de
737 4014 864 4052 dampnis
881 4015 915 4047 ὃ(
934 4014 1056 4052 injuriis,
1076 4012 1096 4044 si
1122 4021 1185 4051 quae
1204 4021 1253 4051 per

49 2398 182 2437 ι111.8.1,.

593 115 1394 169 CONVENTI-ONES,

1451 107 1841 159 LITERAE,

1277 196 1408 232 homines
1430 199 1541 230 nostros
1560 199 1632 230 illata
1645 197 1726 230 fuisse
1748 205 1890 237 appareret
1908 219 1918 235 ‚
1943 195 2127 234 optulerimus
2143 204 2196 227 nos
2212 191 2336 224 fa<sturos
2350 202 2360 231 3
2374 186 2451 221 An'n.
2464 185 2508 220 D.

1278 240 1348 271 dum
1364 248 1457 269 tamen
1472 238 1523 276 ipsi
1536 237 1572 267 de
1585 238 1668 268 dietis
1681 237 1827 276 dampnis,
1844 237 1925 268 claris
1945 236 1979 267 &
1994 236 2164 274 recognitis,
2184 233 2263 273 prius
2280 231 2356 263 satis·
2396 227 2480 268 1308-

1280 278 1403 310 facerent
1418 285 1448 307 ut
1466 276 1609 307 deberent.
2372 268 2442 294 ΗΜ
2461 275 2487 292 ²·

1322 316 1377 354 Ipsi
1388 325 1484 345 tamen
1500 314 1536 345 de
1548 313 1675 352 dampnis
1690 313 1830 352 praediffls
1844 313 1873 343 in
1890 311 1985 350 aliquo
1996 310 2164 350 satisfacere,
2181 309 2227 341 seu
2242 308 2277 339 de
2285 317 2357 339 cori-

1282 355 1379 385 cordia
1394 353 1471 391 supet
1485 352 1646 391 discordiis,
1664 352 1910 390 contentionibus,
1928 352 1962 382 δε
1982 350 2176 381 controversiis
2194 347 2355 387 praedietis,

1282 391 1463 435 reformanda
1478 391 1626 422 traditatum
1645 391 1691 421 vel
1713 391 1889 428 colloquium
1909 388 2075 428 nobiscum,
2092 388 2138 419 vel
2159 398 2228 419 cnm
2249 386 2301 416 illis
2317 385 2355 416 de

1284 430 1424 461 Concilio
1437 429 1535 460 nostro
1549 430 1653 460 habere
1669 439 1729 459 non
1745 430 1876 460 curarunt
1916 438 1932 457 a
1949 427 2043 458 nostra
2064 427 2150 458 Curia
2169 426 2256 458 taliter
2277 426 2356 455 rec‘e-

1285 468 1396 507 dendo,
1415 469 1445 512 iri
1459 467 1549 512 nostri
1569 477 1781 511 contemptum,
1799 467 1833 498 &
1852 450 2051 497 ivsercatorum
2072 466 2235 497 nostrorum
2253 462 2358 504 praedi-

1287 508 1401 538 &orum
1415 505 1593 544 dispendium
1606 506 1798 536 manifestum.

1325 545 1456 577 Vestram
1479 545 1564 587 igitur
1587 544 1756 575 Amicitiam
1779 543 1932 575 affeetuose
1955 543 2119 582 requirimus
2142 543 2176 575 &
2203 552 2356 582 rogamus,

1289 583 1576 627 quatenus.praeratis,
1592 582 1742 622 Waltero,
1761 581 1929 621 Richardo,
1943 581 2085 621 Johanni,
2103 582 2249 621 Waltero,
2264 581 2355 612 &eo-

1286 633 1350 654 rum
1366 622 1448 653 sociis
1466 621 1502 652 de
1515 621 1644 659 dampnis
1660 621 1692 652 &
1707 621 1817 659 jadfflris
1831 621 1881 651 suis
1899 620 2041 659 praedietis
2057 621 2113 651 fine
2137 620 2275 651 ulterioris
2287 619 2356 651 dila·-

1285 662 1372 692 tionis
1384 659 1526 699 diffugio,
1542 659 1663 691 satisfieri
1677 659 1802 699 faciatis,
1819 660 1856 690 ita
1877 659 1953 698 quod
1976 660 2007 689 in
2023 669 2129 690 vanum
2151 670 2211 690 non
2226 659 2356 690 laborent

1287 700 1402 731 ulterius
1419 708 1453 729 ex
1476 698 1530 729 hac
1542 699 1639 738 causi,
1657 699 1690 730 &
1705 698 1763 729 aliis
1779 698 1980 729 mercatoribus
1993 697 2029 728 de
2052 697 2160 736 Regno
2173 697 2286 736 nostro,
2305 698 2355 736 qui

1287 738 1433 783 ostendere
1445 737 1472 781 se
1486 746 1615 779 poterunt
1629 747 1679 775 per
1693 738 1821 767 homines
1835 735 1871 766 de
1884 735 2017 774 potestate
2030 736 2119 768 vestra
2131 737 2253 775 dampna
2265 738 2298 769 &
2312 739 2357 767 in-

1283 787 1367 821 jurias
1380 776 1530 820 recepisse,
1547 775 1624 814 super
1638 775 1765 813 dampnis
1779 775 1812 806 &
1831 775 1936 813 injuriis
1952 775 2004 804 illis
2018 775 2148 807 exhibere
2170 776 2261 806 velitis
2280 776 2356 807 cele-

1288 826 1324 846 ris
1337 814 1451 853 justinae
1462 815 1720 853 complementum:
1737 823 1788 844 nos
1802 814 1881 844 enim
1895 814 1982 851 parati
1994 813 2085 844 sumus
2097 815 2130 845 ὃ(
2144 815 2248 845 erimus
2259 816 2357 846 horni-

1289 855 1371 884 nibus
1383 854 1417 884 &
1438 851 1648 884 Mercatoribus
1665 852 1778 890 vestris,
1792 852 1828 882 de
1848 851 2013 883 hominibus
2035 851 2134 883 nostris
2154 855 2289 892 conqueri
2304 859 2358 884 vo-

1286 892 1421 930 lentibus,
1438 890 1549 929 plenam
1564 892 1597 922 &
1612 889 1735 933 celerem
1746 889 1880 928 justitiam
1892 890 2020 920 exhibere
2029 913 2038 929 ,
2056 891 2133 929 quod
2146 891 2309 924 hominibus
2321 894 2356 924 &

1289 930 1497 961 Mercatoribus
1512 929 1624 968 nostris,
1643 932 1662 958 si
1677 929 1801 968 placeat,
1819 928 1933 959 faciatis.

1322 969 1414 1013 ,Aliter
1435 977 1530 999 autem
1543 967 1684 1006 oportebit
1703 977 1754 998 nos
1769 976 1820 1006 pro
1842 967 2047 998 Mercatoribus
2067 967 2184 1006 nostris,
2209 969 2308 1006 quibus
2325 971 2357 1000 iri

1289 1007 1341 1077 guis
1351 1006 1430 1046 justis
1444 1007 1626 1046 petitionibus
1642 1005 1734 1037 deeffe
1749 1016 1807 1036 non
1822 1005 1980 1045 possumus,
1996 1006 2032 1036 de
2054 1006 2110 1037 alio
2124 1006 2250 1038 remedio
2263 1009 2359 1045 provi-

1310 1056 1356 1077 el'e
1365 1057 1371 1076 :

1290 1090 1308 1118 ὲ
1329 1084 1365 1129 Et
1389 1084 1457 1123 quid
1475 1084 1554 1123 super
1576 1082 1723 1122 praemiffis
1750 1082 1881 1119 duxeritis
1901 1082 2084 1122 faciendum,
2104 1084 2188 1115 nobis
2212 1082 2361 1115 rescribere

1289 1123 1379 1154 velitis
1392 1133 1440 1163 per
1456 1123 1635 1162 praesentium
1648 1123 1825 1164 portitorem.

1326 1203 1394 1235 Dat.
1408 1204 1482 1244 apud
1499 1202 1803 1242 westmonasterium,
1821 1212 1868 1244 24.
1883 1203 1930 1234 die
1947 1202 2032 1234 Maii.

1449 1330 1471 1350 '⁴‘
1504 1333 1563 1364 Pro
1585 1328 1732 1377 Johanne
1754 1329 1790 1363 de
1812 1328 1901 1371 Leek,
1913 1327 2184 1364 Commendatoria.
2377 1342 2510 1382 *111854

1289 1412 1424 1472 PAPAE
1447 1416 1511 1448 Rex
1523 1415 1626 1448 devota
1639 1414 1750 1447 Pedum
1764 1415 1856 1447 oscula
1870 1416 2024 1447 beatorum.
2373 1419 2450 1450 Anu.
2468 1411 2510 1451 D,

1386 1457 1483 1495 Licet,
1502 1466 1550 1494 per
1566 1456 1742 1494 frequentem
1754 1454 1908 1485 nostrarum
1924 1454 2074 1485 litterarum
2094 1452 2274 1494 missionem,
2291 1466 2357 1495 quas
2399 1459 2484 1498 1308.

1290 1494 1392 1527 vestrae
1407 1494 1575 1525 Clementiae
1592 1504 1644 1533 pro
1657 1492 1775 1524 Clericis
1790 1492 1888 1523 nostris
1900 1492 2010 1531 aliisque
2026 1493 2163 1524 benivolis
2179 1496 2358 1534 porrigimus,
2376 1501 2427 1526 Aa.
2447 1507 2472 1528 i.

1291 1534 1364 1572 saepe
1377 1534 1411 1565 &
1423 1533 1522 1572 saepii'is
1539 1543 1589 1564 vos
1609 1542 1759 1571 vexemus,
1776 1532 1813 1563 de
1832 1530 1932 1562 vestrae
1954 1541 2049 1562 tamen
2068 1531 2209 1564 affluentia
2229 1533 2359 1564 bonitatis
2376 1540 2404 1565 Ε.
2427 1546 2454 1563 2.

1292 1583 1380 1611 quam
1394 1571 1547 1610 plurimum
1562 1571 1734 1602 confidentes
1744 1594 1754 1610 ,
1772 1572 1800 1601 in
1815 1570 1884 1609 hiis,
1908 1580 1971 1608 quae
1991 1580 2044 1600 nos
2058 1570 2090 1600 &
2113 1570 2220 1602 nostros
2241 1582 2360 1603 concer-
2374 1579 2445 1603 Rom.
2458 1584 2482 1603 r.

1292 1619 1379 1649 nunt,
1395 1611 1428 1642 ὃ(
1445 1621 1508 1649 quae
1522 1610 1559 1641 de
1573 1609 1673 1641 vestrae
1687 1610 1807 1648 pendent
1820 1607 1990 1647 plenitudine
2044 1608 2162 1648 testatis,
2178 1610 2214 1640 ad
2228 1620 2361 1648 vos,tan-
2378 1617 2408 1641 E.
2423 1622 2450 1641 2.
2467 1622 2504 1642 m.

1293 1660 1389 1719 qugdngl
1400 1649 1435 1680 ad
1450 1648 1585 1688 singulare
1604 1648 1763 1688 refugium,
1782 1647 1854 1678 filiali
1875 1647 1984 1686 sumpta
2003 1618 2126 1687 ffiucia,
2142 1650 2307 1680 recurrimus
2327 1651 2361 1681 ὃς
2381 1660 2404 1680 ι.

1294 1698 1326 1719 m
1390 1698 1445 1719 am.

1333 1726 1514 1758 Attendentes
1534 1727 1626 1765 itaque
1641 1727 1709 1756 vitae
1724 1727 1875 1764 meritum,
1898 1735 2065 1764 morumque
2089 1725 2282 1765 honestatem,
2300 1728 2362 1766 qui-

1299 1766 1350 1796 bus
1371 1765 1488 1796 dilectus
1507 1765 1607 1804 nobis,
1621 1765 1760 1804 Johannes
1779 1764 1815 1794 de
1833 1764 1927 1803 Leek,
1943 1763 2156 1795 Elemosinarius
2175 1763 2287 1805 noster,
2304 1766 2361 1797 effe

1296 1804 1447 1835 dinoscitur
1469 1804 1622 1843 insignitus:
1650 1813 1763 1833 necnon
1782 1803 1888 1833 labores
1911 1802 1990 1833 multi
2010 1802 2093 1840 lices,
2119 1812 2203 1840 quos,
2220 1814 2236 1834 a
2256 1803 2362 1835 nostrae

1294 1844 1442 1881 primaevae
1455 1845 1540 1873 aetatis
1552 1842 1683 1880 exordio,
1703 1843 1732 1871 in
1744 1840 1840 1871 nostris
1849 1840 1929 1871 subiit
1941 1841 1983 1871 ob
1995 1842 2096 1879 equus,
2113 1841 2202 1878 digne
2218 1841 2360 1873 credimus

1293 1891 1377 1917 agere
1391 1882 1411 1912 si
1425 1890 1491 1912 vota
1505 1881 1584 1919 ipsius
1597 1881 1701 1911 votivis
1714 1880 1914 1921 praevmiamus
1934 1877 2095 1918 affectibus,
2116 1889 2286 1919 operamque
2301 1881 2361 1912 stu-

1293 1920 1399 1989 ‹lijosam
1412 1921 1607 1958 impendamus
1618 1928 1647 1950 ut
1660 1918 1699 1950 sui
1713 1918 1867 1949 commodi
1880 1918 1913 1949 &
1927 1917 2039 1949 honoris
2059 1919 2265 1950 incrementum
2280 1919 2361 1951 sedu-

1306 1970 1326 1989 0
1341 1969 1530 1997 procuremus.

1333 1998 1480 2067 roirca
1495 1995 1639 2027 SanEtitati
1655 1994 1754 2026 vestrae
1768 1994 1946 2026 devotissime
1962 1995 2162 2035 supplicamus,
2180 1997 2306 2035 quatinus
2319 1997 2362 2028 ei·-

1293 2036 1358 2066 dem
1396 2037 1482 2067 lerico
1499 2035 1617 2074 nostro,
1631 2034 1667 2065 de
1683 2034 1774 2065 vestra
1796 2034 1903 2065 liberali
1928 2034 2137 2074 munificentia,
2155 2036 2360 2073 dispensationis

1296 2076 1432 2114 gratiam,
1457 2075 1533 2113 juxta
1549 2073 1671 2104 formam
1687 2074 1826 2111 petitionis
1840 2073 1910 2111 suae,
1928 2083 2010 2111 quam
2030 2072 2136 2104 dileeto
2156 2074 2188 2105 &
2211 2073 2285 2104 fideli
2306 2084 2361 2104 no-

1296 2113 1370 2152 stro,
1388 2114 1538 2144 Amaneno
1552 2112 1589 2143 de
1611 2112 1733 2142 Lebreto
1753 2112 1968 2150 commisimus,
1983 2110 2083 2142 vestiae
2097 2110 2257 2143 Paternitati
2269 2114 2360 2151 porri-

1295 2153 1434 2190 gendam,
1453 2152 1487 2183 &
1499 2149 1679 2182 effeetuaiiter
1694 2149 1927 2190 prosequendam,
1943 2149 2034 2181 vestra
2047 2150 2177 2188 dignetur
2200 2151 2359 2182 concedere

1297 2190 1446 2221 Paternitas
1462 2189 1622 2221 reverenda.

1335 2228 1489 2264 Profecit),
1507 2227 1590 2258 Pater
1610 2226 1728 2265 Sancte,
1745 2227 1825 2265 hujus
1844 2236 1873 2257 re
1893 2227 2024 2257 uisitionis
2045 2227 2187 2258 exauditio
2212 2236 2289 2265 grata
2305 2238 2358 2260 no·

1295 2268 1338 2298 bis
1351 2269 1401 2299 erit
1414 2266 1573 2299 admodum
1587 2266 1620 2298 &
1634 2274 1765 2304 accepta,
1783 2265 1820 2304 si,
1837 2268 1886 2295 nos
1902 2266 1923 2296 ri
1943 2264 2176 2304 confideratione,
2192 2265 2359 2305 suorumque

1296 2307 1397 2337 intuitu
1412 2307 1593 2343 meritorum,
1610 2304 1687 2335 idem
1701 2304 1829 2335 Clericus
1842 2303 1899 2342 spei
1914 2303 1968 2334 suae
1981 2304 2010 2334 in
2025 2303 2077 2334 hac
2095 2313 2170 2342 parte
2181 2304 2306 2336 fructum
2320 2305 2360 2337 as-

1300 2345 1376 2383 sequi
1390 2344 1477 2375 valfflt
1492 2352 1675 2381 peroptatum.

1336 2383 1379 2414 Ad
1396 2385 1524 2421 regimen
1540 2381 1672 2413 Ecclesiae
1687 2380 1742 2412 sua:
1756 2380 1867 2412 sanctae
1880 2379 2060 2411 Sanffitatem
2072 2380 2196 2412 vestram
2211 2385 2357 2414 conservet

1296 2421 1451 2454 Altiffiinus
1462 2431 1511 2460 per
1525 2429 1653 2459 tempora
1666 2419 1793 2458 prospera
1808 2420 1841 2451 ὃ(
1852 2418 1994 2457 longaeva.

1299 2498 1409 2579 ¹3<gat.
1429 2497 1502 2538 apud
1528 2495 1816 2530 westmonasterium
1831 2519 1842 2537 ,
1874 2504 1921 2536 25.
1941 2496 1987 2527 die
2008 2495 2105 2537 Maii,
2135 2507 2210 2528 anno
2234 2496 2360 2529 Domini

1335 2668 1394 2700 Pro
1416 2666 1463 2700 A.
1487 2662 1670 2699 Patriarcha
1691 2662 1868 2712 Jerufizlem
1893 2665 1929 2701 ώ-
1953 2661 2090 2709 Epifiopo
2113 2661 2315 2706 Dunelmeffi.

1383 2750 1415 2782 X
1432 2751 1579 2788 omnibus,
1596 2750 1732 2796 adxquos,
1753 2749 1814 2780 &c.
1827 2748 1949 2779 salutem.
2059 2744 2064 2747 ’

1294 2754 1349 2833 R
1385 2791 1482 2821 Sciatis
1494 2789 1591 2828 quod,
1611 2798 1680 2819 curn
1695 2798 1780 2826 nuper
1793 2787 1994 2817 reddiderimus
2007 2784 2155 2816 venerabili
2177 2784 2249 2816 Patri
2265 2783 2357 2816 Anto-

1294 2837 1343 2857 nio
1364 2827 1528 2859 Patriarchae
1542 2826 1694 2867 Jerusalem
1708 2827 1741 2857 &
1761 2825 1902 2865 Episcopo
1917 2823 2099 2855 Dunelmensi
2120 2824 2276 2855 libertatem
2297 2823 2355 2855 Ec-

1295 2865 1383 2910 clesiae
1395 2867 1450 2898 suae
1464 2865 1659 2897 Dunelrnensis
1674 2864 1791 2902 (dudum
1805 2862 1969 2902 quibusdam
1983 2861 2019 2893 de
2031 2862 2114 2893 causis
2126 2870 2174 2900 per
2188 2861 2354 2894 Considera-

1294 2913 1402 2936 tionem
1421 2905 1534 2944 Curiae,
1560 2905 1674 2935 celebris
1693 2904 1862 2940 memoriae,
1882 2901 2008 2932 Domini
2026 2900 2158 2932 Edwardi
2171 2924 2182 2940 ,
2205 2901 2351 2940 quondam

1294 2943 1385 2982 Regis
1398 2943 1529 2982 Angliae,
1550 2942 1636 2973 Patris
1648 2941 1752 2980 nostri,
1769 2943 1798 2971 in
1811 2950 1927 2971 manum
1940 2938 2062 2977 eJ‘usdem
2083 2938 2169 2970 Patris
2185 2939 2274 2970 nostri
2289 2949 2356 2978 cap·
2371 2964 2392 2988 E

1294 2983 1364 3020 tam)
1384 2981 1542 3013 habendam
1558 2981 1609 3012 sibi
1627 2981 1660 3012 &
1675 2979 1882 3011 Successoribus
1904 2978 1970 3016 suis,
1987 2977 2133 3016 Episcopis
2156 2977 2352 3009 Dunelmensi-
2396 2981 2403 2987 '

2375 3008 2401 3026 2.

2369 2925 2428 2950 Par.
2445 2932 2468 2950 ι.

2424 2970 2449 2988 2.
2468 2966 2496 2998 p.

1293 3022 1358 3059 bus,
1376 3022 1409 3052 &
1423 3020 1555 3051 Ecclesiae
1567 3019 1621 3050 suae
1635 3017 1816 3049 Dunelmenii
1829 3018 2052 3055 imperpetuum,
2067 3016 2146 3047 salvis
2157 3017 2239 3047 nobis
2251 3017 2354 3048 &hae-
2420 3007 2458 3027 m*
2498 3017 2505 3024 '

1292 3060 1403 3090 redibus
1420 3058 1517 3089 nostris
1536 3058 1747 3096 cognitionibus
1762 3056 1795 3087 &
1810 3056 2033 3086 correctionibus
2046 3053 2219 3085 diversorum
2233 3054 2356 3086 Placito-

1293 3108 1356 3128 rum
1368 3099 1402 3130 &
1415 3097 1604 3137 querelarum,
1621 3096 1655 3127 &
1667 3095 1802 3133 aliorum,
1821 3094 1878 3125 tam
1892 3093 1996 3125 statum
2013 3092 2161 3131 nostrum,
2184 3093 2267 3132 quam
2288 3093 2357 3124 alio-

1295 3147 1360 3167 rum
1374 3137 1549 3174 tangentium
1559 3147 1569 3174 3

1332 3174 1413 3213 Nos,
1428 3174 1551 3205 volentes
1565 3172 1658 3204 eidem
1673 3170 1838 3202 Patriarchae
1851 3170 1885 3202 &
1899 3168 2040 3208 Episcopo
2056 3170 2171 3207 gratiam
2191 3170 2356 3200 uberiorem

1292 3213 1384 3244 facere
1399 3215 1429 3243 in
1443 3213 1495 3243 hac
1508 3220 1600 3250 parte,
1617 3210 1762 3248 volumus,
1780 3211 1813 3239 &
1830 3209 2016 3240 concedimus
2052 3208 2110 3238 uod
2124 3208 2179 3245 ipse
2198 3208 2354 3239 libertatem

1294 3252 1458 3289 predictam
1474 3251 1571 3281 habeat
1594 3251 1626 3280 &
1650 3255 1740 3279 teneat
1756 3248 1805 3278 sibi
1831 3248 1865 3279 &
1885 3245 2043 3278 Successori
2064 3256 2094 3276 us
2112 3245 2164 3277 suis
2176 3269 2186 3285 ,
2210 3245 2357 3284 Episcopis

1296 3288 1545 3334 Dunelmensibus,
1562 3288 1596 3318 &
1609 3286 1742 3331 Ecclesiae
1753 3286 1807 3317 suae
1821 3285 1982 3329 praedidtae,
2001 3283 2073 3315 adeo
2086 3285 2195 3322 integre
2211 3284 2279 3316 ficut
2292 3295 2359 3315 eam

1293 3329 1388 3359 habuit
1407 3328 1440 3358 &
1456 3335 1542 3358 tenuit
1562 3334 1625 3356 ante
1643 3324 1814 3363 Captionem
1835 3323 2040 3362 supradictam
2062 3322 2136 3353 salva
2157 3331 2252 3353 tamen
2272 3323 2356 3353 nobis

1291 3367 1464 3436 saar
1499 3360 2357 3402 ΨΜ

1292 3454 1359 3512 (ΝΞ
1369 3453 1419 3487 nos
1433 3413 1567 3511 τξῐῖεὲἷζιῃῑ,
1583 3441 1628 3472 seu
1640 3448 1754 3478 tangere
1768 3446 1911 3480 poterunt,
1931 3437 2054 3469 similiter
2067 3408 2356 3469 ngzisffalrliissuenam,

1373 3491 1467 3520 quuS‚
1516 3490 1542 3511 c.

1327 3556 1416 3589 Teste
1431 3556 1516 3596 Rege
1531 3555 1603 3595 apud
1621 3555 1758 3597 Wyndes.
1775 3565 1824 3595 27.
1841 3554 1887 3586 die
1905 3553 1988 3586 Maii.

1818 3634 1873 3663 Per
1887 3631 1971 3662 breve
1983 3630 2015 3661 de
2022 3632 2139 3669 privato
2153 3627 2252 3667 Sigillo.

1516 3775 1564 3807 De
1591 3772 1814 3818 Conceffionibus
1834 3772 1912 3806 disto
1936 3769 2131 3807 Patriarchae.

2368 3812 2444 3845 Ann.
2462 3812 2505 3846 D,

1289 3860 1409 3920 REX
1428 3860 1562 3890 omnibus
1576 3860 1610 3890 ad
1624 3870 1710 3899 quos,
1727 3859 1787 3890 ὅτε.
1805 3858 1925 3889 salutem.
2390 3853 2476 3893 1308.

1398 3899 1495 3929 Sciatis
1512 3898 1608 3936 quod,
2368 3894 2422 3919 An.
2441 3900 2466 3918 i.

1326 3936 1421 3976 Cum,
1444 3936 1559 3967 celebris
1578 3935 1750 3987 Memoriae,
1769 3934 1913 3965 Dominus
1935 3928 2102 3968 Edwardus‚
2119 3929 2264 3968 quondam
2281 3926 2351 3959 Rex
2369 3933 2400 3956 Ε.
2421 3937 2448 3956 2.

1289 3974 1421 4013 Angliae,
1438 3973 1521 4005 Pater
1540 3972 1650 4012 noster,
1668 3975 1699 4006 in
1716 3973 1804 4005 „uria
1818 3972 1865 4003 sua
1885 3978 1981 4013 coram
1995 3967 2072 4007 ips0‚
2090 3978 2138 4006 per
2156 3967 2352 3999 consideratio-
2373 3970 2433 3994 Par.
2453 3976 2476 3994 ι.

1288 4023 1357 4045 nem
1372 4012 1494 4053 ejusdem
1507 4010 1622 4051 Curiae,
1637 4020 1724 4050 nuper
1746 4010 1919 4048 recuperavit
1937 4005 2062 4048 seisinam
2075 4006 2153 4039 suam
2167 4006 2204 4038 de
2220 4005 2361 4075 Maner‘iss
2375 4008 2447 4072 1:1³„
2463 4010 2490 4069 ps.
