2570 4261
733 127 843 167 ET
927 123 1196 170 ACTA

1279 125 1747 171 PUBLICA.

2259 143 2335 187 1932

27 203 105 236 Ann-
115 205 156 237 D.
172 218 224 240 cos
246 209 281 240 &
301 207 435 240 Rebelles
448 209 576 249 nostros,
594 211 628 242 ad
644 221 743 242 eorum
757 213 891 245 malitiam
906 215 939 246 &
960 216 1148 254 proterviam,
1166 222 1237 243 curn
1282 211 1383 242 nostro
1396 213 1550 244 oriundum
1560 238 1568 253 ,
1586 215 1653 245 citra
1667 214 1769 246 instans
1785 214 1954 247 Concilium
1967 210 2112 257 generale,
2129 214 2164 249 ad
2177 216 2340 250 Cardinala-
2361 219 2435 250 Anii.
2446 220 2484 251 D

54 253 139 284 1311.

27 287 95 313 sav.
117 294 143 314 ι.

41 1513 60 1532 ⁸
71 1514 128 1542 111.

42 1561 108 1589 ²7²-

38 1927 118 1962 ‘Ana
127 1928 168 1961 D.

62 1976 149 2010 1311⁴>

39 2049 71 2074 Ε.
89 2028 120 2075 ἰ.

40 2086 155 2121 Rota&

22 2139 25 2141 ·
40 2126 83 2152 Fr.
101 2132 129 2162 5.

42 2166 75 2189 Ε.
95 2174 122 2192 a..
137 2173 174 2192 m.

39 2209 88 2238 23.

41 3469 120 3503 Ann.
134 3470 176 3502 D.

66 3519 152 3551 1311.

41 3553 99 3578 An.
116 3558 141 3586 5.

41 3591 74 3616 E.
94 3597 122 3618 2.

174 247 233 278 Dei
248 248 404 287 adjutorio,
422 248 539 279 finaliter
551 250 753 287 reprimendas:

212 286 267 324 Et,
286 287 351 323 quia
362 287 502 325 expeditio
538 288 652 319 raediCta
666 289 818 326 specialiter
830 290 928 322 insidet
947 291 1031 321 nobis
1051 290 1147 328 cordi,
1167 290 1236 319 sicut

173 325 271 356 vestro
284 325 318 355 &
330 326 449 356 aliorum
466 325 520 356 fide
531 328 591 356 ium
605 327 770 357 nostrorum
791 329 924 359 cordibus
944 330 1084 359 credimus
1100 328 1234 364 inlidere,

174 374 227 395 vos
241 364 343 393 iterato
356 362 512 394 affectuose
525 366 691 402 requirimus
705 366 738 396 ὅ(
752 377 785 396 ro
804 376 899 404 amus,
917 368 1047 404 quatinus
1061 368 1139 404 equis
1152 368 1236 397 &ar—

172 403 245 439 mis,
264 400 323 431 tarn
345 410 398 439 pro
422 402 537 441 nostro,
555 404 642 441 quam
663 413 715 441 pro
737 407 784 433 vei
801 414 833 434 ro
857 406 985 444 honore,
1003 414 1111 443 quanto
1130 406 1236 434 decen-
1257 412 1264 422 ·

172 441 228 471 titis
242 440 275 470 &
290 441 430 476 potentius
445 443 588 478 poteritis,
603 443 719 478 muniti,
740 444 836 473 venire
855 443 889 472 ad
910 444 997 474 dietas
1018 452 1107 481 partes
1129 443 1235 473 Scotiae

170 477 323 515 festinetis,
341 479 378 507 ita
398 478 477 516 quod
496 480 550 509 fitis
570 480 643 517 apud
665 479 771 510 diffitam
791 480 894 510 Villam
913 482 949 511 de
970 481 1164 518 Rokesburgh
1177 504 1187 519 ,
1204 482 1234 510 in

173 515 261 547 Festo
276 516 348 545 beati
361 516 438 546 Petri
453 517 488 546 ad
499 518 770 556 vincula,proximo
784 518 938 557 futur0,ad
952 520 1235 559 ultimum,pr0mpti

174 555 210 586 &
224 554 310 594 parati
323 553 358 584 ad
372 554 609 593 proficiscendum
622 556 723 586 exinde
740 565 841 586 contra
852 557 989 588 Inimicos
1011 557 1123 588 nostros
1143 558 1236 595 supra-

174 593 285 630 dictos-3
303 592 337 623 &
351 592 426 631 hoc,
445 593 515 625 sicut
528 604 598 632 nos,
617 594 651 624 ὃς
664 594 808 624 honorem
822 596 968 634 nostrum,
986 598 1019 627 ὃς
1041 596 1184 633 vestrum,
1201 605 1234 626 ac

178 631 275 670 Regni
289 629 378 662 nostri
391 631 587 663 commodum
602 631 714 670 diligitis
723 656 733 671 ,
751 633 830 664 nullo
844 635 935 665 modo
948 636 1091 665 omittatis.

178 707 304 785 d'ssleslss
322 707 406 748 Rege
426 707 500 745 apud
521 707 706 748 Berewycum
726 709 806 750 super
828 710 988 749 Twedam,
1003 711 1120 742 decimo
1137 718 1237 750 quarto

199 756 225 776 ie
252 756 307 777 uii.

690 826 744 855 Per
758 827 852 856 Breve
866 826 898 856 de
906 828 1022 866 privato
1038 825 1136 864 Sigillo.

301 900 415 931 Eodem
431 896 523 932 modo
537 901 702 933 mandatum
718 901 759 932 est
770 902 944 943 subscriptis,
962 902 1113 942 videlicet,

180 977 298 1008 Roberto
307 977 339 1007 de
354 977 490 1018 Chffivrd,

179 1019 293 1054 Pagano
307 1016 436 1057 Tybetot,

182 1054 312 1094 Johanni
324 1056 356 1085 de
371 1059 508 1094 Segrave,

182 1092 319 1124 Nicholao
333 1094 365 1124 de
378 1097 514 1133 Segrave,

184 1131 315 1170 Johanni
332 1132 363 1162 de
377 1131 558 1172 Crumbwell,

185 1170 302 1200 Roberto
315 1171 347 1200 de
361 1173 459 1200 Monte
472 1170 544 1200 Alto
554 1194 565 1210 ,

183 1207 334 1239 Theobaldo
348 1209 379 1238 de
395 1209 520 1246 Verdun,

186 1249 230 1276 W
231 1246 340 1277 illielmo
354 1247 386 1276 a'e
399 1247 547 1286 Brewasa,

185 1284 337 1315 Willielmo
351 1284 380 1314 la
394 1284 498 1324 Zusthe

185 1323 294 1354 Thomae
308 1324 340 1354 de
355 1322 493 1353 Furnival
512 1346 522 1362 ,

185 1363 269 1391 Petro
282 1362 314 1391 de
329 1360 408 1391 Malo
423 1364 501 1392 Lacu
510 1385 520 1400 ,

186 1399 294 1431 Thomae
308 1400 339 1430 de
355 1399 467 1430 Multon
487 1401 519 1429 de
534 1399 700 1441 Gillzssand,

187 1439 364 1468 Marmeduco
379 1439 411 1468 de
426 1441 477 1468 Tw
494 1449 545 1478 ng,

190 1476 327 1507 Nicholao
341 1476 372 1506 de
389 1480 466 1506 Meni
478 1476 505 1515 l,

189 1516 208 1535 ἦ*
229 1515 330 1545 Miloni
342 1515 373 1544 de
387 1515 526 1553 stapelton
534 1539 545 1555 ‚

189 1555 307 1584 Henrico
313 1551 376 1595 filio
389 1557 527 1592 Hugonis,

187 1591 321 1632 Johanni
335 1592 367 1622 αἰ,
379 1592 543 1632 Clavering,

188 1630 331 1670 Ranulpho
346 1632 378 1661 de
393 1630 512 1671 Nevill,

190 1669 312 1709 Philippo
323 1670 358 1701 vde
372 1672 459 1711 Kyme
467 1692 478 1709 ,

732 979 838 1009 Thomae
853 980 885 1008 de
897 978 1009 1010 Multon
1025 979 1057 1009 de
1069 979 1243 1018 Egremund,

731 1018 868 1048 Richardo
874 1017 936 1058 filio
949 1018 1141 1057 Marmaa'uci,

733 1056 829 1086 Alana
844 1056 873 1085 la
888 1055 1008 1095 Zusthe,

734 1094 856 1124 Waltero
869 1095 902 1124 de
914 1095 1126 1135 Faucumberge‚

735 1135 778 1162 W
777 1132 884 1162 illielmo
895 1134 995 1163 Tachet
1002 1157 1013 1173 ,

735 1171 849 1201 Roberto
866 1172 896 1201 de
911 1174 1011 1202 SanHo
1024 1171 1177 1240 gubuino,

734 1208 865 1247 Johanni
878 1211 910 1239 de
921 1213 1027 1251 LancaJ
1044 1210 1087 1240 rid
1095 1232 1106 1248 ,

737 1248 887 1285 Ingelramo
897 1249 928 1277 de
943 1252 968 1279 G
964 1260 1032 1289 ynes
1038 1272 1050 1288 ,

736 1287 879 1317 Edwardo
895 1288 1003 1317 Burnel
1008 1312 1017 1325 ,

737 1325 869 1355 Nicholao
885 1325 916 1354 de
931 1326 1056 1364 Menles,

737 1363 865 1402 Johanni
879 1364 911 1393 de
925 1368 1019 1404 Gray,

738 1401 871 1433 Richardo
885 1403 918 1432 de
933 1405 1027 1442 Gray‚

739 1440 868 1479 Johanni
881 1440 908 1469 la
925 1443 1024 1479 lVare,

741 1478 837 1509 Alana
849 1478 982 1509 Plukenet
991 1502 1001 1518 ,

741 1516 870 1556 Johanni
882 1517 914 1547 de
930 1517 1066 1556 Mouhray
1074 1541 1085 1556 ,

743 1554 871 1594 Johanni
884 1559 1028 1596 Marmyon
1035 1581 1045 1594 ,

740 1593 844 1623 Thomae
859 1595 891 1624 de
903 1593 1085 1633 Richemund,

739 1631 855 1663 Roherto
868 1633 900 1663 de
915 1631 1053 1673 Wylghby.

190 1790 249 1826 Ad
264 1793 382 1838 Papam
400 1790 482 1840 quod
494 1792 607 1840 aliquis
624 1790 769 1826 Nationis
786 1793 959 1841 Anglicanae
978 1791 1023 1827 ad
1038 1791 1252 1826 Cardinalatus

248 1927 307 1960 ΑΡ
316 1920 359 1959 AE
385 1921 452 1959 Rex
465 1927 568 1959 devota
582 1926 690 1966 pedum
703 1928 797 1960 oscula
811 1928 972 1960 beatorum.

543 1844 733 1889 Dignitatem
748 1842 892 1877 elevetur.

190 1926 239 1990 P
259 1967 350 1998 More
370 1966 543 1998 devotiffimi
564 1966 638 2007 filii,
661 1967 744 1998 Pater
755 1967 951 2006 Sandtiffime,
969 1967 1131 1998 inducimur
1144 1974 1176 1997 ut
1189 1974 1253 2006 gra-

189 2006 292 2036 tiarum
313 2006 440 2036 actiones
454 2005 622 2042 multiplices
645 2005 747 2036 vestrae
761 2006 926 2036 beatitudini
943 2006 1149 2044 persolvamus,
1167 2014 1202 2035 ex
1216 2013 1253 2035 eo

215 2045 272 2075 uod
295 2044 329 2074 ad
351 2055 381 2074 ea
396 2067 405 2082 ‚
430 2054 494 2082 quae
512 2043 618 2075 honori
640 2045 672 2075 δε
696 2045 857 2074 utilitatibus
877 2044 978 2075 nostris
999 2045 1200 2081 convenerint,
1218 2052 1252 2073 ac

223 2092 298 2122 egno
318 2082 417 2113 nostro
436 2081 603 2120 expediunt,
622 2082 710 2113 studia
731 2082 858 2113 Paternae
879 2083 1069 2113 sollicitudinis
1090 2082 1251 2125 applicatis:

191 2120 250 2152 hoc
272 2129 367 2152 autern
385 2119 526 2152 evidentia
544 2121 610 2152 faeti
633 2121 775 2159 palpamus
793 2144 803 2160 ,
828 2123 861 2152 ὃς
876 2131 997 2159 operum
1011 2120 1182 2159 experientia
1194 2120 1254 2150 satis

191 2167 284 2200 patet,
301 2159 372 2190 dum
381 2182 391 2198 ,
408 2160 496 2190 bonae
508 2161 672 2198 memoriae,
691 2160 818 2190 Fratrem
831 2160 982 2190 Thomam
991 2160 1064 2198 Jorz
1078 2159 1233 2198 Anglicum
1242 2181 1252 2197 ,

189 2200 219 2231 in
233 2198 416 2229 Cardinalem
429 2197 520 2229 vestra
535 2198 661 2236 praefecit
676 2198 849 2236 providentia
864 2198 1029 2236 paternalis,
1047 2207 1081 2228 ex
1095 2201 1254 2241 cujusrprae-

189 2237 322 2268 fectionis
343 2236 421 2267 fama
441 2236 572 2267 nostrum
582 2260 592 2275 ,
609 2238 643 2268 &
658 2237 791 2267 omnium
803 2236 890 2266 corda
907 2236 1070 2267 Incolarum
1085 2235 1184 2274 Regni
1199 2245 1254 2279 no-

190 2275 259 2314 stri,
274 2275 430 2305 admirabili
448 2274 623 2304 exultationis
643 2275 746 2313 gaudio
768 2275 944 2312 replebantur
959 2297 970 2314 ,
996 2285 1028 2305 ac
1045 2275 1146 2313 nobiS,
1164 2275 1197 2306 &
1213 2283 1258 2304 ei·

187 2314 256 2344 dem
271 2314 375 2353 Regno
387 2320 546 2342 accreverat
559 2313 668 2351 grandis
680 2312 782 2343 honor.

226 2351 296 2382 Nos
311 2353 413 2392 igitur,
428 2351 566 2388 sperantes
580 2350 675 2388 quod,
694 2360 742 2388 per
757 2350 979 2388 affurnptionem
992 2351 1106 2390 alicujus
1120 2348 1250 2394 honestae

186 2390 331 2429 personae,
348 2388 384 2419 de
399 2389 507 2425 Regno
521 2388 620 2418 nostro
635 2388 747 2428 Angli-„e
760 2389 907 2427 oriundae,
926 2390 962 2420 ad
975 2389 1171 2420 Cardinalatus
1194 2398 1252 2425 api—

187 2438 273 2467 cem,
288 2429 321 2460 &
334 2429 363 2458 in
376 2426 565 2458 sollicitudinis
580 2425 681 2457 vestrae
696 2436 804 2466 partem
814 2449 824 2466 ,
845 2428 990 2459 universali
1004 2427 1139 2458 Ecclesiae
1161 2428 1252 2470 (cujus

188 2468 324 2504 regimini
341 2490 351 2504 ‚
376 2466 541 2504 disponente
561 2464 696 2496 Domino
708 2488 719 2505 ,
743 2465 910 2504 praefidens,
929 2466 1062 2505 cujusque
1075 2476 1135 2504 pars
1150 2466 1253 2496 nobilis

190 2504 320 2537 Eccleiia
339 2505 400 2536 fore
420 2504 574 2535 dinoscitur
596 2504 765 2541 Anglicana)
787 2504 926 2543 nobisque
940 2528 951 2543 ,
975 2515 1008 2536 ac
1030 2503 1138 2542 Regno
1152 2503 1253 2534 nostro

190 2543 311 2575 honoris
325 2542 472 2581 cumulus,
490 2543 523 2574 &
535 2544 711 2573 incrementa
725 2543 840 2573 salubria
852 2551 987 2581 poterunt
1001 2545 1170 2582 provenire,

229 2582 361 2613 Vestram
381 2580 573 2612 Clementiam
588 2581 697 2611 devotis
715 2582 847 2620 precibus
866 2591 1030 2621 exoramus,
1048 2582 1177 2621 quatinus
1188 2580 1254 2612 soli—

188 2628 229 2653 'tae
244 2621 422 2658 benignitatis
435 2620 572 2650 affectum
585 2628 650 2658 erga
663 2621 774 2659 n05,&
793 2620 929 2658 Regnum
942 2620 1070 2651 nostrum
1084 2621 1255 2651 continuan-

190 2668 249 2699 tes,
266 2659 287 2690 si
300 2660 407 2697 placet,
425 2658 549 2696 aliquem
562 2657 719 2695 Anglicum
732 2658 767 2689 ad
781 2656 976 2690 Cardinalatfis
992 2659 1171 2699 Dignitatem
1185 2681 1196 2697 ‚
1214 2659 1255 2688 ci-

190 2706 234 2729 tra
247 2697 349 2729 instans
363 2696 530 2728 Concilium
543 2696 670 2737 generale
683 2696 820 2728 assumere
841 2696 972 2735 dignetur
992 2697 1144 2729 Paternitas
1164 2696 1256 2729 vestra

192 2736 249 2767 San
305 2749 311 2754 ·

230 2737 388 2806 Perkgsertim
401 2783 471 2805 curn
483 2773 642 2812 hujusmodi
656 2775 760 2805 creatio
774 2773 821 2805 seu
835 2773 1045 2816 assumptio,in
1057 2783 1114 2806 tam
1130 2774 1255 2812 solemp-

191 2814 223 2844 ni
238 2812 319 2844 Cleri
336 2815 370 2845 &
385 2812 490 2851 Populi
513 2814 741 2851 convocatione,
758 2813 860 2853 nobis,
878 2815 912 2845 &
927 2814 1008 2844 dieto
1022 2813 1130 2851 Regno
1143 2814 1178 2845 ad
1193 2822 1255 2844 non

191 2852 343 2883 modicum
358 2851 470 2883 cederet
484 2850 677 2882 commodum
691 2853 724 2882 ὃς
737 2852 891 2882 honorem.

230 2888 333 2922 Preces
351 2892 439 2928 vero,
457 2900 524 2928 quas
541 2890 605 2920 alias
629 2890 712 2920 vobis
726 2913 735 2927 ,
760 2889 789 2920 su
811 2900 839 2920 er
853 2891 911 2921 hoc
928 2913 938 2929 ,
954 2899 1002 2928 per
1015 2890 1117 2921 litteras
1129 2889 1254 2928 nostras,

191 2935 248 2967 pro
270 2929 354 2959 fratre
364 2928 498 2966 Johanne
518 2928 554 2958 de
570 2928 715 2966 Lenham,
734 2927 779 2958 Or
800 2930 851 2959 inis
866 2929 1110 2967 Praedtcarorum,
1127 2928 1253 2959 Confes-

192 2967 256 2998 sore
273 2966 390 3005 nostro,
408 2967 591 2997 meminimus
603 2976 656 2997 nos
670 2966 783 3006 fecisse,
800 2967 834 2997 ad
849 2966 951 2998 vestrae
967 2967 1122 2998 sanctitatis
1137 2977 1252 2998 merno-

193 3006 267 3036 riam
285 3004 420 3036 reducere
439 3005 552 3043 velitis,
575 3005 664 3042 ipsum
686 3006 799 3036 fratrem
816 3006 981 3043 Johannem
1003 3007 1093 3044 (cujus
1106 3007 1255 3045 promotio

190 3044 345 3082 specialiter
367 3042 466 3074 insidet
489 3042 571 3074 cordi
591 3043 703 3081 nostro)
721 3044 766 3074 vel
783 3069 793 3083 ,
811 3045 831 3074 ii
846 3044 882 3075 de
893 3044 952 3082 ipso
967 3046 1051 3076 v'obis
1065 3055 1124 3075 non
1141 3045 1252 3082 placue-

185 3084 247 3121 rrit,
264 3082 386 3120 aliquem
398 3082 484 3112 alium
498 3081 535 3112 de
547 3080 643 3111 nostra
658 3081 785 3112 Natione
800 3082 974 3123 Anglicana,
991 3083 1081 3114 nosti-i
1096 3084 1192 3123 Regni
1208 3085 1252 3114 in-

192 3121 284 3158 tuitu,
299 3120 334 3151 ad
348 3120 451 3151 statum
464 3119 624 3159 hujusmodi
636 3121 846 3158 promovendo.

231 3157 409 3198 Conservet,
427 3159 487 3190 &o

229 3235 299 3266 Dat.
318 3235 391 3274 apud
404 3235 588 3278 Berewycum
601 3236 682 3276 super
699 3237 860 3278 Twedam,
878 3239 1013 3271 vicesimo
1026 3238 1074 3270 die
1082 3238 1159 3278 Julii.

412 3376 471 3411 Ad
488 3376 663 3411 Cardinales
670 3378 763 3425 ficper
774 3379 897 3426 praefato
912 3384 1036 3428 negotio.

264 3473 330 3506 EX
355 3474 514 3505 Venerabili
529 3477 557 3505 in
577 3475 696 3506 Christo
711 3476 807 3515 Patri,
826 3476 862 3507 A.
877 3477 967 3509 Tituli
982 3479 1092 3510 Sanitae
1108 3478 1211 3511 Mariae
1224 3480 1253 3512 in

276 3513 393 3544 Porticu
408 3512 544 3544 Diacono
559 3513 718 3554 Cardinali,
738 3517 831 3546 amico
847 3515 897 3546 suo
909 3517 1068 3554 cariffimo,
1086 3518 1223 3549 salutem·

233 3550 363 3589 Expertae
383 3552 516 3582 bonitatis
536 3552 676 3583 affluentia
691 3577 700 3591 ,
725 3563 810 3592 quam
832 3553 865 3584 ad
887 3554 974 3585 nostri
996 3556 1030 3587 ὃ(
1053 3555 1150 3593 Regni
1164 3558 1252 3589 nostri

194 3590 388 3621 commodum
408 3591 442 3620 &
464 3591 605 3621 honorem
629 3591 726 3630 saepius
747 3593 931 3631 praetendistis
944 3618 952 3631 ,
972 3604 1056 3631 prout
1071 3605 1120 3632 per
1132 3605 1252 3633 operum

41 3630 116 3654 Rom.
142 3624 176 3659 ό·
194 3630 395 3667 experientiam
408 3638 465 3659 tam
479 3629 537 3659 satis
552 3630 655 3669 liquet,
671 3641 726 3674 nos
739 3633 841 3662 excitat
855 3633 1017 3670 propensius
1027 3633 1060 3664 &
1074 3633 1200 3673 inducit,
1221 3644 1252 3667 ut

44 3667 132 3701 rv.5.

44 3705 76 3729 ΣΕ.
100 3711 127 3728 2.
141 3711 177 3730 m.

46 3748 93 3777 ²3·
106 3739 132 3768 d.

46 3944 64 3962 ‘
81 3944 137 3973 111.

48 3991 113 4020 ²73·

195 3668 224 3697 in
238 3668 305 3705 hiis,
319 3677 385 3706 qiiae
395 3666 525 3697 nostrum
539 3678 570 3698 ac
584 3668 678 3708 Regni
691 3670 779 3699 nostri
794 3670 936 3700 honorem
958 3672 991 3702 ὃ(
1011 3672 1157 3702 utilitatem
1178 3679 1253 3704 con-

192 3715 329 3744 cernunt,
344 3705 465 3736 vestram
479 3706 639 3744 frequenter
653 3708 880 3738 benevolentiam
893 3710 1053 3742 excitemus.

230 3744 377 3782 Sperantes
390 3745 483 3782 itaque
498 3744 578 3782 quod
588 3768 597 3784 ,
616 3755 665 3782 per
676 3746 898 3784 assumptionem
917 3748 1030 3787 alicujus
1044 3748 1172 3780 honestae
1187 3759 1250 3788 per-

193 3782 288 3821 sonae,
303 3781 340 3813 de
355 3782 462 3820 Regno
474 3782 575 3813 nostro
591 3784 701 3823 Angli-ae
716 3784 864 3823 oriundae,
880 3784 916 3814 ad
931 3785 1124 3818 cardinalatus
1137 3789 1248 3826 apicem

192 3821 228 3851 ὃ(
247 3821 389 3851 honorem
405 3845 414 3859 ,
439 3821 584 3851 universali
603 3821 738 3853 Eccleiiae
766 3824 844 3861 cujus
859 3833 920 3861 pars
933 3825 1034 3855 nobilis
1050 3825 1175 3856 Ecclesia
1189 3827 1251 3857 fore

192 3857 348 3889 dinoscitur
370 3859 535 3899 Anglicana)
557 3861 693 3898 nobisque
712 3871 744 3891 ac
792 3871 867 3898 egno
880 3862 980 3893 nostro
993 3864 1107 3895 honoris
1121 3866 1251 3896 cumulus

194 3897 228 3928 δί
244 3897 418 3928 incrementa
431 3898 544 3928 salubria
560 3908 692 3935 porerunt
706 3900 873 3938 provenire,

233 3934 253 3954 *ἱ*
274 3933 406 3965 Vestram
422 3938 575 3967 amicitiani
592 3945 721 3976 rogamus
733 3946 850 3976 attente,
870 3939 998 3977 quatinus
1009 3950 1072 3981 erga
1085 3939 1251 3973 Dominum
1279 3955 1282 3958 ⁴

195 3971 350 4003 Summum
366 3973 537 4005 Pontificem
547 3998 556 4013 ,
575 3977 621 4005 cui
637 3975 716 4013 super
729 3978 787 4007 hoc
802 3977 944 4016 dirigimus
965 3989 1052 4023 'reces
1066 3979 1190 4019 nostras,
1208 3981 1251 4011 iii-

196 4018 346 4081 terffppger}
366 4013 468 4082 {5151}
474 4013 625 4047 efficaciter
641 4024 730 4054 partes
750 4014 855 4047 vestras
865 4038 877 4055 ,
894 4025 926 4049 ut
972 4027 1075 4057 quem,
1090 4017 1128 4051 de
1141 4016 1253 4060 Regno

1278 250 1324 280 tus
1338 251 1404 280 velit
1418 252 1555 282 assumere
1571 252 1755 292 Dignitatem.
2374 267 2460 298 1311.

1320 288 1528 326 Reputarernus
1544 293 1649 321 etenim
1664 302 1716 321 nos
1732 292 1765 322 &
1778 292 1883 323 incolas
1892 292 1987 333 Regni
1996 293 2085 325 nostri
2096 294 2338 333 quamplurimum
2354 299 2419 327 Edv.
2438 302 2466 324 2.

1279 326 1453 365 honoratos,
1472 329 1490 357 si
1502 329 1598 366 aliquis
1613 329 1650 359 de
1663 331 1765 360 eodem
1780 330 1827 361 Re
1841 342 1885 362 ⁴no
1901 354 1911 370 ,
1929 334 1957 362 in
1972 333 2048 363 tanta
2057 357 2067 372 ,
2086 335 2119 365 &
2133 342 2193 364 tam
2205 333 2338 372 sollemp-

1277 366 1308 394 ni
1323 366 1530 396 convocatione
1546 366 1626 397 Cleri
1639 369 1672 399 &
1684 367 1804 407 Populi,
1823 372 1833 399 1
1863 378 1926 400 tum
1940 370 2098 402 hu'usmodi
2112 373 2261 409 optineret.

1316 402 1370 440 Et,
1388 405 1450 440 quia
1464 414 1516 441 pro
1531 405 1614 435 fratre
1623 405 1754 443 johanne
1766 406 1802 436 de
1812 407 1960 446 Lenham,
2003 408 2088 445 rdinis,
2098 409 2338 447 Praedicatorum5

1278 439 1449 484 Consessore
1462 443 1579 481 nostro,
1597 444 1674 482 cujus
1687 446 1834 482 promotio
1848 446 2004 485 plurimum
2021 447 2119 478 inlidet
2130 449 2212 478 cordi
2224 447 2341 487 nostrO,

1278 484 1397 516 praelato
1418 480 1540 511 Summo
1560 481 1694 512 Pontifici
1708 505 1717 520 ,
1735 490 1765 512 ut
1778 483 1869 520 ipsum
1885 485 1912 513 in
1928 483 2112 517 Cardinaletn
2127 486 2265 517 assumere
2276 486 2340 523 diga·

1278 526 1408 555 naretur,
1427 518 1492 548 alias
1502 519 1665 550 litteratorie
1679 520 1831 551 direximus
1846 529 1941 559 preces
1952 522 2076 562 nostras,

1318 555 1448 586 Vestram
1471 558 1698 588 benevolentiam
1719 560 1888 598 excitamus,
1907 562 2051 601 quatinus,
2069 570 2100 593 ut
2111 562 2188 592 idem
2200 561 2340 593 Summus

1278 592 1412 624 Pontifex
1427 595 1549 625 eundem
1564 596 1850 634 fratremjohannem
1861 621 1870 636 ,
1888 598 1951 636 vel,
1970 599 1990 629 fi
2005 599 2041 629 de
2054 600 2112 638 ipso
2128 601 2183 630 suae
2204 610 2264 630 non
2280 600 2339 638 pla-

1278 633 1367 661 cuerit
1381 633 1539 671 Saniititati,
1557 634 1678 672 aliquem
1691 635 1792 679 aliurn,
1806 635 1842 666 de
1856 635 1951 666 nostra
1963 636 2093 668 Natione
2106 638 2285 676 Anglicana,
2302 637 2337 669 ad

1279 668 1383 713 statum
1400 671 1558 708 hujusmodi
1573 682 1759 712 promoveat,
1776 667 1877 705 instare
1896 677 1998 706 curetis
2012 685 2081 707 cuin
2094 676 2221 715 effectu,
2238 676 2342 707 nostris

1278 709 1410 745 precibus
1424 710 1457 740 ὃς
1471 720 1578 740 amore.

1317 781 1386 813 Dat.
1404 784 1476 822 apud
1492 784 1678 826 Berewycum
1693 787 1772 826 super
1786 787 1948 828 Twedam,
1964 789 2100 821 vicesimo
2114 789 2160 821 die
2170 790 2248 829 Julii.

1452 860 1567 892 Eodem
1582 863 1674 894 modo
1687 863 1814 895 scribitur
1828 864 2004 905 subscripti33
2021 866 2167 906 videlicet,

1319 937 1486 1004 D‘ffin‘JB'
1504 938 1590 968 Tituli
1603 941 1762 970 Sanstorum
1775 939 1916 979 Johannis
1933 940 1972 977 ό
1986 943 2069 974 Pauli
2081 966 2093 983 ,
2110 942 2261 974 Presbitero
2274 946 2343 981 Cari,

1323 986 1446 1044 Dorlnzzol
1455 1000 1485 1044 P.
1505 1015 1538 1045 de
1551 1014 1711 1054 Columpna,
1729 1019 1851 1047 Diacono
1865 1017 2025 1058 cardinali,

1322 1055 1438 1081 Domino
1452 1056 1485 1082 R.
1505 1055 1612 1084 Sanc‘lae
1629 1057 1732 1084 Mariae
1746 1058 1855 1094 Novae,
1874 1059 1995 1087 Diacono
2008 1057 2165 1097 cardinali,

1322 1092 1437 1158 Domirlta
1458 1093 1501 1121 W.
1516 1095 1611 1122 Sancti
1628 1092 1757 1123 Nicholai
1775 1097 1804 1124 in
1818 1098 1931 1125 earcere
1943 1094 2068 1125 Tulliano
2083 1119 2093 1135 ,
2113 1099 2233 1128 Dracone
2245 1097 2343 1134 Carfin-

1322 1140 1481 1197 Dchln22F.
1495 1170 1603 1198 Sandlae
1616 1172 1721 1199 Mariae
1733 1173 1763 1200 in
1778 1169 1932 1212 Cosmeab'n,
1950 1163 2072 1202 Diacolto
2083 1171 2240 1212 cardinali,

1322 1208 1440 1236 Domino
1456 1209 1504 1237 W.
1519 1207 1607 1237 Tituli
1619 1209 1715 1238 Sanffl
1731 1209 1874 1249 Marcelli,
1893 1210 2046 1241 presbitero
2057 1210 2210 1241 Cardinali.

2373 1453 2451 1486 Ann.
2462 1447 2504 1484 Di

1289 1333 1348 1364 Pro
1365 1328 1507 1378 Johanne
1529 1330 1566 1367 de
1586 1330 1685 1375 Leek,
1709 1332 1746 1366 de
1762 1334 1980 1379 renunciando,
2005 1348 2066 1383 quae
2072 1335 2148 1382 fiant
2164 1335 2248 1384 Juri
2259 1336 2350 1368 Coro-

1360 1463 1426 1495 EX
1451 1463 1556 1496 dileeto
1578 1464 1695 1498 Clerico
1716 1468 1767 1499 suo
1780 1490 1790 1507 ‚

1695 1393 1734 1414 nae
1741 1383 1972 1430 praejudicialia.

1289 1464 1352 1526 R
1691 1507 1695 1512 ι
1816 1467 1958 1538 Mffistro
1979 1469 2108 1501 Ricardo
2127 1470 2163 1501 de
2177 1469 2351 1514 Haveryng,
2392 1501 2478 1534 1311·

1288 1502 1851 1583 chrepitssiztsssesssassrffiasssa50
1907 1516 2000 1547 “¹2⁰2
2018 1509 2052 1540 ἃ
2065 1507 2281 1540 masta
2296 1509 2351 1539 As*
2374 1538 2428 1562 An·
2442 1540 2472 1569 r-

1324 1578 1408 1610 Cum
1427 1580 1574 1611 Dominus
1594 1582 1730 1614 Summus
1744 1583 1878 1614 Pontifex
1890 1609 1900 1623 ,
1918 1583 2046 1616 Ecclesia
2061 1584 2230 1617 Dublinenfi
2245 1583 2347 1623 praedi-
2372 1577 2405 1600 E.
2426 1582 2452 1599 ²·

1290 1617 1339 1648 &a
1358 1628 1447 1662 nuper
1495 1628 1544 1656 per
1564 1620 1780 1659 resignationem
1800 1622 1940 1662 vestram,
1956 1625 1986 1654 in
2003 1624 2225 1662 manibusipiius
2236 1624 2349 1655 Summi
2370 1615 2429 1640 ¹²³⁸·
2445 1617 2472 1646 5⁴

1290 1655 1440 1687 Pontificis
1451 1642 1569 1695 sadum,
1587 1668 1722 1698 vacante,
1738 1659 1831 1691 eidem
1847 1660 1983 1693 Ecclesiae
1996 1661 2033 1693 de
2048 1662 2153 1693 diledm
2165 1661 2283 1694 Clerico
2296 1672 2350 1693 no·
2380 1653 2412 1678 E.
2426 1658 2452 1676 ²·
2464 1653 2482 1684 Ρ
2508 1687 2510 1689 >

1291 1694 1369 1733 stro,
1382 1695 1516 1733 Johanne
1529 1695 1567 1726 de
1582 1696 1660 1736 Lek,
1679 1706 1748 1729 tunc
1759 1697 1913 1730 Canonico
1931 1700 2143 1740 Dunkeldensi,
2160 1701 2270 1732 duxerit
2284 1711 2353 1740 pro·
2380 1697 2403 1716 ¹·
2416 1696 2453 1716 η’·
2463 1693 2507 1720 ²⁴*

1292 1732 1451 1764 videndum
1463 1758 1474 1773 ,
1492 1734 1639 1773 ipsumque
1658 1738 1687 1766 iri
1710 1737 1770 1768 loci
1791 1737 1862 1768 illius
1875 1738 2132 1777 Archiepiscopum
2147 1739 2304 1778 praefecerit
2317 1740 2351 1770 &

1291 1770 1457 1815 Pastorem,
1475 1773 1543 1803 sicut
1564 1783 1613 1811 per
1633 1774 1724 1806 literas
1737 1775 1819 1813 ipsius
1834 1775 1947 1808 Summi
1959 1777 2107 1809 Pontificis
2121 1778 2251 1817 bullatas,
2269 1776 2354 1810 nobis

1292 1809 1360 1840 inde
1375 1810 1510 1850 directas,
1528 1813 1610 1842 nobis
1626 1812 1754 1852 constat,

1331 1848 1418 1887 Nos,
1437 1849 1502 1880 licet
1515 1851 1544 1879 in
1556 1849 1652 1881 litteris
1666 1851 1806 1889 praedietis
1818 1852 1925 1892 aliqua,
1943 1854 2027 1885 nobis
2040 1856 2074 1886 &
2084 1854 2148 1893 Juri
2156 1854 2286 1887 Coronae
2299 1865 2354 1886 no-

1293 1886 1358 1918 strae
1377 1888 1571 1926 praejudicialia
1584 1912 1594 1926 ,
1613 1890 1827 1930 contineantur,
1866 1901 1961 1930 ropter
1975 1902 2040 1931 quae
2051 1894 2216 1931 temporalia
2233 1894 2354 1924 Arci-rie-

1293 1925 1453 1964 piscopatfis
1472 1926 1600 1964 praedicti
1619 1929 1649 1958 in
1668 1938 1787 1960 manum
1801 1940 1840 1960 no
1868 1940 1928 1960 ram
1941 1931 2086 1969 poffemus
2100 1933 2297 1963 rationabiliter
2309 1942 2354 1963 re-

1292 1966 1396 2003 tinere,
1413 1965 1454 1995 ob
1468 1965 1615 2003 specialem
1635 1974 1732 1997 tamen
1746 1966 1951 2008 affecitionem,
1969 1978 2055 2008 quam
2067 1969 2101 2000 ad
2116 1970 2263 2009 personam
2278 1980 2352 2009 prae-

1295 2002 1343 2033 fati
1354 2002 1489 2040 Johannis
1504 2005 1643 2044 gerimus,
1659 2006 1692 2036 ὃς
1723 2005 1837 2036 effimus
1853 2017 1868 2037 a
1875 2007 2001 2046 jamdiu:
2022 2018 2055 2039 ac
2071 2019 2125 2047 pro
2140 2018 2176 2039 eo
2191 2008 2270 2048 quod
2285 2009 2354 2040 Ma-

1295 2040 1382 2085 gister
1403 2042 1576 2073 Willielmus
1595 2042 1631 2072 de
1652 2014 1782 2083 Briffor„
1801 2044 1972 2077 Procurator
1985 2047 2275 2085 praeditftiJohannis,
2294 2047 2355 2084 spe-

1297 2079 1398 2110 cialem
1413 2080 1518 2110 habens
1531 2080 1566 2111 ad
1580 2080 1640 2111 hoc
1653 2082 1822 2119 potestatem
1831 2107 1840 2121 ,
1855 2084 2008 2123 omnibuS,
2027 2086 2126 2124 nobis,
2144 2086 2177 2117 ὃ(
2188 2085 2205 2124 J
2209 2088 2251 2117 uri
2265 2084 2362 2116 Coro-

1293 2127 1340 2148 nae
1353 2117 1458 2148 nostrae
1470 2118 1703 2157 praejudicialibus
1719 2120 1748 2151 in
1763 2121 1838 2152 dicta
1851 2121 1928 2153 Bulla
1943 2125 2101 2163 contentis,
2119 2126 2239 2154 nomine
2252 2124 2361 2155 Domi-

1294 2158 1325 2186 ni
1343 2157 1382 2186 sui
1402 2157 1531 2194 praediffi
1544 2182 1554 2195 ,
1572 2160 1695 2189 omnino
1708 2161 1896 2200 renuntiavit,
1913 2163 1947 2193 &
1960 2161 2083 2192 eundern
2097 2162 2263 2193 Dominum
2276 2162 2359 2193 suum

1296 2194 1402 2225 nostrae
1422 2196 1518 2235 gratiae
1536 2196 1660 2227 submisit
1675 2199 1797 2229 totaliter
1814 2200 1843 2229 in
1862 2198 1915 2230 hac
1932 2209 2010 2238 parte
2026 2223 2036 2239 ,
2053 2201 2181 2231 volentes
2199 2201 2294 2231 eidem
2303 2200 2358 2238 Jo-

1295 2233 1382 2263 hanni
1394 2235 1513 2272 gratiam
1528 2234 1620 2264 facere
1640 2234 1808 2275 specialem,
1825 2236 1989 2269 fidelitatem
2007 2239 2090 2277 ipsius
2119 2239 2255 2277 ohannis,
2275 2238 2362 2269 nobis

1295 2269 1420 2302 debitam
1434 2273 1463 2302 in
1475 2272 1528 2302 hac
1542 2282 1635 2311 parte,
1654 2273 1740 2312 usque
1755 2274 1789 2306 ad
1804 2274 1958 2308 adventurn
1973 2277 2055 2308 suum
2071 2287 2086 2307 a
2121 2286 2209 2314 partes
2224 2277 2359 2315 Angliae‚

1294 2309 1426 2340 duximus
1446 2310 1674 2348 respecstuandam
1692 2336 1701 2349 ,
1721 2314 1754 2342 &
1769 2315 1933 2351 temporalia
1949 2313 2217 2353 Archiepiscopati‘is
2227 2315 2356 2353 praediffi

1295 2347 1467 2379 restituimus
1482 2349 1575 2380 eidem
1590 2349 1626 2379 de
1638 2349 1726 2388 gratia
1739 2351 1832 2382 nostra
1845 2352 1961 2389 speciali.

1331 2386 1370 2417 Et
1387 2387 1452 2417 ideo
1475 2388 1556 2417 vobis
1577 2389 1743 2419 mandamus
1759 2413 1768 2427 ,
1791 2391 1870 2428 quod
1884 2390 1976 2421 eidem
1992 2390 2235 2431 Archiepiscopo‚
2249 2391 2296 2423 vel
2310 2391 2355 2435 ip·-
2372 2409 2374 2411 ·

1298 2424 1352 2455 fius
1373 2423 1556 2456 Procuratori
1574 2426 1619 2456 seu
1644 2426 1797 2458 Attornato
1812 2450 1821 2466 ‚
1840 2429 2004 2470 temporalia
2017 2430 2171 2470 praediffl,
2188 2439 2260 2462 curn
2273 2438 2360 2469 perti-

1296 2464 1398 2494 nentiis
1407 2487 1417 2501 ,
1434 2463 1554 2495 liberetis
1568 2465 1597 2495 in
1610 2464 1706 2496 forma
1717 2465 1864 2504 praedicis.

1332 2539 1423 2571 Teste
1439 2539 1522 2580 Rege
1537 2540 1611 2579 apud
1626 2540 1813 2583 Berevvycum
1828 2543 1908 2583 super
1919 2543 2082 2585 Twedarn,
2100 2553 2149 2576 20.
2167 2544 2215 2577 die
2223 2543 2302 2584 Julii.

1298 2616 1353 2678 E
1365 2616 1588 2662 Tamandatum
1610 2618 1651 2649 est
1673 2618 1815 2665 Militibus
1827 2643 1847 2665 ³.
1863 2620 1956 2652 liberis
1978 2619 2162 2665 hominibus,
2178 2622 2213 2654 &
2223 2621 2361 2668 omnibus

1374 2655 1446 2694 aliis,
1464 2656 1640 2688 Tenentibus
1658 2656 1695 2687 de
1714 2657 1964 2698 Archiepiscopatu
1983 2658 2140 2699 praedieto,
2161 2659 2241 2699 quod
2260 2662 2356 2693 eidem

1291 2693 1435 2734 Johanni,
1453 2703 1588 2733 tanquam
1607 2695 1833 2736 Archiepiscopo
1856 2698 1891 2730 ὃς
1915 2698 2051 2729 Domino
2072 2698 2141 2738 suo,
2159 2700 2189 2730 in
2204 2700 2360 2739 omnibus,

1296 2741 1360 2771 quae
1380 2732 1414 2763 ad
1428 2733 1711 2773 Archiepiscopatum
1727 2735 1808 2766 illurn
1829 2738 1988 2776 pertinent,
2005 2736 2182 2770 intendentes
2196 2739 2250 2770 sint
2264 2739 2299 2771 &
2311 2748 2358 2770 re-

1294 2772 1478 2810 spondentes,
1497 2772 1566 2804 sicut
1579 2772 1747 2811 praedictum
1761 2773 1811 2806 est.

1333 2809 1368 2840 In
1381 2811 1478 2850 cujus,
1497 2812 1559 2843 &c.

1334 2885 1425 2918 Teste
1442 2897 1474 2919 ut
1487 2887 1575 2927 supra.

1298 2974 1392 3035 ET
1411 2974 1575 3006 mandatum
1591 2975 1632 3007 est
1645 2975 1916 3018 JohanniWogan,
1930 2977 2092 3016 Justiciario
2105 2977 2360 3020 Hiberniae‚quod

1375 3014 1493 3055 praefato
1514 3014 1741 3055 Archiepiscopo
1754 3039 1764 3056 ,
1790 3017 1836 3048 vel
1859 3018 1915 3056 ejus
1931 3017 2129 3064 Procuratori,
2147 3018 2192 3050 seu
2206 3019 2360 3051 Attornato

1294 3053 1324 3082 in
1340 3051 1392 3095 hac
1409 3062 1503 3092 parte,
1520 3053 1705 3092 Temporalia
1719 3055 1985 3095 Archiepiscopatfis
1998 3057 2127 3097 praedicti
2139 3057 2240 3090 liberet
2249 3057 2359 3090 haben-

1295 3089 1329 3121 da
1343 3099 1372 3120 in
1386 3090 1482 3121 forma
1495 3091 1639 3131 praedista.

1331 3125 1419 3160 Teste
1436 3138 1466 3160 ut
1479 3130 1568 3168 supra.

1296 3272 1324 3299 *ἒ
1352 3270 1411 3305 Ad
1434 3274 1550 3319 Papam
1578 3273 1766 3318 excusatoria
1781 3285 1837 3320 pro
1861 3276 2000 3323 Epifiopo
2022 3276 2126 3310 Sanbli
2143 3274 2271 3310 Andreae
2285 3299 2298 3320 ,
2321 3288 2358 3311 ne
2380 3279 2397 3297 *¹
2416 3279 2475 3311 nn

1510 3322 1650 3354 Generali
1669 3323 1797 3355 Concilio
1808 3325 2004 3370 persbnaliter
2019 3324 2142 3367 interfit.
2378 3327 2442 3356 ²74·

1295 3405 1343 3468 P
1352 3406 1407 3437 ΑΡ
1417 3405 1458 3436 AE
1484 3405 1551 3436 Rex
1564 3405 1668 3438 devota
1677 3407 1787 3452 pedum
1802 3408 1896 3439 oscula
1912 3410 2071 3439 beatorum.

1382 3444 1464 3475 Dum
1477 3446 1626 3476 innumera
1639 3455 1796 3477 animarum
1810 3446 1948 3484 pericula,
1957 3457 2022 3485 quae
2037 3456 2071 3477 ex
2084 3447 2144 3478 dira
2151 3455 2352 3486 guerraecoma

1294 3485 1425 3515 motione
1446 3484 1476 3512 in
1494 3482 1567 3514 terra
1588 3483 1685 3515 nostra
1697 3483 1818 3523 Scotiae,
1834 3484 1986 3522 instigante
2003 3485 2120 3516 humani
2132 3489 2239 3526 generis
2250 3487 2352 3519 Inimi-

1293 3531 1349 3560 co,
1368 3521 1511 3560 praeteritis
1531 3524 1708 3560 temporibus
1731 3530 1909 3561 evenerunt,
1934 3524 2049 3554 interius
2068 3525 2262 3563 recensemus,
2279 3527 2353 3558 inter

2373 3420 2508 3455 Ann.D.'

2395 3469 2482 3502 1311¹

2373 3503 2426 3528 Aa.
2445 3509 2473 3537 5·

1293 3570 1405 3592 caeteras
1417 3559 1630 3597 sollicitudines,
1650 3561 1734 3590 nobis
1755 3561 1952 3592 incumbentes
1967 3584 1976 3600 ,
2001 3561 2035 3592 ad
2050 3562 2106 3593 hoc
2120 3562 2234 3595 nostros
2248 3565 2351 3603 specia-
2370 3543 2489 3611 goma&

1291 3600 1353 3630 liter
1377 3597 1521 3637 dirigimus
1535 3597 1673 3636 cogitatus
1687 3621 1697 3636 ,
1715 3607 1747 3629 ut
1761 3598 1920 3637 hujusmodi
1934 3600 2065 3638 periculis
2075 3601 2233 3633 animarum
2248 3604 2353 3635 obvie-
2369 3618 2402 3642 17,-
2430 3624 2450 3652 5

1290 3646 1336 3668 tur
1370 3639 1402 3668 &
1417 3637 1551 3668 securitati
1565 3637 1663 3677 populi
1678 3637 1767 3667 nostri
1782 3646 1863 3667 terrae
1876 3639 2019 3676 praedictae
2033 3639 2118 3669 tutius
2133 3639 2325 3679 prospiciatur.
2372 3638 2442 3683 12⁸2.
2455 3662 2498 3684 m

1330 3661 1409 3706 Cum
1424 3676 1517 3712 itaque
1529 3675 1683 3706 venerabili
1702 3676 1732 3705 in
1748 3673 1867 3706 Christo
1889 3675 1988 3715 Patri,
2007 3677 2060 3707 W.
2079 3677 2137 3708 Dei
2158 3679 2264 3718 gratia,
2281 3679 2352 3718 Epi-
2372 3700 2419 3720 ῃ,

1293 3714 1382 3752 scopo
1403 3712 1498 3744 Saneti
1513 3713 1637 3744 Andreae
1649 3735 1659 3752 ,
1676 3714 1755 3752 cujus
1770 3713 2013 3746 exhortationibus
2027 3715 2109 3747 Gens
2121 3716 2272 3748 Scoticana
2288 3719 2350 3756 plus

1292 3752 1345 3782 hiis
1363 3751 1459 3781 diebus
1481 3752 1590 3782 caeteris
1610 3751 1789 3789 adquiescens
1825 3762 1875 3790 per
1894 3753 1984 3793 ipsum
2017 3762 2048 3784 ut
2062 3755 2078 3784 s
2091 3763 2201 3785 eramus
2214 3755 2350 3789 salubrius

1292 3790 1376 3827 dirigi
1389 3790 1492 3827 poterit
1506 3791 1535 3820 in
1548 3790 1693 3828 praesenti,
1709 3790 1787 3822 diver
1799 3800 1814 3820 a
1825 3793 1937 3830 negotia
1949 3802 1978 3822 ar
1999 3801 2033 3822 ua
2094 3802 2172 3823 atum
2187 3802 2270 3824 terrae
2296 3804 2350 3826 rae-

1293 3829 1395 3867 dietae,
1413 3829 1446 3859 &
1462 3829 1603 3866 praecipue
1613 3829 1874 3867 tranquilitatem&
1887 3829 2012 3868 quietem
2024 3816 2129 3869 Ifopuii
2141 3831 2264 3870 q’usdem
2303 3843 2350 3864 er-

1294 3877 1334 3898 rae
1347 3867 1502 3905 tangentia,
1520 3867 1628 3897 ibidem
1640 3867 1803 3905 exequenda
1814 3868 1848 3898 &
1860 3868 2058 3905 promovenda
2072 3893 2082 3907 ‚
2099 3869 2148 3900 diu
2161 3869 2222 3909 est,
2239 3869 2350 3903 duxeri-

1294 3915 1357 3936 mus
1366 3904 1610 3935 committendum
1617 3929 1626 3943 ,

1331 3942 1491 3981 Eidemque
1510 3952 1579 3973 tunc
1602 3944 1805 3981 injunxerimus
1823 3952 1854 3975 ut
1867 3966 1878 3983 ,
1902 3951 2016 3991 propter
2036 3946 2159 3985 pericula
2171 3947 2348 3988 animarumj

1314 3991 1357 4012 uae
1373 3992 1421 4020 per
1433 3981 1582 4011 absentiam
1595 3982 1672 4012 suam
1683 3983 1719 4012 ab
1731 3981 1829 4012 eadem
1843 3992 1934 4022 terra,
1950 3984 2031 4023 quod
2045 3985 2115 4019 absit
2126 4009 2138 4025 ,
2154 3988 2269 4020 evenire
2280 3996 2348 4025 pos-

1303 4030 1366 4060 ent,
1383 4021 1412 4053 se
1422 4019 1524 4053 abinde
1536 4020 1571 4052 ad
1583 4028 1673 4059 partes
1684 4020 1748 4055 alias
1759 4030 1828 4090 ῃοῐὲ
1835 4020 1968 4091 (ἕνεκα,
2281 4056 2365 4095 W?
