2570 4261
856 157 899 199 O
1008 159 1055 200 M
1163 157 1182 198 I

6 294 124 336 §an
146 328 252 360 Litora
277 325 321 359 ad
342 329 469 359 Ericum
491 330 597 373 Regem
619 327 781 373 Noru'egiae
804 327 836 360 de
860 330 969 362 Milite
987 356 997 371 ‚
1029 335 1081 376 qui
1106 330 1207 381 Guydo

295 374 330 408 a'e
345 375 500 419 Montfort
518 375 567 421 effe
575 375 767 421 fitspicatttr,
791 374 901 409 ibidem
917 376 1069 420 arrestata.

121 486 128 492 ,
147 457 357 530 MAgnifico
372 458 514 497 Principi,
531 459 564 490 ὅ(
581 459 686 490 Amico
705 459 752 490 suo
774 460 932 500 carissimo,
951 461 1084 493 Domino
1104 463 1208 502 Erico,

237 497 295 528 Dei
311 497 417 536 gratis,
433 497 511 535 Regi
526 498 696 534 Norwagiae
711 498 821 536 illustri,
840 499 1008 537 Edwardus,
1028 501 1127 531 eadem
1144 512 1208 536 gra-

84 563 91 569 ,
150 535 206 574 tia,
225 535 289 566 Rex
308 535 441 574 Angliae,
459 535 604 566 Dominus
625 535 784 574 Hiberniae,
803 539 836 567 ὃς
860 537 927 568 Dux
950 538 1124 578 Aquitaniae,
1141 540 1208 571 salu-

149 583 227 612 tem,
245 583 313 604 cum
324 573 435 604 sincerae
448 573 606 604 dileetionis
622 575 760 605 continuis
774 576 959 606 incrementis

188 611 337 643 Referente
351 612 433 642 nobis
445 611 574 649 religioso
587 612 650 641 viro
663 611 743 642 fratre
756 612 900 644 Richardo
915 615 1024 645 Abbate
1043 615 1079 645 de
1094 616 1163 655 Lysa
1180 618 1210 646 in

151 650 307 690 Norwagia
323 673 333 688 ,
358 651 511 680 didicimus
529 649 605 688 quod
627 660 677 679 vos
690 673 699 688 ,
714 651 754 681 ob
770 653 951 682 reverentiam
964 652 1104 692 nostram,
1121 656 1154 685 &
1172 656 1212 684 ob

153 688 338 720 affectionem
360 687 507 728 specialem
523 710 533 726 ,
559 697 643 725 quam
660 688 749 725 ipsum
763 689 870 720 sacrum
884 701 950 727 erga
965 701 1015 721 nos
1030 693 1142 731 probat,
1161 703 1212 722 vos

153 728 272 767 habere,
288 737 375 764 nuper
386 725 511 757 arrestari
525 725 630 756 fecistis
643 726 781 764 quendam
796 727 921 758 Militem
930 751 940 767 ,
960 739 1013 766 pro
1024 739 1059 759 eo
1075 730 1214 768 quodipse

152 767 284 797 inimicus
298 765 389 795 noster
403 763 511 804 Guydo
532 764 568 794 de
590 763 761 807 Monteforti
781 766 836 796 elle
859 765 1022 806 suspicatur,
1038 767 1117 805 super
1140 779 1214 811 quo,

151 803 312 843 hujusmodi
325 803 434 834 fafitum
447 801 571 834 vestrum
589 802 742 841 plurimum
754 805 1002 843 commendantes,
1020 808 1100 838 vobis
1117 810 1216 838 reterre

151 843 280 874 duximus
295 850 411 877 magnas
423 849 516 880 grates.

228 882 272 911 uia
286 889 319 909 ex
334 880 390 909 hoc
411 879 527 910 lucidius
549 880 654 917 experti
669 879 777 917 sumus,
794 879 869 918 quod
882 891 932 910 vos
946 881 976 910 in
991 883 1062 912 votis
1077 885 1168 919 geritis
1183 883 1216 913 il-

154 918 202 950 lud
236 918 373 949 ileffionis
388 917 496 956 foedus,
513 915 589 957 quod
600 918 652 948 fuit
667 919 737 948 inter
751 928 802 948 nos
816 920 849 949 &
867 919 973 949 inclitae
995 923 1142 951 memoriae
1158 922 1217 952 Re-

155 967 226 995 gem
243 957 404 994 genitorem
419 956 541 986 vestrum
550 979 559 994 ,
574 957 605 986 'm
621 955 695 986 vesta
708 955 820 993 persona
834 959 925 994 operis
938 958 1107 989 exhibitione
1126 962 1217 990 conti-

156 1005 240 1026 nuare
255 996 288 1026 ὃ(
302 994 457 1033 complere,
474 994 578 1032 nosque
592 1004 625 1024 ex
636 995 704 1036 alioc
725 996 806 1031 proni
821 996 853 1026 &
868 997 991 1033 prompti
1002 997 1058 1027 esse
1072 998 1218 1037 volumus,

157 1043 192 1064 ex
208 1042 284 1072 parte
300 1033 407 1071 nostrii,
424 1032 581 1070 hujusmodi
600 1032 785 1062 affectionem
805 1034 838 1064 &
852 1034 1035 1064 dilestionem
1049 1035 1169 1066 vestram
1187 1039 1218 1067 in

157 1072 228 1110 hiis,
248 1082 312 1110 quae
325 1071 485 1110 poffumus,
506 1070 603 1101 mutua
614 1070 799 1102 vicissitudine
812 1071 987 1103 libentiffime
1001 1074 1188 1111 compensare.

197 1111 348 1150 Qiocirca
362 1109 485 1147 Regiam
498 1109 707 1139 Gratitudinem
722 1108 848 1140 duximus
856 1110 1058 1148 deprecandam
1068 1135 1077 1150 ,
1095 1114 1219 1150 quatinus

161 1148 289 1180 Militem
304 1148 413 1187 ipsum,
431 1148 450 1178 si
461 1147 553 1178 adhuc
572 1148 603 1177 in
623 1147 755 1185 potestate
776 1147 867 1179 vestra
881 1157 1001 1180 teneatur
1013 1149 1168 1189 arrestatuS,
1185 1152 1219 1182 ad

163 1198 215 1218 nos
228 1187 283 1217 sine
298 1187 428 1217 dilatione
450 1187 523 1216 mitti
544 1185 648 1216 faciatis
668 1195 717 1223 per
733 1185 907 1222 praesentium
919 1189 1100 1227 portitorem,
1119 1190 1152 1220 &
1170 1200 1222 1219 nos

166 1227 254 1256 nautis
267 1225 300 1257 &
315 1225 388 1263 aliis,
407 1225 454 1263 qui
467 1224 558 1262 ipsum
572 1223 606 1254 ad
622 1233 671 1253 nos
685 1224 861 1263 conducent,
881 1226 1042 1256 mercedem
1056 1226 1130 1258 suam
1145 1228 1222 1258 reddi

160 1264 297 1295 faciemus
311 1271 511 1302 competenter.

198 1303 270 1333 Sane
295 1300 560 1333 recommendamus
579 1299 660 1330 vobis
681 1298 831 1337 specialiter
854 1301 992 1333 Abbatem
1012 1303 1197 1341 supradic'tum
1213 1327 1223 1342 ,

164 1350 290 1381 rogantes
311 1349 411 1371 attente
431 1339 556 1377 quatinus
578 1337 683 1376 ipsum,
700 1339 775 1376 cujus
790 1349 881 1368 mores
894 1341 926 1370 &
944 1342 1040 1371 merita
1054 1344 1223 1380 comproba-

167 1390 246 1417 mus,
265 1389 394 1415 congrua
409 1377 596 1408 benivolentia
612 1376 817 1414 prosequenteS,
836 1377 885 1407 sibi
899 1380 927 1407 in
943 1379 992 1409 suis
1006 1380 1120 1416 agendis
1135 1380 1224 1417 Regi-

165 1428 217 1448 um
232 1417 360 1447 favorem
375 1415 520 1446 liberaliter
534 1416 670 1452 impartiri
685 1415 773 1444 velitis
787 1414 876 1444 nostri
889 1419 1042 1453 roganiinis
1052 1420 1206 1449 interventu
1215 1441 1224 1457 ,

164 1456 198 1486 &
214 1455 377 1493 Johannem
399 1454 486 1485 filium
510 1452 634 1483 Rolandi
650 1452 794 1492 Militem,
812 1454 859 1492 qui
871 1456 1053 1493 negotiorum
1068 1456 1225 1487 nostrorum

161 1494 280 1524 libenter
295 1503 390 1524 curam
404 1495 480 1531 agit,
498 1501 527 1523 ut
539 1493 711 1530 accepimus.

189 1620 238 1652 De
266 1619 385 1652 licentia
403 1617 540 1664 Epifiopo
565 1619 664 1666 Agen.
687 1620 723 1655 σῇ»
752 1615 877 1648 Beraldo
901 1618 964 1650 Del
988 1619 1046 1650 Got
1070 1621 1206 1651 Domum

535 1666 651 1711 fortem
682 1663 872 1709 construendi.

144 1769 151 1776 ·
170 1750 301 1823 REX
318 1750 424 1781 dilecto
436 1751 469 1781 &
481 1749 554 1781 fideli
567 1751 633 1789 suo,
646 1751 767 1790 johanni
783 1752 818 1783 de
833 1750 956 1791 Greilly‚
975 1751 1127 1783 Senescallo
1137 1751 1185 1783 suo
1200 1753 1230 1783 in

47 1787 131 1818 1280.
253 1789 367 1820 Ducatu
382 1790 579 1829 Aquitanniae,
595 1791 628 1822 ὃς
643 1790 699 1821 aliis
714 1793 762 1829 qui
778 1802 828 1829 pro
841 1799 967 1827 tempore
978 1790 1094 1829 fuerint,
1111 1790 1231 1823 salutem.

21 1831 110 1861 Αΰ-9·
209 1829 308 1860 Sciatis
320 1827 396 1866 quod
411 1828 596 1859 concessimus
611 1828 716 1860 dilecto
730 1830 824 1860 nostro
839 1829 977 1867 Arnaldo,
997 1829 1054 1859 Dei
1069 1829 1173 1869 gratia,
1192 1831 1233 1861 A-

21 1870 51 1895 Ε.
73 1874 82 1891 ¹
194 1878 238 1899 en.
256 1867 413 1905 Episcopo,
431 1867 464 1897 &
482 1865 597 1898 Beraldo
609 1866 719 1906 Delgot
736 1868 823 1898 Militi
837 1866 911 1898 fratri
924 1867 988 1906 suo,
1006 1868 1147 1898 licentiam
1162 1879 1233 1899 con-

21 1907 120 1933 Roma
198 1906 293 1937 ruendi
310 1907 339 1935 in
361 1905 450 1935 feodo
469 1904 505 1935 de
522 1905 644 1936 Linrano
657 1929 667 1944 ,
693 1906 770 1945 quod
791 1906 826 1936 de
845 1906 928 1936 nobis
949 1906 1109 1936 immediate
1123 1916 1234 1946 tenent,

0 1971 1 1977 ,
16 1943 82 1982 scon.
172 1945 309 1976 Domum
333 1944 459 1982 Fortem,
476 1944 664 1975 circundatam
687 1946 771 1976 muris
785 1967 795 1983 ,
819 1945 935 1975 turribus
954 1945 987 1975 ὃς
1012 1943 1114 1975 fossatis
1134 1946 1184 1976 fibi
1201 1946 1234 1977 &

22 1985 74 2010 Λῃ-
83 1989 99 2015 9
172 1984 327 2016 haeredibus
339 1982 389 2013 suis
403 1991 504 2013 tenere.

25 2023 55 2048 E.
67 2028 76 2045 ¹
212 2021 247 2053 Et
265 2021 330 2052 ideo
344 2022 426 2051 vobis
441 2018 602 2051 mandamus
616 2022 741 2059 quatinus
757 2032 803 2052 eos
817 2022 849 2053 δε
865 2021 986 2052 haeredes
1000 2021 1061 2052 suos
1073 2020 1236 2060 praediistam

23 2067 60 2088 m.
71 2066 98 2083 ιι
175 2061 308 2092 Domum
324 2059 482 2090 construere
494 2060 527 2089 &
541 2067 634 2090 tenere
648 2061 819 2098 permittatis,

214 2099 255 2130 Ita
267 2108 362 2130 tamen
378 2097 453 2136 quod
471 2097 601 2128 Domum
614 2098 777 2136 praedictam
800 2098 880 2128 nobis
896 2098 928 2129 ὃς
944 2097 1099 2129 Senescallis
1121 2098 1234 2137 nostris,

42 2132 63 2153 ²*
81 2132 120 2161 11.
175 2139 277 2176 pacatis
299 2136 343 2167 vel
363 2138 383 2155 ³¹²
405 2137 493 2175 iratis,
511 2136 758 2176 quotienscumque
771 2137 988 2176 indiguerimus,
1005 2137 1110 2168 tradere
1127 2146 1239 2168 tenean-

45 2179 127 2209 ⁸079·
173 2186 226 2208 tur.

211 2209 243 2245 In
257 2214 334 2252 cujus
341 2236 351 2253 ,
368 2213 428 2245 &c.

212 2289 299 2322 Teste
313 2289 397 2329 Rege
411 2290 483 2329 apud
499 2289 624 2321 Westm.
641 2300 690 2322 22.
706 2291 752 2322 die
768 2291 954 2323 Novembris.

201 2427 308 2458 Litera
335 2421 375 2456 ab
396 2422 562 2456 Adelheide
579 2423 703 2470 Duciffiz
719 2422 754 2456 de
771 2422 948 2469 Brunsivich
960 2446 969 2462 ‚
995 2422 1031 2456 de
1053 2423 1219 2459 Credentia.

32 2522 99 2560 Am
121 2525 154 2556 D
229 2508 397 2554 Ereniffimo
411 2508 542 2539 Domino
550 2508 590 2553 E.¹
603 2508 679 2546 Regi
691 2508 817 2546 Angliae,
835 2507 1053 2553 Consanguineo
1061 2511 1109 2542 suo
1120 2509 1243 2548 dilecto,

102 2551 108 2556 '
156 2549 163 2556 ”
240 2548 297 2593 Dei
313 2546 418 2586 gratia,
439 2547 606 2587 Adelheydis
620 2547 762 2591 quondam
778 2547 896 2590 D¹ucisla
911 2557 940 2576 in
958 2547 1150 2586 Bruneswich,
1167 2558 1243 2579 nunc

55 2567 140 2631 ιιι-300·
182 2586 312 2630 Domina
328 2588 356 2616 in
375 2585 574 2630 Hertesberge,
592 2587 625 2617 &
643 2583 790 2616 Comitiffa
808 2595 836 2630 iri
854 2585 1079 2629 ¹Scoiyenberch,
1097 2586 1131 2617 ad
1150 2587 1246 2624 quaeli-

32 2609 76 2672 ἕξ
89 2614 118 2670 ¹?
182 2627 230 2656 bet
255 2635 312 2664 ejus
335 2624 506 2663 beneplacita
525 2633 645 2663 paratam
664 2624 697 2655 &
716 2623 906 2662 obsequioiam
923 2634 953 2654 in
969 2627 1102 2657 omnibus
1121 2625 1247 2656 volunta-

35 2684 144 2757 Ξὲἔιψ
186 2672 377 2739 terRllagestati
402 2701 501 2732 vestrae
526 2702 555 2731 in
573 2699 699 2739 praesenti
721 2700 798 2731 litera
818 2702 937 2740 graviter
955 2701 1152 2740 querulamur,
1169 2702 1247 2741 quod

33 2759 62 2787 in
82 2757 169 2786 Tum·
187 2740 269 2785 frater
289 2740 398 2784 noster,
416 2740 561 2784 Verdensis
581 2739 711 2783 Eccleiiae
733 2738 895 2783 postulatus,
913 2750 1016 2779 quem,
1034 2741 1120 2771 bonae
1137 2751 1248 2772 memo-

188 2789 254 2818 riae,
270 2779 387 2810 dilectus
400 2778 541 2809 Dominus
562 2788 595 2808 ac
610 2777 727 2808 Maritus
739 2777 848 2816 noster,
865 2788 895 2808 in
908 2778 980 2809 hora
995 2780 1092 2810 mortis
1105 2779 1177 2817 suae,
1194 2790 1248 2810 iio-

188 2818 231 2848 bis
246 2817 336 2849 statuit
348 2819 377 2847 in
393 2826 532 2855 tutorem,
550 2827 600 2846 nos
613 2825 640 2846 at
661 2826 694 2846 ue
708 2826 807 2854 pueros
823 2816 930 2846 nostros
946 2817 1088 2856 tractavit,
1105 2818 1138 2848 &
1153 2819 1249 2849 traetat

187 2856 260 2887 adeo
350 2857 383 2887 &
396 2855 572 2894 indecenter,
581 2865 637 2893 quo
667 2854 742 2886 suam
756 2855 952 2886 enormitatem
969 2856 1049 2887 vobis
1062 2866 1120 2886 non
1132 2856 1250 2895 plenarie

188 2893 337 2933 possumus
349 2894 509 2932 explanare,

226 2932 425 2963 Sedexhibitor
439 2932 632 2970 praesentium,
650 2933 695 2962 vir
709 2931 831 2972 ydoneus
846 2932 880 2962 &
894 2931 1040 2971 discretus,
1056 2933 1197 2964 Dominus
1211 2933 1251 2964 Α-

186 2970 318 3001 lexander
340 2970 502 3009 Capellanus
519 2970 612 3000 noster
629 2970 745 3001 dilet‘tus
759 2993 769 3009 ,
793 2980 843 3000 vos
866 2970 950 3001 debet
966 2971 1001 3001 de
1021 2970 1149 3010 processu
1174 2972 1253 3010 liujus

189 3011 300 3044 negotii
318 3008 403 3039 nostri
418 3032 428 3047 ,
455 3010 488 3041 &
510 3009 628 3040 aliorum
648 3011 827 3049 negotiorum
844 3008 1000 3040 nostrorum
1019 3010 1188 3048 singulariter
1206 3020 1254 3048 per

186 3047 316 3078 ordinem
330 3048 467 3085 expedire.

226 3085 263 3117 Et
278 3096 410 3123 rogamus
425 3095 555 3124 quatenus
565 3086 656 3115 verbis
670 3085 739 3125 suis,
755 3095 819 3125 quae
833 3095 867 3115 ex
882 3094 956 3124 parte
973 3085 1058 3117 nostri
1072 3087 1153 3118 vobis
1174 3086 1251 3117 dixe-

189 3124 242 3162 rit,
260 3124 346 3155 fidem
358 3124 499 3155 credulam
512 3123 670 3154 adhibeatis.

230 3163 308 3194 Hinc
323 3162 380 3201 est,
394 3173 462 3194 cum
482 3162 560 3192 idem
575 3161 705 3204 Nuncius
722 3162 831 3200 noster,
847 3163 906 3200 jam
921 3163 1086 3203 praedietus,
1107 3163 1250 3194 Gallicum

191 3201 312 3240 nesciat,
331 3211 462 3238 rogamus
478 3200 553 3239 quod
568 3201 618 3230 libi
631 3199 795 3238 Clericum,
814 3202 911 3231 Latine
923 3201 1106 3241 instru&um,
1123 3202 1256 3240 adjunga-

192 3241 243 3277 tis,
260 3248 307 3278 ut,
324 3239 372 3270 illo
386 3240 542 3277 mediante,
558 3248 608 3268 vos
622 3237 658 3268 de
672 3246 732 3268 toto
743 3241 862 3277 negotio
875 3239 970 3270 nostro
984 3241 1069 3272 taliter
1078 3263 1088 3280 ‚
1108 3241 1185 3272 sicuti
1199 3251 1253 3271 no-

194 3277 236 3307 bis
250 3277 281 3307 fit
295 3278 378 3317 utile,
394 3278 482 3309 valeat
495 3276 632 3315 expedire.

233 3352 395 3432 Eperssffimo
412 3395 528 3423 Domino
546 3393 582 3421 E.
601 3393 666 3429 Regi
680 3389 786 3429 Angliae
801 3391 996 3431 consanguineo
1002 3392 1051 3433 fico
1063 3379 1166 3423 d'iledlo.

198 3520 356 3551 Conventio
367 3517 458 3564 fhper
477 3519 681 3552 Matrimonio
702 3520 779 3549 inter
794 3518 922 3549 Ericum
946 3521 1052 3565 Regem
1068 3519 1234 3562 Norwagiae
1247 3542 1257 3558 ,

242 3571 279 3606 ᾤ’
303 3569 520 3614 Margaretam
543 3565 657 3598 filiam
691 3564 867 3598 Alexandri
890 3569 977 3613 Regis
997 3570 1095 3599 Scutiae
1108 3578 1117 3603 ,-
1148 3563 1199 3596 ubi
1221 3567 1258 3602 &-

242 3615 279 3649 de
315 3612 544 3661 praetenfionibus
582 3613 651 3647 hinc
689 3613 758 3646 inde
789 3613 834 3647 ad
866 3614 1025 3648 Orchadas
1055 3618 1092 3653 ω’*
1122 3613 1258 3658 Inficlam

246 3666 392 3699 Manm'ae.

51 3755 128 3789 Ann.
141 3751 183 3786 D.

50 3796 158 3869 a¹n².89¹.'
236 3825 310 3857 Haec
324 3826 365 3857 est
379 3826 463 3858 finaiis
477 3824 654 3861 (amentio,
674 3822 746 3854 faeta
762 3823 791 3852 in
806 3821 887 3852 Festo
902 3820 1000 3853 saneti
1008 3822 1111 3861 Jacobi
1119 3820 1245 3860 Apostoli

51 3877 81 3900 E.
96 3882 118 3900 1,
199 3873 274 3894 anno
297 3864 419 3896 Domini
444 3864 590 3896 millefimo
613 3862 804 3893 ducentefitno
833 3860 1013 3898 octogesimo
1038 3863 1132 3899 primo
1149 3883 1159 3899 ,
1189 3844 1262 3898 apud

52 3911 94 3938 Ex
103 3914 162 3938 Au·
200 3898 391 3942 Rokesburg,

51 3955 117 3985 ngr,
242 3939 316 3970 Inter
332 3941 462 3985 illustrem
479 3940 638 3986 Principem
649 3961 659 3978 ,
683 3938 844 3981 Dominum
861 3935 1064 3980 Alexandrum,
1080 3936 1139 3981 Dei
1161 3935 1265 3975 gratia,

51 3989 83 4015 §n
99 3986 187 4016 Turri.
205 3977 320 4016 Regem
338 3979 451 4012 Scotiae-
461 3990 576 4012 nomine
591 3979 639 4010 suo
654 4001 664 4017 ,
682 3978 715 4009 δε
733 3985 850 4008 nomine
868 3974 983 4007 Nobilis
998 3974 1170 4008 Donucellae
1183 3974 1266 4006 Mar-

234 4056 310 4086 Tom.
326 4057 351 4085 I.
370 4057 404 4086 P.
418 4058 467 4088 IV.

202 3750 279 3820 1131,
294 3747 508 3780 NOMINE
530 3745 714 3779 PATRIS
766 3744 829 3777 ET
854 3743 998 3785 Fini,
1030 3746 1093 3778 ET
1117 3744 1262 3776 SPIRI-

284 3787 346 3820 Us
364 3786 566 3825 SANCT1‚
585 3784 690 3817 ΑΜΕ
733 3809 741 3815 .

1291 158 1606 204 ssa.
2245 168 2295 221 83

1242 251 1341 311 {aretae
1356 242 1420 292 filia}
1437 245 1670 293 suae¹¹karislimae,
1687 247 1728 294 de¹
1741 249 1872 295 consensu
1891 249 2013 282 Domini
2030 249 2178 283 Alexandri
2196 250 2244 281 filii
2257 251 2297 282 sui
2322 244 2398 276 Ann-
2409 244 2454 281 Dssf

1293 289 1374 312 totius
1392 284 1508 328 Consilii
1525 286 1594 316 dieti
1610 287 1729 317 Domini
1748 288 1836 325 Regis
1853 299 1886 320 ex
1904 298 1978 327 parte
1994 289 2061 320 unfi:
2342 284 2427 314 ¹28¹·

1243 318 2198 396 afliiessaasgssisseveasssosffisem-Offsdfflsei
2216 325 2294 395 Ess·

1242 395 1340 435 krey,]
1358 381 1530 442 Magistrum
1539 400 1706 431 Bernardum
1720 375 2139 442 Cancellariueregcuffatrgssn
2167 375 2296 434 aueririgrrn

1241 433 1277 476 de
1292 433 1401 464 Ordine
1416 436 1580 481 Minorum,
1598 437 1790 470 Procuratores
1809 441 1842 471 &
1856 441 1987 472 Nuncios
2008 442 2169 480 sollempnes
2188 443 2221 472 &
2236 442 2296 479 sp&

1239 470 1322 540 2611ιέξὲ
1330 472 1458 539 ²Domim
1481 475 1565 521 Eryci
1579 499 1591 515 ,
1617 476 1674 507 Dei
1691 477 1776 516 gratia
1790 500 1800 516 ,
1822 479 1912 517 Regis
1928 480 2096 518 Norwagiae
2112 479 2218 510 illustris
2232 501 2242 518 ,
2263 486 2298 510 ex

1278 547 1366 586 Super
1384 549 1548 596 sponsalibus
1567 552 1729 590 contractis,
1746 554 1779 584 &
1802 552 1988 585 Matrimonio
2006 555 2211 594 contrahendo,
2229 557 2299 586 inter

1243 586 1391 629 praefatum
1408 588 1577 620 Dominum¹
1587 590 1701 627 Regem
1717 592 1900 630 Norwagiae,
1916 594 1949 624 ὃ(
1962 593 2067 624 dietam
2081 593 2221 624 Nobilem
2234 593 2299 624 Do⁴

1244 624 1384 654 micellam
1401 625 1609 671 Margaretam,
1627 629 1772 674 videlicet,
1905 669 1910 674 ¹
2246 671 2251 676 ¹

1247 662 1416 731 siffis}
1428 664 1669 744 &essessa
1684 667 1989 743 {sennaser
1997 667 2197 737 &stem
2215 669 2302 700 ΗΜ

1286 747 1321 782 2:
1331 738 1367 768 Et
1382 743 1536 780 promittit,
1553 743 1586 773 &
1599 744 1676 774 dabit
1695 753 1763 775 cum
1776 744 1810 775 ea
1823 744 2031 783 quatuordecim
2049 745 2123 775 milia
2139 744 2302 775 Marcamrn

1250 775 1461 816 sterlingorum,
1479 790 1560 824 novae
1575 782 1608 812 &
1629 781 1723 812 usualis
1746 792 1866 813 monetae
1885 783 1933 820 (ita
1954 782 2029 820 quod
2041 783 2186 820 quinquies
2199 783 2301 819 viginti

1250 813 1358 844 Marcae
1374 825 1427 852 pro
1440 818 1603 861 quibussibet
1618 829 1732 850 centum
1756 820 1864 851 Marcis
1886 821 2092 859 computentur)
2112 821 2145 851 &
2165 819 2306 850 solventur

1249 852 1678 933 }¹i{¹¹}gr¹{{³¹2{y¹s¹¹¹1ss¹¹l{‹gwagia,
1695 857 1846 897 sumptibus
1867 858 1956 897 Regis
1975 858 2094 897 Scotiae,
2112 858 2236 889 terminis
2259 859 2303 887 in·

1289 929 1378 974 Qod
1394 939 1483 967 quarta
1498 942 1559 969 pars
1572 933 1715 970 praedietae
1728 932 1842 965 summae
1858 935 2007 973 portabitur
2021 944 2089 965 cum
2103 933 2179 964 dieta
2188 932 2310 972 Margaa

1252 975 1310 997 reta
1324 977 1352 996 in
1368 967 1567 1009 Norwagiam:

1285 1004 1326 1049 ¹Et
1345 1005 1461 1037 secunda
1479 1017 1570 1045 quarta
1588 1009 1730 1046 praedidlae
1745 1008 1861 1039 summae
1879 1009 1913 1039 ad
1943 1009 2054 1040 Festum
2075 1010 2146 1040 beati
2174 1008 2250 1040 Petri
2274 1008 2309 1039 ad

1252 1042 1375 1112 {Gffiffla
1402 1066 1413 1083 ,
1449 1055 1523 1076 anno
1545 1045 1667 1076 Domini
1690 1046 1836 1077 millefimo
1859 1047 2049 1078 ducentesimo
2071 1048 2247 1087 ostogesimo
2269 1048 2310 1077 se-

1291 1119 1326 1150 Et
1340 1120 1418 1151 tertia
1429 1129 1520 1159 quarta
1535 1122 1564 1151 in
1578 1121 1658 1152 Festo
1671 1122 1790 1161 eodem,
1808 1133 1882 1154 anno
1895 1122 2015 1154 Domini
2039 1123 2183 1153 millesimo
2205 1123 2311 1154 ducena

1254 1159 1353 1188 tefimo
1366 1159 1542 1195 octogesuno
1557 1161 1650 1190 teitio:

1292 1196 1328 1240 ¹Et
1341 1196 1438 1227 ultima
1453 1206 1544 1235 quarta
1557 1199 1586 1228 in
1599 1198 1700 1229 e‘odem
1716 1198 1812 1238 Festo,
1828 1209 1903 1231 anno
1916 1199 2038 1230 Domini
2050 1198 2195 1229 millesimo
2209 1198 2315 1230 ducen-

1256 1238 1356 1264 teiimo
1369 1235 1547 1271 ostogesimo
1561 1245 1664 1274 quarto.

1297 1282 1322 1313 3.
1340 1272 1376 1303 Et
1387 1272 1456 1303 dieti
1471 1273 1664 1305 Procuratores
1676 1276 1837 1313 promittunt
1852 1274 1967 1306 fideliter
1978 1284 2031 1313 pro
2044 1274 2177 1305 Domino
2192 1273 2256 1312 suo,
2271 1275 2315 1312 ip·-

1258 1310 1317 1341 sum
1332 1311 1381 1342 sub
1392 1313 1484 1348 poenis
1498 1312 1672 1350 infrascriptis
1685 1314 1765 1344 artius
1785 1313 1938 1350 obligando
1970 1313 2047 1352 quod
2061 1312 2139 1343 idem
2154 1312 2217 1342 Rex
2236 1312 2317 1342 Nor-

1259 1350 1361 1386 wagiae
1379 1350 1486 1381 <licitam
1502 1350 1691 1381 Domicellam
1709 1352 1723 1371 '¹‘
1741 1352 1862 1389 accipiet
1875 1353 1905 1381 in
1955 1361 2065 1390 xorem,
2082 1352 2116 1382 ὃ(
2129 1349 2238 1381 cumea
2252 1349 2318 1380 Ma·
2373 1359 2436 1388 ‘IL

1259 1388 1423 1418 trimonium
1438 1389 1596 1428 contrahet,
1612 1390 1646 1420 &
1660 1389 1780 1427 Nuptias
1799 1390 1966 1428 celebrabit,
1983 1390 2016 1420 ad
2035 1390 2150 1427 tardius,
2167 1389 2237 1419 infra
2257 1387 2318 1419 Fes-
2350 1396 2427 1424 1080,

1260 1434 1321 1455 tum
1336 1425 1495 1458 Nativitatis
1516 1428 1602 1458 beatae
1622 1427 1761 1467 Virginis,
1778 1428 1829 1458 nisi
1847 1427 2019 1465 legittimum
2034 1428 2210 1458 intervenerit
2224 1428 2317 1464 impe-

1261 1464 1439 1507 dimentum,
1458 1466 1491 1496 ὅ(
1506 1473 1573 1497 tunc
1588 1467 1750 1504 quamcitius
1763 1466 1822 1496 fieri
1836 1467 1952 1504 poterit,
1968 1467 2001 1497 ὃς
2015 1465 2048 1496 ad
2064 1467 2144 1497 citius
2159 1465 2221 1504 post
2237 1464 2320 1496 Cras-

1261 1510 1351 1532 tmum
1365 1502 1565 1534 Decollationis
1578 1504 1673 1535 Sancti
1682 1504 1816 1543 johannis
1830 1503 1967 1541 Baptistae.

1300 1549 1329 1579 4.
1347 1540 1400 1580 Et,
1417 1542 1463 1573 die
1477 1542 1742 1581 Nuptiarum,di<sta
1756 1542 1915 1580 Margareta
1927 1542 2104 1573 coronabitur
2120 1543 2148 1572 in
2164 1541 2323 1580 Reginam3

1263 1580 1312 1609 nisi
1328 1579 1499 1616 legittimum
1521 1580 1674 1612 constiterit
1694 1580 1949 1619 impedimentum,
1966 1581 1998 1612 ὅ(
2014 1589 2080 1611 tunc
2101 1589 2221 1610 omnem
2235 1589 2323 1618 appo-

1263 1625 1329 1648 nent
1345 1618 1604 1658 diligentiam,Rex
1621 1618 1788 1657 Norwagiae
1801 1619 1835 1650 &
1851 1618 1947 1657 Regni
1955 1618 2324 1657 Magnates‚quod‚quam-

1264 1657 1343 1687 citius
1352 1655 1409 1687 fieri
1423 1659 1539 1695 poterit,
1555 1665 1709 1688 coronetur.

1303 1703 1328 1734 5.
1347 1695 1381 1726 Et
1392 1697 1557 1733 promittunt
1575 1695 1646 1726 dicti
1666 1695 1879 1734 Procuratores,
1896 1694 1975 1734 quod
1997 1694 2138 1726 Dominus
2160 1694 2225 1725 Rex
2241 1694 2322 1725 Nor-

1265 1735 1365 1773 wagiae
1379 1733 1454 1764 mille
1473 1735 1506 1765 ὃς
1526 1734 1726 1773 quadringintas
1740 1733 1878 1764 Mercatas
1898 1742 1978 1764 terrae
1987 1755 1998 1771 2
2012 1733 2048 1764 de
2062 1732 2184 1764 Moneta
2197 1732 2243 1763 sua
2258 1733 2326 1763 No-

1267 1772 1381 1803 richana
1400 1772 1504 1810 usuali,
1529 1782 1604 1803 nunc
1627 1773 1776 1810 temporis,
1795 1772 1839 1803 vel
1857 1771 1892 1803 ad
1904 1773 1961 1810 ejus
1973 1771 2117 1810 valorem,
2134 1772 2153 1802 si
2167 1771 2221 1809 ipsa
2234 1780 2325 1802 mute-

1268 1818 1312 1841 tur
1327 1833 1337 1849 ,
1362 1821 1430 1841 cum
1450 1810 1581 1841 Manerio
1598 1812 1768 1848 competenti
1781 1833 1791 1849 ,
1813 1812 1842 1840 in
1863 1810 2046 1841 donationem
2062 1832 2072 1848 ,
2092 1817 2207 1849 propter
2222 1810 2328 1847 nuptias

1269 1848 1355 1880 dietae
1369 1848 1537 1879 Domicellae
1554 1848 1740 1887 Margaretae,
1759 1858 1807 1886 per
1823 1848 1936 1879 Cartam
1950 1848 2018 1878 dieti
2040 1847 2129 1886 Regis
2143 1870 2153 1895 ἔ
2175 1847 2270 1878 eidem
2290 1846 2329 1890 as·

1271 1887 1401 1925 signatas,
1416 1888 1465 1926 δε,
1482 1896 1565 1925 prout
1580 1888 1620 1917 ibi
1634 1888 1807 1926 continetur,
1825 1886 1870 1917 die
1885 1886 2074 1924 Nuptiarum,
2090 1887 2157 1917 viva
2175 1895 2248 1917 voce
2264 1893 2328 1916 rati-

1270 1925 1365 1956 ficabit
1380 1927 1412 1956 &
1428 1926 1617 1964 confirmabit,

1309 1964 1350 1994 Ita
1376 1964 1451 2002 quod
1465 1987 1475 2003 ,
1500 1965 1519 1994 fi
1544 1964 1701 1994 humanitus
1723 1963 1758 1994 de
1781 1963 1861 1994 dicto
1879 1962 1963 2001 Rege
1982 1962 2149 1999 Norwagiae
2168 1962 2330 2001 contingat,

1273 2003 1352 2040 quod
1369 2002 1435 2033 absit
1449 2025 1458 2040 ‚
1475 2002 1550 2033 dista
1569 2001 1726 2040 Margareta
1743 2002 1882 2032 dic‘iarum
1898 2010 2033 2032 terrarum
2052 1999 2247 2039 possessionem
2265 2009 2330 2037 pro-

1272 2042 1330 2110 {ia
1352 2041 1513 2072 audieritate
1526 2064 1537 2080 ,
1553 2051 1603 2079 per
1619 2041 1764 2079 praedidias
1781 2040 1880 2071 litteras
1896 2039 1985 2078 Regis
1999 2062 2009 2078 ,
2028 2038 2112 2078 possit
2128 2038 2331 2077 apprehendere

1320 2087 1419 2110 tenere.

1312 2119 1339 2149 6.
1357 2118 1392 2149 Et
1409 2117 1551 2149 sciendum
1569 2117 1645 2156 quod
1662 2117 1712 2148 erit
1729 2119 1759 2148 in
1773 2117 1888 2156 optione
1907 2115 2029 2146 Domini
2048 2115 2136 2153 Regis
2153 2114 2255 2144 Scotiae
2269 2136 2279 2151 ,
2296 2112 2336 2144 se-

1275 2157 1397 2188 cundam
1410 2157 1587 2187 medietatem
1600 2156 1671 2186 dotis
1687 2158 1717 2186 in
1734 2155 1856 2194 pecunia
1873 2154 2019 2185 numerat&⁴
2035 2153 2156 2190 solvere,
2173 2152 2217 2183 vel
2236 2161 2316 2182 terras

1274 2206 1308 2266 px
1326 2195 1360 2226 ea
1373 2218 1383 2234 ,
1407 2194 1451 2226 vel
1467 2204 1501 2225 ex
1517 2203 1592 2233 parte
1610 2194 1690 2234 ipsius
1703 2217 1714 2232 ,
1739 2193 1791 2225 suis
1807 2194 1932 2225 terminis
1946 2191 2091 2230 solvenda,
2108 2198 2279 2228 comparatas
2321 2206 2335 2213 -

1317 2244 1392 2264 nare·

1286 2244 1352 2303 XgIta
1366 2258 1440 2312 qi⁷iod
1454 2281 1487 2302 ex
1500 2271 1550 2302 illis
1564 2272 1654 2310 terris,
1671 2280 1724 2309 pro
1736 2270 1848 2308 singulis
1866 2269 1943 2301 mille
1957 2269 2083 2307 Marcis,
2099 2275 2211 2312 centum
2226 2265 2339 2310 Marcae

1276 2312 1393 2342 nomine
1413 2309 1535 2340 redditus
1555 2311 1738 2348 percipiantur
1754 2309 1802 2339 illo
1823 2310 1909 2340 Anno
1923 2331 1934 2347 ,
1956 2309 1989 2340 &
2002 2308 2039 2338 sic
2057 2307 2165 2350 ulterius
2184 2313 2342 2342 annuatim;

1276 2351 1424 2388 optionem
1443 2349 1462 2378 si
1483 2348 1578 2379 uidem
1597 2349 1678 2378 habet
1694 2347 1786 2378 dietus
1807 2347 1950 2378 Dominus
1966 2346 2029 2376 Rex
2050 2345 2153 2376 Scotiae
2168 2354 2174 2373 :
2201 2342 2284 2373 Dum
2301 2350 2341 2373 ta-

1278 2398 1362 2426 men,
1382 2388 1410 2417 in
1428 2387 1465 2417 Fe
1490 2397 1509 2417 o
1528 2386 1721 2424 Pentecostes,
1735 2393 1798 2416 ante
1815 2394 1924 2424 tempus
1940 2384 2100 2423 solutionis,
2117 2383 2196 2420 Regi
2215 2382 2339 2426 Norwa-

1279 2428 1335 2464 giae
1353 2427 1510 2463 intimetur,
1528 2425 1604 2463 quod
1619 2434 1699 2455 terras
1716 2423 1782 2454 velit
1799 2434 1897 2454 omnes
1911 2422 1957 2454 assi
1978 2433 2041 2454 nare
2063 2422 2130 2452 loco
2147 2427 2321 2458 competenti

1279 2466 1312 2496 ὃς
1328 2464 1406 2494 simul
1419 2486 1429 2502 ,
1453 2463 1497 2493 vel
1518 2463 1585 2493 loco
1603 2463 1759 2500 viciniori,
1782 2463 1815 2493 ὃς
1838 2463 1957 2502 magisy
1978 2470 2050 2492 oneo
2065 2483 2075 2499 ,
2092 2470 2150 2499 quo
2161 2466 2289 2498 p0terunt
2319 2497 2324 2502 ¹

1280 2501 1499 2540 comparandum
1516 2502 1634 2532 inveniri
1650 2524 1659 2540 ,
1682 2501 1761 2531 dicto
1778 2500 1856 2537 Regi
1873 2500 2039 2538 Norwagiae
2053 2522 2063 2539 ,
2087 2497 2229 2530 constante
2246 2503 2341 2528 matri-

1280 2543 1380 2572 monio
1413 2540 1498 2570 libere
1512 2539 1641 2570 tenendas
1654 2540 1688 2570 δε
1703 2539 1848 2569 habendas.
2315 2568 2318 2572 Δ

1320 2589 1346 2617 7.
1373 2563 1469 2608 Distae
1491 2588 1559 2608 vero
1582 2577 1751 2614 Margaretae
1763 2600 1773 2615 ,
1791 2576 1937 2616 postquam
1958 2583 2056 2606 terram
2077 2576 2243 2612 Norwagiae
2260 2573 2343 2605 fuerit

1282 2617 1413 2662 ingressa,
1432 2624 1539 2647 certum
1557 2615 1688 2646 Castrum
1704 2638 1714 2653 ‚
1739 2616 1782 2645 vel
1799 2616 1927 2646 securum
1945 2614 2124 2651 Manerium,
2142 2621 2224 2657 proiit
2239 2612 2294 2659 ipsa
2307 2612 2341 2643 &

1281 2658 1320 2688 sui
1338 2655 1487 2693 elegerint,
1509 2654 1601 2685 statim
1617 2653 1810 2692 assignabitur,
1827 2654 1857 2684 in
1872 2663 1930 2692 quo
1943 2654 2013 2691 ipsa,
2030 2662 2098 2683 cum
2112 2651 2220 2682 familia
2232 2650 2294 2689 sua,
2308 2650 2343 2681 &

1283 2694 1360 2726 dicta
1383 2693 1520 2732 pecunia,
1536 2693 1585 2723 sub
1605 2691 1732 2723 custodia
1752 2691 1841 2729 Regis
1861 2691 1965 2723 Scotiae
1988 2692 2021 2722 &
2044 2691 2172 2728 suorum,
2190 2688 2345 2727 sumptibus

1283 2734 1370 2773 Regis
1389 2732 1555 2776 Notwagiae
1569 2754 1579 2770 ,
1622 2730 1742 2769 uousque
1762 2731 1866 2768 nuptiae
1889 2730 2062 2761 celebrentur
2073 2753 2083 2767 ,
2105 2728 2179 2760 salvo
2198 2728 2232 2760 ὃ(
2249 2728 2345 2759 secure

1303 2772 1388 2803 offint
1403 2780 1519 2801 morari:

1284 2783 1302 2813 p
1322 2811 1358 2841 Et
1371 2809 1434 2840 Rex
1448 2808 1617 2845 Norwagiae
1630 2808 1663 2839 ὃς
1677 2807 1771 2846 Regni
1785 2804 1935 2843 Magnata
1949 2805 2053 2844 ipsam,
2071 2814 2139 2836 cum
2161 2804 2267 2835 familia
2281 2802 2328 2835 sua

1285 2850 1319 2881 &
1335 2848 1413 2879 dicta
1426 2846 1558 2885 pecunia,
1575 2846 1649 2877 fflvo
1662 2846 1696 2877 ὃς
1709 2845 1800 2876 secure
1814 2846 1927 2875 interim
1941 2844 2043 2875 facient
2055 2842 2204 2887 custodiri,
2223 2843 2259 2872 ita
2267 2822 2347 2880 quod

1280 2887 1393 2918 'nullum
1399 2887 1434 2917 ad
1442 2895 1505 2916 eam
1518 2885 1582 2916 Rex
1596 2884 1765 2922 Norwagiae
1777 2882 1955 2914 inhonestum
1967 2882 2109 2914 accessum
2123 2888 2235 2912 interim
2247 2880 2346 2911 habeat

1287 2924 1517 3001 ve18¹‹:am¹1¹1¹l]<{¹n¹i.sl
1538 2962 1602 2992 Rex
1622 2960 1810 2999 Norwagiae,
1826 2959 1889 3004 post
1910 2960 2016 2998 nuptias
2028 2959 2192 3002 celebratas,
2206 2955 2350 2995 praedece«

1288 3003 1349 3042 dat,
1365 3002 1395 3032 di
1427 3012 1442 3032 a
1455 3000 1616 3038 Margareta
1636 2999 1817 3030 donationem
1838 2998 1914 3029 illam
1929 3020 1940 3036 ‚
1965 3006 2076 3036 propter
2091 2996 2229 3035 Nuptias,
2247 2994 2351 3039 eodem

1291 3043 1376 3073 Anno
1398 3042 1502 3080 integre
1522 3037 1672 3077 percipiet,
1689 3038 1722 3069 &
1743 3038 1780 3068 sic
1798 3037 1907 3068 ulterius
1925 3037 2088 3075 annuatim,
2114 3035 2220 3078 scilicet
2235 3032 2350 3078 ,¹d16tas

1291 3080 1369 3113 mille
1379 3080 1412 3111 &
1428 3077 1636 3117 quadringentas
1651 3075 1763 3106 Marcas
1778 3084 1856 3106 terrae
1890 3074 1940 3105 sibi
1954 3074 2114 3113 affignatas,
2130 3072 2232 3117 si¹velit
2246 3082 2275 3116 in
2294 3079 2349 3101 ter-

1291 3129 1319 3149 ra
1339 3118 1505 3155 Norwagiae
1528 3123 1637 3146 moram
1657 3113 1747 3144 facere
1767 3122 1841 3144 extra
1892 3122 2001 3150 egnum
2021 3112 2132 3144 Norwa
2154 3121 2208 3150 ωε,
2225 3109 2302 3142 mille
2318 3109 2352 3139 &

1292 3157 1506 3195 quadringentas
1519 3153 1646 3190 Marcas,
1662 3153 1834 3190 ubicumque
1851 3150 2025 3182 conversetur
2039 3173 2049 3190 ,
2065 3150 2102 3182 de
2117 3121 2238 3182 &amera
2260 3147 2353 3186 Regoe

1292 3195 1483 3233 Norwagiae‚
1499 3193 1582 3222 libere
1594 3191 1729 3234 percipiet
1738 3191 1878 3220 annuatim
1892 3189 1966 3227 apud
1982 3189 2072 3230 Bergy
2093 3201 2098 3207 ·

1331 3234 1372 3265 Ita
1387 3233 1461 3271 quod
1476 3232 1524 3262 erit
1538 3231 1567 3259 in
1581 3228 1788 3272 optionedidtae
1796 3228 1966 3265 Margaretae
1979 3227 2071 3258 sirmas
2083 3213 2191 3258 illarum
2204 3232 2333 3267 terrarum
2341 3240 2354 3261 1

1294 3273 1344 3303 sibi
1358 3272 1565 3309 affignatarum,
1582 3267 1634 3297 suis
1649 3268 1789 3305 terminis,
1805 3265 1959 3297 secundum
1982 3265 2212 3297 consuetudinem
2232 3262 2352 3306 Patriae,

1295 3321 1345 3349 per
1361 3316 1569 3349 procuratorem
1583 3305 1661 3336 suum
1675 3306 1705 3335 in
1721 3313 1789 3335 terra
1802 3306 1945 3343 recipere,
1961 3304 2006 3335 vel
2020 3304 2056 3334 de
2071 3303 2189 3334 Camerti
2203 3301 2247 3332 Re
2267 3311 2308 3344 ¹1S,
2323 3310 2353 3330 in

1296 3349 1378 3380 Festo
1392 3345 1585 3382 pentecostes,
1602 3353 1676 3374 anno
1690 3344 1828 3382 sequenti,
1844 3344 1877 3374 ὃς
1899 3343 1937 3373 sic
1956 3343 2064 3374 ulterius
2083 3342 2224 3373 annuatim
2264 3339 2353 3370 ustam

1295 3389 1443 3426 pecuniam
1456 3384 1596 3423 percipere
1606 3381 1678 3420 apud
1691 3381 1802 3422 Bergys.

1334 3425 1568 3462 Verumptamen,
1585 3421 1615 3450 in
1629 3419 1772 3451 defetitum
1784 3419 1941 3457 solutionis,
1959 3416 2098 3461 recursum
2111 3416 2208 3448 habeat
2223 3415 2258 3447 ad
2271 3424 2354 3446 terras

1296 3463 1346 3495 fibi
1361 3463 1516 3498 assionataS,
1533 3460 1638 3489 ratione
1652 3458 1808 3489 donationis
1824 3466 1936 3496 propter
1949 3456 2085 3495 Nuptias:
2118 3494 2123 3498 ¹
2183 3492 2189 3498 ¹
2293 3493 2298 3498 ¹

1334 3502 1370 3533 Et
1390 3486 1586 3541 nichilominus
1606 3496 1689 3541 debet
1704 3497 1804 3527 habere
1817 3497 1891 3526 dicta
1905 3495 2063 3531 Margareta
2077 3492 2210 3535 quicquid
2226 3491 2336 3532 Regina
2345 3514 2355 3528 ,

1296 3540 1367 3572 dum
1383 3540 1464 3571 vidua
1478 3537 1575 3574 fuerit,
1593 3535 1697 3566 ibidem
1712 3544 1891 3565 commorans
1907 3533 2009 3564 habere
2030 3532 2130 3570 debet,
2149 3530 2300 3562 secundum
2314 3530 2354 3561 le-

1298 3588 1347 3617 ges
1362 3578 1458 3609 Patriae
1474 3576 1506 3606 &
1522 3573 1752 3605 consuetudinem
1768 3573 1890 3610 regionis
1912 3571 2112 3613 approbatam.¹
2213 3608 2218 3613 ¹
2279 3608 2285 3613 ¹

1335 3627 1363 3657 9.
1378 3616 1412 3647 Et
1427 3622 1569 3653 praeterea,
1586 3613 1700 3643 habebit
1715 3610 1891 3642 medietatem
1912 3610 1996 3642 totius
2013 3608 2086 3640 dotis
2105 3607 2176 3638 infm
2190 3607 2354 3651 bienmum,

1298 3645 2355 3723 Prii-im·*seqssiffiofflomiffcfflstlssesffieisp‘lffldaffiffffifflssffi

1298 3701 1465 3768 fflssdiigfflz,
1475 3699 1596 3758 sgcundo
1609 3711 1701 3765 annd,
1718 3726 1747 3756 in
1763 3725 1866 3757 eodem
1884 3723 1965 3768 Festo
1983 3723 2044 3761 (nisi
2060 3724 2132 3761 prius
2148 3724 2178 3753 in
2195 3707 2357 3759 N⁷orwagifi

1298 3771 1380 3802 soluta
1397 3767 1488 3804 fuerit)
1510 3765 1583 3803 apud
1600 3765 1777 3796 Berewicum
1794 3765 1823 3794 in
1840 3764 1935 3794 Scotia
1952 3761 2127 3800 persolvetur.
2198 3799 2202 3805 ¹

1337 3819 1380 3839 10.
1399 3807 1485 3837 Dicta
1501 3813 1568 3835 vero
1580 3803 1695 3834 donatio
1709 3811 1820 3847 propter
1834 3802 1952 3845 nuptias,
1969 3799 2031 3841 post
2047 3807 2168 3830 mortem
2176 3797 2261 3829 dictae
2273 3795 2356 3828 Mar-

1298 3855 1415 3886 garetae,
1431 3844 1466 3874 ad
1484 3842 1596 3879 Regem
1613 3841 1783 3878 Norwagiae
1800 3839 1927 3881 redibit,-

1338 3885 1433 3915 Prima
1455 3891 1522 3913 vero
1541 3880 1671 3912 medietas
1690 3881 1773 3910 totius
1792 3878 1863 3909 dotis
1877 3900 1888 3915 ‚
1910 3877 1961 3907 iuis
1985 3877 2110 3920 terminis
2127 3874 2355 3920 solvenda,¹po¹st

1299 3923 1422 3961 Nuptias
1435 3920 1596 3958 celebratas,
1613 3920 1642 3949 in
1663 3927 1781 3949 ornnem
1801 3924 1934 3946 eventum
1955 3914 2043 3959 Regis
2060 3914 2311 3959 Notwagiae,¹nili
2327 3923 2356 3942 in

1298 3961 1348 3993 illo
1361 3959 1438 3998 casu,
1455 3958 1474 3988 fi
1488 3959 1504 3988 a
1520 3956 1708 3990 Matrimonio
1723 3955 1841 3987 resilierit
1858 3963 1924 3985 cum
1932 3952 2016 3985 fixerit
2029 3952 2178 3992 legittimae
2189 3960 2291 3991 εἴπω,
2301 3951 2359 3991 ple-

1303 4010 1343 4032 no
1349 4000 1409 4039 jure
1422 3996 1575 4034 efficietur,

1777 4041 1839 4073 La
2309 4028 2372 4066 Alia
