<?xml version="1.0" encoding="UTF-8"?>
<!DOCTYPE html PUBLIC "-//W3C//DTD XHTML 1.0 Transitional//EN"
    "http://www.w3.org/TR/xhtml1/DTD/xhtml1-transitional.dtd">
<html xmlns="http://www.w3.org/1999/xhtml" xml:lang="en" lang="en">
 <head>
  <title>
</title>
<meta http-equiv="Content-Type" content="text/html;charset=utf-8" />
  <meta name='ocr-system' content='tesseract 3.04.00' />
  <meta name='ocr-capabilities' content='ocr_page ocr_carea ocr_par ocr_line ocrx_word'/>
</head>
<body>
  <div class='ocr_page' id='page_1' title='image "./fderaconventione01ryme_0476.png"; bbox 0 0 2570 4261; ppageno 0'>
   <div class='ocr_carea' id='block_1_1' title="bbox 266 125 346 153">
    <p class='ocr_par' dir='ltr' id='par_1_1' title="bbox 266 125 346 153">
     <span class='ocr_line' id='line_1_1' title="bbox 266 125 346 153; baseline -0.025 0"><span class='ocrx_word' id='word_1_1' title='bbox 266 125 346 153; x_wconf 86' lang='lat'>210</span> 
     </span>
    </p>
   </div>
   <div class='ocr_carea' id='block_1_2' title="bbox 713 84 1958 145">
    <p class='ocr_par' dir='ltr' id='par_1_2' title="bbox 713 84 1958 145">
     <span class='ocr_line' id='line_1_2' title="bbox 713 84 1958 145; baseline -0.014 0"><span class='ocrx_word' id='word_1_2' title='bbox 713 86 1518 145; x_wconf 85' lang='lat' dir='ltr'>CONVENTIONES,</span> <span class='ocrx_word' id='word_1_3' title='bbox 1570 84 1958 140; x_wconf 77' lang='lat' dir='ltr'>LITERAE,</span> 
     </span>
    </p>
   </div>
   <div class='ocr_carea' id='block_1_3' title="bbox 115 178 1323 233">
    <p class='ocr_par' dir='ltr' id='par_1_3' title="bbox 115 178 1323 233">
     <span class='ocr_line' id='line_1_3' title="bbox 115 178 1323 233; baseline -0.017 -5"><span class='ocrx_word' id='word_1_4' title='bbox 115 195 191 229; x_wconf 77' lang='lat' dir='ltr'>Arm.</span> <span class='ocrx_word' id='word_1_5' title='bbox 208 195 248 226; x_wconf 90' lang='lat' dir='ltr'>D.</span> <span class='ocrx_word' id='word_1_6' title='bbox 301 197 372 228; x_wconf 83' lang='lat' dir='ltr'>Item</span> <span class='ocrx_word' id='word_1_7' title='bbox 384 218 393 233; x_wconf 89' lang='lat'>,</span> <span class='ocrx_word' id='word_1_8' title='bbox 414 192 577 224; x_wconf 84' lang='lat' dir='ltr'>mandatum</span> <span class='ocrx_word' id='word_1_9' title='bbox 597 189 740 221; x_wconf 80' lang='lat' dir='ltr'>Baronum</span> <span class='ocrx_word' id='word_1_10' title='bbox 761 186 872 223; x_wconf 77' lang='lat' dir='ltr'>Angliae</span> <span class='ocrx_word' id='word_1_11' title='bbox 888 184 996 215; x_wconf 56' lang='lat' dir='ltr'>factum</span> <span class='ocrx_word' id='word_1_12' title='bbox 1012 181 1130 213; x_wconf 82' lang='lat' dir='ltr'>Civitati</span> <span class='ocrx_word' id='word_1_13' title='bbox 1147 179 1263 211; x_wconf 86' lang='lat' dir='ltr'>Carliol.</span> <span class='ocrx_word' id='word_1_14' title='bbox 1280 178 1323 208; x_wconf 89' lang='lat' dir='ltr'>su-</span> 
     </span>
    </p>
   </div>
   <div class='ocr_carea' id='block_1_4' title="bbox 115 229 600 304">
    <p class='ocr_par' dir='ltr' id='par_1_4' title="bbox 115 229 600 304">
     <span class='ocr_line' id='line_1_4' title="bbox 138 229 600 265; baseline -0.015 0"><span class='ocrx_word' id='word_1_15' title='bbox 138 236 220 265; x_wconf 72' lang='lat'>1282.</span> <span class='ocrx_word' id='word_1_16' title='bbox 283 246 311 265; x_wconf 87' lang='lat' dir='ltr'>er</span> <span class='ocrx_word' id='word_1_17' title='bbox 332 234 488 265; x_wconf 76' lang='lat' dir='ltr'>redditione</span> <span class='ocrx_word' id='word_1_18' title='bbox 511 232 544 261; x_wconf 64' lang='grc' dir='ltr'>ὃ(</span> <span class='ocrx_word' id='word_1_19' title='bbox 566 229 600 259; x_wconf 89' lang='lat' dir='ltr'>ad</span> 
     </span>
     <span class='ocr_line' id='line_1_5' title="bbox 115 269 480 304; baseline -0.014 -1"><span class='ocrx_word' id='word_1_20' title='bbox 115 276 183 303; x_wconf 63' lang='lat' dir='ltr'>Ede.</span> <span class='ocrx_word' id='word_1_21' title='bbox 201 283 225 301; x_wconf 89' lang='lat' dir='ltr'>i.</span> <span class='ocrx_word' id='word_1_22' title='bbox 280 269 480 304; x_wconf 82' lang='lat' dir='ltr'>Vestmerland.</span> 
     </span>
    </p>
   </div>
   <div class='ocr_carea' id='block_1_5' title="bbox 765 217 1321 255">
    <p class='ocr_par' dir='ltr' id='par_1_5' title="bbox 765 217 1321 255">
     <span class='ocr_line' id='line_1_6' title="bbox 765 217 1321 255; baseline -0.018 1"><span class='ocrx_word' id='word_1_23' title='bbox 765 224 830 255; x_wconf 84' lang='lat' dir='ltr'>rum</span> <span class='ocrx_word' id='word_1_24' title='bbox 853 223 1048 254; x_wconf 86' lang='lat' dir='ltr'>Northumbr.</span> <span class='ocrx_word' id='word_1_25' title='bbox 1074 217 1262 250; x_wconf 88' lang='lat' dir='ltr'>Cumbirland</span> <span class='ocrx_word' id='word_1_26' title='bbox 1287 218 1321 248; x_wconf 86' lang='lat'>&amp;</span> 
     </span>
    </p>
   </div>
   <div class='ocr_carea' id='block_1_6' title="bbox 260 292 1328 615">
    <p class='ocr_par' dir='ltr' id='par_1_6' title="bbox 261 292 1320 387">
     <span class='ocr_line' id='line_1_7' title="bbox 300 292 1320 345; baseline -0.017 -5"><span class='ocrx_word' id='word_1_27' title='bbox 300 310 385 340; x_wconf 70' lang='lat' dir='ltr'>Carta</span> <span class='ocrx_word' id='word_1_28' title='bbox 408 308 446 338; x_wconf 88' lang='lat' dir='ltr'>R.</span> <span class='ocrx_word' id='word_1_29' title='bbox 463 305 547 345; x_wconf 79' lang='lat' dir='ltr'>Angl.</span> <span class='ocrx_word' id='word_1_30' title='bbox 563 305 599 335; x_wconf 89' lang='lat' dir='ltr'>de</span> <span class='ocrx_word' id='word_1_31' title='bbox 617 303 784 334; x_wconf 87' lang='lat' dir='ltr'>testimonio</span> <span class='ocrx_word' id='word_1_32' title='bbox 805 300 958 332; x_wconf 85' lang='lat' dir='ltr'>offerendo</span> <span class='ocrx_word' id='word_1_33' title='bbox 980 300 1051 329; x_wconf 86' lang='lat' dir='ltr'>inter</span> <span class='ocrx_word' id='word_1_34' title='bbox 1070 298 1144 337; x_wconf 83' lang='lat' dir='ltr'>Reg.</span> <span class='ocrx_word' id='word_1_35' title='bbox 1162 295 1268 327; x_wconf 83' lang='lat' dir='ltr'>Scotiae</span> <span class='ocrx_word' id='word_1_36' title='bbox 1287 292 1320 323; x_wconf 91' lang='lat'>&amp;</span> 
     </span>
     <span class='ocr_line' id='line_1_8' title="bbox 261 339 1040 387; baseline -0.015 -8"><span class='ocrx_word' id='word_1_37' title='bbox 261 349 339 387; x_wconf 88' lang='lat' dir='ltr'>Hug.</span> <span class='ocrx_word' id='word_1_38' title='bbox 355 347 444 387; x_wconf 87' lang='lat' dir='ltr'>Bygot</span> <span class='ocrx_word' id='word_1_39' title='bbox 458 345 537 382; x_wconf 89' lang='lat' dir='ltr'>super</span> <span class='ocrx_word' id='word_1_40' title='bbox 549 344 647 374; x_wconf 90' lang='lat' dir='ltr'>debito</span> <span class='ocrx_word' id='word_1_41' title='bbox 658 342 851 371; x_wconf 82' lang='lat' dir='ltr'>sexcentarum</span> <span class='ocrx_word' id='word_1_42' title='bbox 867 339 1040 370; x_wconf 87' lang='lat' dir='ltr'>Marcarum.</span> 
     </span>
    </p>

    <p class='ocr_par' dir='ltr' id='par_1_7' title="bbox 260 370 1325 456">
     <span class='ocr_line' id='line_1_9' title="bbox 298 370 1325 423; baseline -0.016 -8"><span class='ocrx_word' id='word_1_43' title='bbox 298 387 370 416; x_wconf 81' lang='lat' dir='ltr'>Item</span> <span class='ocrx_word' id='word_1_44' title='bbox 384 408 393 423; x_wconf 90' lang='lat'>,</span> <span class='ocrx_word' id='word_1_45' title='bbox 417 384 578 413; x_wconf 77' lang='lat' dir='ltr'>mandatum</span> <span class='ocrx_word' id='word_1_46' title='bbox 600 381 742 412; x_wconf 84' lang='lat' dir='ltr'>Baronum</span> <span class='ocrx_word' id='word_1_47' title='bbox 766 379 876 418; x_wconf 74' lang='lat' dir='ltr'>Angiiae</span> <span class='ocrx_word' id='word_1_48' title='bbox 894 376 1035 408; x_wconf 67' lang='lat' dir='ltr'>directum</span> <span class='ocrx_word' id='word_1_49' title='bbox 1056 373 1210 406; x_wconf 74' lang='lat' dir='ltr'>Batonibus</span> <span class='ocrx_word' id='word_1_50' title='bbox 1228 370 1325 400; x_wconf 89' lang='lat' dir='ltr'>Nort-</span> 
     </span>
     <span class='ocr_line' id='line_1_10' title="bbox 260 413 1251 456; baseline -0.015 -2"><span class='ocrx_word' id='word_1_51' title='bbox 260 424 373 456; x_wconf 88' lang='lat' dir='ltr'>humbr.</span> <span class='ocrx_word' id='word_1_52' title='bbox 391 420 588 452; x_wconf 83' lang='lat' dir='ltr'>Cumbirland.</span> <span class='ocrx_word' id='word_1_53' title='bbox 603 421 636 451; x_wconf 91' lang='lat'>&amp;</span> <span class='ocrx_word' id='word_1_54' title='bbox 651 418 695 449; x_wconf 86' lang='lat' dir='ltr'>W</span> <span class='ocrx_word' id='word_1_55' title='bbox 697 417 899 449; x_wconf 73' lang='lat' dir='ltr'>estmerlandiae</span> <span class='ocrx_word' id='word_1_56' title='bbox 911 425 960 454; x_wconf 88' lang='lat' dir='ltr'>per</span> <span class='ocrx_word' id='word_1_57' title='bbox 973 415 1085 454; x_wconf 84' lang='lat' dir='ltr'>Regem</span> <span class='ocrx_word' id='word_1_58' title='bbox 1098 413 1212 454; x_wconf 80' lang='lat' dir='ltr'>Scotiae.</span> <span class='ocrx_word' id='word_1_59' title='bbox 1246 447 1251 453; x_wconf 89' lang='lat'>.</span> 
     </span>
    </p>

    <p class='ocr_par' dir='ltr' id='par_1_8' title="bbox 261 446 1323 534">
     <span class='ocr_line' id='line_1_11' title="bbox 298 446 1323 494; baseline -0.016 -2"><span class='ocrx_word' id='word_1_60' title='bbox 298 462 368 492; x_wconf 86' lang='lat' dir='ltr'>Item</span> <span class='ocrx_word' id='word_1_61' title='bbox 404 460 496 490; x_wconf 89' lang='lat' dir='ltr'>Litera</span> <span class='ocrx_word' id='word_1_62' title='bbox 509 458 741 489; x_wconf 81' lang='lat' dir='ltr'>Conventionalis</span> <span class='ocrx_word' id='word_1_63' title='bbox 762 466 814 494; x_wconf 86' lang='lat' dir='ltr'>pro</span> <span class='ocrx_word' id='word_1_64' title='bbox 828 456 948 493; x_wconf 86' lang='lat' dir='ltr'>Rogero</span> <span class='ocrx_word' id='word_1_65' title='bbox 965 453 1057 493; x_wconf 87' lang='lat' dir='ltr'>Bygot</span> <span class='ocrx_word' id='word_1_66' title='bbox 1071 452 1107 482; x_wconf 92' lang='lat' dir='ltr'>de</span> <span class='ocrx_word' id='word_1_67' title='bbox 1128 447 1265 480; x_wconf 66' lang='lat' dir='ltr'>tolvendis</span> <span class='ocrx_word' id='word_1_68' title='bbox 1278 446 1323 476; x_wconf 89' lang='lat' dir='ltr'>sex</span> 
     </span>
     <span class='ocr_line' id='line_1_12' title="bbox 261 484 1011 534; baseline -0.015 -3"><span class='ocrx_word' id='word_1_69' title='bbox 261 501 353 532; x_wconf 87' lang='lat' dir='ltr'>centis</span> <span class='ocrx_word' id='word_1_70' title='bbox 368 484 475 529; x_wconf 65' lang='lat' dir='ltr'>Marcis</span> <span class='ocrx_word' id='word_1_71' title='bbox 487 497 621 528; x_wconf 88' lang='lat' dir='ltr'>Domino</span> <span class='ocrx_word' id='word_1_72' title='bbox 636 497 682 526; x_wconf 89' lang='lat' dir='ltr'>Re</span> <span class='ocrx_word' id='word_1_73' title='bbox 703 497 728 534; x_wconf 93' lang='lat' dir='ltr'>i,</span> <span class='ocrx_word' id='word_1_74' title='bbox 743 495 841 525; x_wconf 86' lang='lat' dir='ltr'>debitis</span> <span class='ocrx_word' id='word_1_75' title='bbox 851 495 886 523; x_wconf 86' lang='lat' dir='ltr'>ab</span> <span class='ocrx_word' id='word_1_76' title='bbox 899 493 1011 523; x_wconf 88' lang='lat' dir='ltr'>eodem.</span> 
     </span>
    </p>

    <p class='ocr_par' dir='ltr' id='par_1_9' title="bbox 299 530 1018 576">
     <span class='ocr_line' id='line_1_13' title="bbox 299 530 1018 576; baseline -0.013 -8"><span class='ocrx_word' id='word_1_77' title='bbox 299 538 385 576; x_wconf 89' lang='lat' dir='ltr'>Item,</span> <span class='ocrx_word' id='word_1_78' title='bbox 402 537 495 567; x_wconf 91' lang='lat' dir='ltr'>Litera</span> <span class='ocrx_word' id='word_1_79' title='bbox 505 536 622 574; x_wconf 84' lang='lat' dir='ltr'>Majoris</span> <span class='ocrx_word' id='word_1_80' title='bbox 637 536 669 566; x_wconf 69' lang='grc' dir='ltr'>ὃ(</span> <span class='ocrx_word' id='word_1_81' title='bbox 708 533 866 573; x_wconf 81' lang='lat' dir='ltr'>urgensium</span> <span class='ocrx_word' id='word_1_82' title='bbox 882 530 1018 573; x_wconf 46' lang='lat' dir='ltr'>Lundon,</span> 
     </span>
    </p>

    <p class='ocr_par' dir='ltr' id='par_1_10' title="bbox 300 560 1328 615">
     <span class='ocr_line' id='line_1_14' title="bbox 300 560 1328 615; baseline -0.017 -8"><span class='ocrx_word' id='word_1_83' title='bbox 300 576 390 615; x_wconf 84' lang='lat' dir='ltr'><strong>Item,</strong></span> <span class='ocrx_word' id='word_1_84' title='bbox 409 576 445 606; x_wconf 91' lang='lat' dir='ltr'>de</span> <span class='ocrx_word' id='word_1_85' title='bbox 459 575 566 606; x_wconf 88' lang='lat' dir='ltr'>summa</span> <span class='ocrx_word' id='word_1_86' title='bbox 582 574 668 605; x_wconf 85' lang='lat' dir='ltr'>soluta</span> <span class='ocrx_word' id='word_1_87' title='bbox 685 583 740 613; x_wconf 85' lang='lat' dir='ltr'>pro</span> <span class='ocrx_word' id='word_1_88' title='bbox 760 571 913 610; x_wconf 82' lang='lat' dir='ltr'>Maritagio</span> <span class='ocrx_word' id='word_1_89' title='bbox 932 569 1033 599; x_wconf 80' lang='lat' dir='ltr'>sororls</span> <span class='ocrx_word' id='word_1_90' title='bbox 1051 565 1127 605; x_wconf 77' lang='lat' dir='ltr'>Reg.</span> <span class='ocrx_word' id='word_1_91' title='bbox 1147 560 1328 610; x_wconf 31' lang='lat' dir='ltr'>cum-Mare-</span> 
     </span>
    </p>
   </div>
   <div class='ocr_carea' id='block_1_7' title="bbox 264 615 354 646">
    <p class='ocr_par' dir='ltr' id='par_1_11' title="bbox 264 615 354 646">
     <span class='ocr_line' id='line_1_15' title="bbox 264 615 354 646; baseline -0.033 0"><span class='ocrx_word' id='word_1_92' title='bbox 264 615 354 646; x_wconf 89' lang='lat' dir='ltr'>scallo.</span> 
     </span>
    </p>
   </div>
   <div class='ocr_carea' id='block_1_8' title="bbox 262 637 1329 807">
    <p class='ocr_par' dir='ltr' id='par_1_12' title="bbox 262 637 1328 769">
     <span class='ocr_line' id='line_1_16' title="bbox 301 637 1328 689; baseline -0.018 -5"><span class='ocrx_word' id='word_1_93' title='bbox 301 653 374 684; x_wconf 86' lang='lat' dir='ltr'>Item</span> <span class='ocrx_word' id='word_1_94' title='bbox 382 676 390 689; x_wconf 88' lang='lat'>,</span> <span class='ocrx_word' id='word_1_95' title='bbox 409 652 547 682; x_wconf 74' lang='lat' dir='ltr'>excusatio</span> <span class='ocrx_word' id='word_1_96' title='bbox 554 651 735 681; x_wconf 84' lang='lat' dir='ltr'>Nuntiorum</span> <span class='ocrx_word' id='word_1_97' title='bbox 744 648 831 688; x_wconf 86' lang='lat' dir='ltr'>Regis</span> <span class='ocrx_word' id='word_1_98' title='bbox 838 646 941 676; x_wconf 88' lang='lat' dir='ltr'>Scotiae</span> <span class='ocrx_word' id='word_1_99' title='bbox 954 643 1026 674; x_wconf 63' lang='lat' dir='ltr'>faeta</span> <span class='ocrx_word' id='word_1_100' title='bbox 1035 652 1087 684; x_wconf 29' lang='lat' dir='ltr'>*per</span> <span class='ocrx_word' id='word_1_101' title='bbox 1097 640 1232 682; x_wconf 86' lang='lat' dir='ltr'>quosdam</span> <span class='ocrx_word' id='word_1_102' title='bbox 1242 637 1328 676; x_wconf 87' lang='lat' dir='ltr'>Mag-</span> 
     </span>
     <span class='ocr_line' id='line_1_17' title="bbox 263 676 1328 730; baseline -0.016 -8"><span class='ocrx_word' id='word_1_103' title='bbox 263 702 338 722; x_wconf 83' lang='lat' dir='ltr'>nate5</span> <span class='ocrx_word' id='word_1_104' title='bbox 354 692 465 730; x_wconf 63' lang='lat' dir='ltr'>Angliae</span> <span class='ocrx_word' id='word_1_105' title='bbox 480 703 489 728; x_wconf 68' lang='grc' dir='ltr'><strong>ς</strong></span> <span class='ocrx_word' id='word_1_106' title='bbox 508 692 541 721; x_wconf 89' lang='lat'>&amp;</span> <span class='ocrx_word' id='word_1_107' title='bbox 555 689 590 719; x_wconf 93' lang='lat' dir='ltr'>de</span> <span class='ocrx_word' id='word_1_108' title='bbox 608 689 656 718; x_wconf 93' lang='lat' dir='ltr'>alia</span> <span class='ocrx_word' id='word_1_109' title='bbox 674 688 816 718; x_wconf 84' lang='lat' dir='ltr'>securitate</span> <span class='ocrx_word' id='word_1_110' title='bbox 831 685 903 716; x_wconf 68' lang='lat' dir='ltr'>faeta</span> <span class='ocrx_word' id='word_1_111' title='bbox 922 693 970 722; x_wconf 86' lang='lat' dir='ltr'>per</span> <span class='ocrx_word' id='word_1_112' title='bbox 990 681 1102 712; x_wconf 78' lang='lat' dir='ltr'>eotdem</span> <span class='ocrx_word' id='word_1_113' title='bbox 1117 680 1197 717; x_wconf 90' lang='lat' dir='ltr'>super</span> <span class='ocrx_word' id='word_1_114' title='bbox 1210 676 1328 717; x_wconf 87' lang='lat' dir='ltr'>quadam</span> 
     </span>
     <span class='ocr_line' id='line_1_18' title="bbox 262 720 1063 769; baseline -0.015 -8"><span class='ocrx_word' id='word_1_115' title='bbox 262 731 371 761; x_wconf 82' lang='lat' dir='ltr'>summa</span> <span class='ocrx_word' id='word_1_116' title='bbox 386 731 514 769; x_wconf 80' lang='lat' dir='ltr'>pecuniae</span> <span class='ocrx_word' id='word_1_117' title='bbox 528 726 694 768; x_wconf 87' lang='lat' dir='ltr'>deponenda</span> <span class='ocrx_word' id='word_1_118' title='bbox 708 725 742 756; x_wconf 88' lang='lat' dir='ltr'>ad</span> <span class='ocrx_word' id='word_1_119' title='bbox 756 724 915 764; x_wconf 88' lang='lat' dir='ltr'>Templum</span> <span class='ocrx_word' id='word_1_120' title='bbox 931 720 1063 763; x_wconf 67' lang='lat' dir='ltr'>Lundon3</span> 
     </span>
    </p>

    <p class='ocr_par' dir='ltr' id='par_1_13' title="bbox 305 754 1329 807">
     <span class='ocr_line' id='line_1_19' title="bbox 305 754 1329 807; baseline -0.016 -8"><span class='ocrx_word' id='word_1_121' title='bbox 305 769 376 800; x_wconf 85' lang='lat' dir='ltr'>Item</span> <span class='ocrx_word' id='word_1_122' title='bbox 385 791 394 807; x_wconf 89' lang='lat'>,</span> <span class='ocrx_word' id='word_1_123' title='bbox 411 768 563 798; x_wconf 86' lang='lat' dir='ltr'>amicabilis</span> <span class='ocrx_word' id='word_1_124' title='bbox 579 764 748 803; x_wconf 85' lang='lat' dir='ltr'>compositio</span> <span class='ocrx_word' id='word_1_125' title='bbox 769 764 840 794; x_wconf 89' lang='lat' dir='ltr'>inter</span> <span class='ocrx_word' id='word_1_126' title='bbox 854 761 969 800; x_wconf 85' lang='lat' dir='ltr'>Regem</span> <span class='ocrx_word' id='word_1_127' title='bbox 984 759 1108 795; x_wconf 78' lang='lat' dir='ltr'>Sconae,</span> <span class='ocrx_word' id='word_1_128' title='bbox 1122 757 1155 788; x_wconf 87' lang='lat'>&amp;</span> <span class='ocrx_word' id='word_1_129' title='bbox 1169 754 1329 786; x_wconf 83' lang='lat' dir='ltr'>walterum</span> 
     </span>
    </p>
   </div>
   <div class='ocr_carea' id='block_1_9' title="bbox 264 807 491 838">
    <p class='ocr_par' dir='ltr' id='par_1_14' title="bbox 264 807 491 838">
     <span class='ocr_line' id='line_1_20' title="bbox 264 807 491 838; baseline -0.009 0"><span class='ocrx_word' id='word_1_130' title='bbox 264 807 300 838; x_wconf 89' lang='lat' dir='ltr'>de</span> <span class='ocrx_word' id='word_1_131' title='bbox 315 807 491 837; x_wconf 77' lang='lat' dir='ltr'>Seburtham.</span> 
     </span>
    </p>
   </div>
   <div class='ocr_carea' id='block_1_10' title="bbox 300 834 1330 921">
    <p class='ocr_par' dir='ltr' id='par_1_15' title="bbox 300 834 1330 921">
     <span class='ocr_line' id='line_1_21' title="bbox 303 834 1315 876; baseline -0.016 0"><span class='ocrx_word' id='word_1_132' title='bbox 303 845 374 876; x_wconf 86' lang='lat' dir='ltr'>Item</span> <span class='ocrx_word' id='word_1_133' title='bbox 391 845 483 875; x_wconf 71' lang='lat' dir='ltr'>Litera</span> <span class='ocrx_word' id='word_1_134' title='bbox 499 843 622 873; x_wconf 91' lang='lat' dir='ltr'>Roberti</span> <span class='ocrx_word' id='word_1_135' title='bbox 635 841 670 872; x_wconf 88' lang='lat' dir='ltr'>de</span> <span class='ocrx_word' id='word_1_136' title='bbox 686 841 752 871; x_wconf 86' lang='lat' dir='ltr'>Ros.</span> <span class='ocrx_word' id='word_1_137' title='bbox 767 841 800 871; x_wconf 77' lang='grc' dir='ltr'>δε</span> <span class='ocrx_word' id='word_1_138' title='bbox 816 838 942 870; x_wconf 87' lang='lat' dir='ltr'>Eustacii</span> <span class='ocrx_word' id='word_1_139' title='bbox 956 836 992 867; x_wconf 91' lang='lat' dir='ltr'>de</span> <span class='ocrx_word' id='word_1_140' title='bbox 1006 834 1105 876; x_wconf 89' lang='lat' dir='ltr'>Vescy.</span> <span class='ocrx_word' id='word_1_141' title='bbox 1309 868 1315 873; x_wconf 24' lang='grc' dir='ltr'><strong>Α</strong></span> 
     </span>
     <span class='ocr_line' id='line_1_22' title="bbox 300 869 1330 921; baseline -0.017 -7"><span class='ocrx_word' id='word_1_142' title='bbox 300 883 390 921; x_wconf 79' lang='lat' dir='ltr'>Item,</span> <span class='ocrx_word' id='word_1_143' title='bbox 409 894 462 913; x_wconf 79' lang='lat' dir='ltr'>una</span> <span class='ocrx_word' id='word_1_144' title='bbox 478 883 574 912; x_wconf 87' lang='lat' dir='ltr'>Litera</span> <span class='ocrx_word' id='word_1_145' title='bbox 589 880 756 917; x_wconf 89' lang='lat' dir='ltr'>cancellata,</span> <span class='ocrx_word' id='word_1_146' title='bbox 772 888 857 916; x_wconf 81' lang='lat' dir='ltr'>quam</span> <span class='ocrx_word' id='word_1_147' title='bbox 872 887 930 906; x_wconf 91' lang='lat' dir='ltr'>non</span> <span class='ocrx_word' id='word_1_148' title='bbox 946 875 1067 905; x_wconf 75' lang='lat' dir='ltr'>vidimus</span> <span class='ocrx_word' id='word_1_149' title='bbox 1080 883 1116 903; x_wconf 88' lang='lat' dir='ltr'>eo</span> <span class='ocrx_word' id='word_1_150' title='bbox 1128 870 1204 912; x_wconf 86' lang='lat' dir='ltr'>quod</span> <span class='ocrx_word' id='word_1_151' title='bbox 1222 869 1330 899; x_wconf 87' lang='lat' dir='ltr'>Domi-</span> 
     </span>
    </p>
   </div>
   <div class='ocr_carea' id='block_1_11' title="bbox 265 908 1330 957">
    <p class='ocr_par' dir='ltr' id='par_1_16' title="bbox 265 908 1330 957">
     <span class='ocr_line' id='line_1_23' title="bbox 265 908 1330 957; baseline -0.016 -4"><span class='ocrx_word' id='word_1_152' title='bbox 265 933 317 954; x_wconf 87' lang='lat' dir='ltr'>nus</span> <span class='ocrx_word' id='word_1_153' title='bbox 334 924 386 953; x_wconf 84' lang='lat' dir='ltr'>W.</span> <span class='ocrx_word' id='word_1_154' title='bbox 401 923 436 952; x_wconf 89' lang='lat' dir='ltr'>de</span> <span class='ocrx_word' id='word_1_155' title='bbox 452 921 553 952; x_wconf 87' lang='lat' dir='ltr'>Dunsr.</span> <span class='ocrx_word' id='word_1_156' title='bbox 567 920 636 951; x_wconf 77' lang='lat' dir='ltr'>dixit</span> <span class='ocrx_word' id='word_1_157' title='bbox 651 920 677 950; x_wconf 87' lang='lat' dir='ltr'>se</span> <span class='ocrx_word' id='word_1_158' title='bbox 692 919 763 949; x_wconf 90' lang='lat' dir='ltr'>velle</span> <span class='ocrx_word' id='word_1_159' title='bbox 777 918 849 957; x_wconf 81' lang='lat' dir='ltr'>prius</span> <span class='ocrx_word' id='word_1_160' title='bbox 863 915 1011 946; x_wconf 88' lang='lat' dir='ltr'>ostendere</span> <span class='ocrx_word' id='word_1_161' title='bbox 1027 912 1102 951; x_wconf 83' lang='lat' dir='ltr'>Regi</span> <span class='ocrx_word' id='word_1_162' title='bbox 1117 918 1246 941; x_wconf 86' lang='lat' dir='ltr'>tenorem</span> <span class='ocrx_word' id='word_1_163' title='bbox 1261 908 1330 945; x_wconf 85' lang='lat' dir='ltr'>ejus-</span> 
     </span>
    </p>
   </div>
   <div class='ocr_carea' id='block_1_12' title="bbox 264 962 341 992">
    <p class='ocr_par' dir='ltr' id='par_1_17' title="bbox 264 962 341 992">
     <span class='ocr_line' id='line_1_24' title="bbox 264 962 341 992; baseline -0.013 -1"><span class='ocrx_word' id='word_1_164' title='bbox 264 962 341 992; x_wconf 83' lang='lat' dir='ltr'>dein.</span> 
     </span>
    </p>
   </div>
   <div class='ocr_carea' id='block_1_13' title="bbox 304 983 1331 1036">
    <p class='ocr_par' dir='ltr' id='par_1_18' title="bbox 304 983 1331 1036">
     <span class='ocr_line' id='line_1_25' title="bbox 304 983 1331 1036; baseline -0.016 -7"><span class='ocrx_word' id='word_1_165' title='bbox 304 999 394 1036; x_wconf 86' lang='lat' dir='ltr'>Item,</span> <span class='ocrx_word' id='word_1_166' title='bbox 415 999 510 1029; x_wconf 83' lang='lat' dir='ltr'>Litera</span> <span class='ocrx_word' id='word_1_167' title='bbox 525 997 668 1028; x_wconf 91' lang='lat' dir='ltr'>Lodovici</span> <span class='ocrx_word' id='word_1_168' title='bbox 684 996 730 1027; x_wconf 84' lang='lat' dir='ltr'>filii</span> <span class='ocrx_word' id='word_1_169' title='bbox 743 994 832 1034; x_wconf 83' lang='lat' dir='ltr'>Regis</span> <span class='ocrx_word' id='word_1_170' title='bbox 846 993 973 1025; x_wconf 76' lang='lat' dir='ltr'>Francia:</span> <span class='ocrx_word' id='word_1_171' title='bbox 986 990 1022 1021; x_wconf 88' lang='lat' dir='ltr'>de</span> <span class='ocrx_word' id='word_1_172' title='bbox 1033 987 1249 1020; x_wconf 86' lang='lat' dir='ltr'>confirmatione</span> <span class='ocrx_word' id='word_1_173' title='bbox 1258 983 1331 1014; x_wconf 88' lang='lat' dir='ltr'>Car-</span> 
     </span>
    </p>
   </div>
   <div class='ocr_carea' id='block_1_14' title="bbox 267 1037 594 1076">
    <p class='ocr_par' dir='ltr' id='par_1_19' title="bbox 267 1037 594 1076">
     <span class='ocr_line' id='line_1_26' title="bbox 267 1037 594 1076; baseline -0.015 -6"><span class='ocrx_word' id='word_1_174' title='bbox 267 1047 303 1070; x_wconf 73' lang='lat' dir='ltr'>tae</span> <span class='ocrx_word' id='word_1_175' title='bbox 320 1038 461 1069; x_wconf 81' lang='lat' dir='ltr'>Baronum</span> <span class='ocrx_word' id='word_1_176' title='bbox 475 1037 594 1076; x_wconf 73' lang='lat' dir='ltr'>Angliae.</span> 
     </span>
    </p>
   </div>
   <div class='ocr_carea' id='block_1_15' title="bbox 303 1067 1331 1155">
    <p class='ocr_par' dir='ltr' id='par_1_20' title="bbox 303 1067 1331 1155">
     <span class='ocr_line' id='line_1_27' title="bbox 303 1067 1329 1114; baseline -0.016 -7"><span class='ocrx_word' id='word_1_177' title='bbox 303 1077 392 1114; x_wconf 86' lang='lat' dir='ltr'>Item,</span> <span class='ocrx_word' id='word_1_178' title='bbox 409 1077 460 1106; x_wconf 83' lang='lat' dir='ltr'>alia</span> <span class='ocrx_word' id='word_1_179' title='bbox 475 1074 693 1105; x_wconf 81' lang='lat' dir='ltr'>Confoederatio</span> <span class='ocrx_word' id='word_1_180' title='bbox 706 1073 776 1102; x_wconf 90' lang='lat' dir='ltr'>inter</span> <span class='ocrx_word' id='word_1_181' title='bbox 790 1071 892 1102; x_wconf 90' lang='lat' dir='ltr'>Scotos</span> <span class='ocrx_word' id='word_1_182' title='bbox 907 1069 939 1100; x_wconf 86' lang='lat'>&amp;</span> <span class='ocrx_word' id='word_1_183' title='bbox 953 1067 1095 1106; x_wconf 80' lang='lat' dir='ltr'>Anglicos.</span> <span class='ocrx_word' id='word_1_184' title='bbox 1324 1099 1329 1105; x_wconf 34' lang='lat'><strong><em>¹</em></strong></span> 
     </span>
     <span class='ocr_line' id='line_1_28' title="bbox 305 1099 1331 1155; baseline -0.017 -9"><span class='ocrx_word' id='word_1_185' title='bbox 305 1115 396 1154; x_wconf 90' lang='lat' dir='ltr'>Item,</span> <span class='ocrx_word' id='word_1_186' title='bbox 412 1115 511 1147; x_wconf 85' lang='lat' dir='ltr'>solutio</span> <span class='ocrx_word' id='word_1_187' title='bbox 527 1123 603 1155; x_wconf 80' lang='lat'><em>3700</em></span> <span class='ocrx_word' id='word_1_188' title='bbox 619 1111 713 1143; x_wconf 83' lang='lat' dir='ltr'>Marc.</span> <span class='ocrx_word' id='word_1_189' title='bbox 729 1111 762 1142; x_wconf 89' lang='lat'>&amp;</span> <span class='ocrx_word' id='word_1_190' title='bbox 778 1109 978 1148; x_wconf 82' lang='lat' dir='ltr'>quinquaginta</span> <span class='ocrx_word' id='word_1_191' title='bbox 990 1106 1155 1138; x_wconf 86' lang='lat' dir='ltr'>Marcarum</span> <span class='ocrx_word' id='word_1_192' title='bbox 1171 1101 1244 1133; x_wconf 73' lang='lat' dir='ltr'>faCta</span> <span class='ocrx_word' id='word_1_193' title='bbox 1255 1099 1331 1139; x_wconf 79' lang='lat' dir='ltr'>Regi</span> 
     </span>
    </p>
   </div>
   <div class='ocr_carea' id='block_1_16' title="bbox 269 1154 621 1230">
    <p class='ocr_par' dir='ltr' id='par_1_21' title="bbox 269 1154 621 1230">
     <span class='ocr_line' id='line_1_29' title="bbox 269 1154 390 1194; baseline -0.025 -8"><span class='ocrx_word' id='word_1_194' title='bbox 269 1154 390 1194; x_wconf 73' lang='lat' dir='ltr'>Angiiae.</span> 
     </span>
     <span class='ocr_line' id='line_1_30' title="bbox 306 1190 621 1230; baseline -0.01 -7"><span class='ocrx_word' id='word_1_195' title='bbox 306 1192 395 1230; x_wconf 82' lang='lat' dir='ltr'>Item,</span> <span class='ocrx_word' id='word_1_196' title='bbox 416 1191 509 1222; x_wconf 85' lang='lat' dir='ltr'>Litera</span> <span class='ocrx_word' id='word_1_197' title='bbox 518 1190 621 1221; x_wconf 91' lang='lat' dir='ltr'>Ludov</span> 
     </span>
    </p>
   </div>
   <div class='ocr_carea' id='block_1_17' title="bbox 624 1177 1332 1227">
    <p class='ocr_par' dir='ltr' id='par_1_22' title="bbox 624 1177 1332 1227">
     <span class='ocr_line' id='line_1_31' title="bbox 624 1177 1332 1227; baseline -0.02 -7"><span class='ocrx_word' id='word_1_198' title='bbox 624 1190 659 1220; x_wconf 87' lang='lat' dir='ltr'>ici</span> <span class='ocrx_word' id='word_1_199' title='bbox 673 1189 721 1219; x_wconf 85' lang='lat' dir='ltr'>filii</span> <span class='ocrx_word' id='word_1_200' title='bbox 735 1187 822 1227; x_wconf 86' lang='lat' dir='ltr'>Regis</span> <span class='ocrx_word' id='word_1_201' title='bbox 834 1185 858 1216; x_wconf 87' lang='lat' dir='ltr'>F</span> <span class='ocrx_word' id='word_1_202' title='bbox 858 1185 961 1216; x_wconf 84' lang='lat' dir='ltr'>ranciae</span> <span class='ocrx_word' id='word_1_203' title='bbox 975 1184 1011 1214; x_wconf 89' lang='lat' dir='ltr'>de</span> <span class='ocrx_word' id='word_1_204' title='bbox 1018 1179 1230 1214; x_wconf 87' lang='lat' dir='ltr'>Northumbria</span> <span class='ocrx_word' id='word_1_205' title='bbox 1238 1177 1332 1208; x_wconf 87' lang='lat' dir='ltr'>Cum-</span> 
     </span>
    </p>
   </div>
   <div class='ocr_carea' id='block_1_18' title="bbox 267 1228 1333 1308">
    <p class='ocr_par' dir='ltr' id='par_1_23' title="bbox 267 1228 1333 1308">
     <span class='ocr_line' id='line_1_32' title="bbox 267 1228 698 1263; baseline -0.012 -1"><span class='ocrx_word' id='word_1_206' title='bbox 267 1231 390 1263; x_wconf 83' lang='lat' dir='ltr'>berland.</span> <span class='ocrx_word' id='word_1_207' title='bbox 405 1231 437 1261; x_wconf 68' lang='grc' dir='ltr'>δε</span> <span class='ocrx_word' id='word_1_208' title='bbox 453 1228 698 1260; x_wconf 84' lang='lat' dir='ltr'>Westmerlandia.</span> 
     </span>
     <span class='ocr_line' id='line_1_33' title="bbox 310 1253 1333 1308; baseline -0.016 -8"><span class='ocrx_word' id='word_1_209' title='bbox 310 1270 382 1300; x_wconf 87' lang='lat' dir='ltr'>Item</span> <span class='ocrx_word' id='word_1_210' title='bbox 393 1293 401 1308; x_wconf 94' lang='lat'>,</span> <span class='ocrx_word' id='word_1_211' title='bbox 423 1269 512 1298; x_wconf 84' lang='lat' dir='ltr'>Litera</span> <span class='ocrx_word' id='word_1_212' title='bbox 529 1268 602 1306; x_wconf 68' lang='lat' dir='ltr'>Regi</span> <span class='ocrx_word' id='word_1_213' title='bbox 618 1267 728 1306; x_wconf 82' lang='lat' dir='ltr'>Angliae</span> <span class='ocrx_word' id='word_1_214' title='bbox 745 1264 781 1295; x_wconf 91' lang='lat' dir='ltr'>de</span> <span class='ocrx_word' id='word_1_215' title='bbox 793 1263 897 1295; x_wconf 82' lang='lat' dir='ltr'>auxilio</span> <span class='ocrx_word' id='word_1_216' title='bbox 914 1262 964 1292; x_wconf 87' lang='lat' dir='ltr'>sibi</span> <span class='ocrx_word' id='word_1_217' title='bbox 984 1261 1062 1291; x_wconf 60' lang='lat' dir='ltr'>faito</span> <span class='ocrx_word' id='word_1_218' title='bbox 1081 1261 1110 1290; x_wconf 91' lang='lat' dir='ltr'>in</span> <span class='ocrx_word' id='word_1_219' title='bbox 1125 1257 1189 1288; x_wconf 87' lang='lat' dir='ltr'>den.</span> <span class='ocrx_word' id='word_1_220' title='bbox 1203 1265 1252 1294; x_wconf 90' lang='lat' dir='ltr'>per</span> <span class='ocrx_word' id='word_1_221' title='bbox 1267 1253 1333 1284; x_wconf 92' lang='lat' dir='ltr'>Do-</span> 
     </span>
    </p>
   </div>
   <div class='ocr_carea' id='block_1_19' title="bbox 269 1297 1333 1384">
    <p class='ocr_par' dir='ltr' id='par_1_24' title="bbox 269 1297 1333 1384">
     <span class='ocr_line' id='line_1_34' title="bbox 269 1297 1226 1346; baseline -0.017 -7"><span class='ocrx_word' id='word_1_222' title='bbox 269 1310 383 1340; x_wconf 89' lang='lat' dir='ltr'>minum</span> <span class='ocrx_word' id='word_1_223' title='bbox 397 1308 511 1346; x_wconf 84' lang='lat' dir='ltr'>Regem</span> <span class='ocrx_word' id='word_1_224' title='bbox 525 1307 644 1344; x_wconf 79' lang='lat' dir='ltr'>Scotiae,</span> <span class='ocrx_word' id='word_1_225' title='bbox 663 1315 727 1344; x_wconf 84' lang='lat' dir='ltr'>quae</span> <span class='ocrx_word' id='word_1_226' title='bbox 739 1313 800 1334; x_wconf 90' lang='lat' dir='ltr'>non</span> <span class='ocrx_word' id='word_1_227' title='bbox 812 1301 933 1333; x_wconf 73' lang='lat' dir='ltr'>trahatur</span> <span class='ocrx_word' id='word_1_228' title='bbox 947 1301 977 1330; x_wconf 91' lang='lat' dir='ltr'>in</span> <span class='ocrx_word' id='word_1_229' title='bbox 989 1297 1226 1337; x_wconf 87' lang='lat' dir='ltr'>consequentiam.</span> 
     </span>
     <span class='ocr_line' id='line_1_35' title="bbox 307 1332 1333 1384; baseline -0.016 -7"><span class='ocrx_word' id='word_1_230' title='bbox 307 1347 394 1384; x_wconf 81' lang='lat' dir='ltr'>Item,</span> <span class='ocrx_word' id='word_1_231' title='bbox 412 1346 503 1376; x_wconf 85' lang='lat' dir='ltr'>Litera</span> <span class='ocrx_word' id='word_1_232' title='bbox 519 1345 616 1384; x_wconf 81' lang='lat' dir='ltr'>Legati</span> <span class='ocrx_word' id='word_1_233' title='bbox 630 1345 708 1384; x_wconf 88' lang='lat' dir='ltr'>super</span> <span class='ocrx_word' id='word_1_234' title='bbox 724 1341 906 1373; x_wconf 89' lang='lat' dir='ltr'>matrimonio</span> <span class='ocrx_word' id='word_1_235' title='bbox 929 1336 1125 1370; x_wconf 86' lang='lat' dir='ltr'>contrahendo</span> <span class='ocrx_word' id='word_1_236' title='bbox 1141 1336 1212 1365; x_wconf 90' lang='lat' dir='ltr'>inter</span> <span class='ocrx_word' id='word_1_237' title='bbox 1225 1332 1333 1363; x_wconf 86' lang='lat' dir='ltr'>sorores</span> 
     </span>
    </p>
   </div>
   <div class='ocr_carea' id='block_1_20' title="bbox 270 1385 607 1421">
    <p class='ocr_par' dir='ltr' id='par_1_25' title="bbox 270 1385 607 1421">
     <span class='ocr_line' id='line_1_36' title="bbox 270 1385 607 1421; baseline -0.012 -4"><span class='ocrx_word' id='word_1_238' title='bbox 270 1386 309 1417; x_wconf 89' lang='lat' dir='ltr'>R.</span> <span class='ocrx_word' id='word_1_239' title='bbox 323 1385 428 1415; x_wconf 78' lang='lat' dir='ltr'>Scotiae</span> <span class='ocrx_word' id='word_1_240' title='bbox 441 1385 474 1415; x_wconf 64' lang='grc' dir='ltr'>ὃ(</span> <span class='ocrx_word' id='word_1_241' title='bbox 490 1385 607 1421; x_wconf 80' lang='lat' dir='ltr'>Angliae.</span> 
     </span>
    </p>
   </div>
   <div class='ocr_carea' id='block_1_21' title="bbox 306 1408 1334 1462">
    <p class='ocr_par' dir='ltr' id='par_1_26' title="bbox 306 1408 1334 1462">
     <span class='ocr_line' id='line_1_37' title="bbox 306 1408 1334 1462; baseline -0.016 -7"><span class='ocrx_word' id='word_1_242' title='bbox 306 1424 396 1462; x_wconf 87' lang='lat' dir='ltr'>Item,</span> <span class='ocrx_word' id='word_1_243' title='bbox 415 1423 510 1454; x_wconf 88' lang='lat' dir='ltr'>Litera</span> <span class='ocrx_word' id='word_1_244' title='bbox 524 1423 560 1453; x_wconf 91' lang='lat' dir='ltr'>de</span> <span class='ocrx_word' id='word_1_245' title='bbox 574 1423 662 1453; x_wconf 88' lang='lat' dir='ltr'>tribus</span> <span class='ocrx_word' id='word_1_246' title='bbox 679 1419 790 1451; x_wconf 81' lang='lat' dir='ltr'>milibus</span> <span class='ocrx_word' id='word_1_247' title='bbox 809 1418 871 1449; x_wconf 90' lang='lat' dir='ltr'>libr.</span> <span class='ocrx_word' id='word_1_248' title='bbox 889 1417 922 1448; x_wconf 90' lang='lat'>&amp;</span> <span class='ocrx_word' id='word_1_249' title='bbox 935 1415 1053 1456; x_wconf 87' lang='lat' dir='ltr'>amplius</span> <span class='ocrx_word' id='word_1_250' title='bbox 1073 1413 1167 1444; x_wconf 89' lang='lat' dir='ltr'>solutis</span> <span class='ocrx_word' id='word_1_251' title='bbox 1181 1410 1257 1449; x_wconf 83' lang='lat' dir='ltr'>Regi</span> <span class='ocrx_word' id='word_1_252' title='bbox 1271 1408 1334 1439; x_wconf 90' lang='lat' dir='ltr'>An-</span> 
     </span>
    </p>
   </div>
   <div class='ocr_carea' id='block_1_22' title="bbox 269 1463 341 1503">
    <p class='ocr_par' dir='ltr' id='par_1_27' title="bbox 269 1463 341 1503">
     <span class='ocr_line' id='line_1_38' title="bbox 269 1463 341 1503; baseline 0 -11"><span class='ocrx_word' id='word_1_253' title='bbox 269 1463 341 1503; x_wconf 59' lang='lat' dir='ltr'>glise.</span> 
     </span>
    </p>
   </div>
   <div class='ocr_carea' id='block_1_23' title="bbox 308 1486 1334 1539">
    <p class='ocr_par' dir='ltr' id='par_1_28' title="bbox 308 1486 1334 1539">
     <span class='ocr_line' id='line_1_39' title="bbox 308 1486 1334 1539; baseline -0.017 -6"><span class='ocrx_word' id='word_1_254' title='bbox 308 1501 398 1539; x_wconf 88' lang='lat' dir='ltr'>Item,</span> <span class='ocrx_word' id='word_1_255' title='bbox 417 1499 513 1531; x_wconf 88' lang='lat' dir='ltr'>Litera</span> <span class='ocrx_word' id='word_1_256' title='bbox 526 1500 625 1539; x_wconf 74' lang='lat' dir='ltr'>quietae</span> <span class='ocrx_word' id='word_1_257' title='bbox 645 1496 819 1528; x_wconf 86' lang='lat' dir='ltr'>clamationis</span> <span class='ocrx_word' id='word_1_258' title='bbox 838 1494 961 1525; x_wconf 87' lang='lat' dir='ltr'>Domini</span> <span class='ocrx_word' id='word_1_259' title='bbox 976 1492 1099 1523; x_wconf 89' lang='lat' dir='ltr'>Gilberti</span> <span class='ocrx_word' id='word_1_260' title='bbox 1118 1487 1259 1520; x_wconf 85' lang='lat' dir='ltr'>Marscalli</span> <span class='ocrx_word' id='word_1_261' title='bbox 1271 1486 1334 1517; x_wconf 86' lang='lat' dir='ltr'>Re-</span> 
     </span>
    </p>
   </div>
   <div class='ocr_carea' id='block_1_24' title="bbox 269 1533 855 1581">
    <p class='ocr_par' dir='ltr' id='par_1_29' title="bbox 269 1533 855 1581">
     <span class='ocr_line' id='line_1_40' title="bbox 269 1533 855 1581; baseline -0.012 -11"><span class='ocrx_word' id='word_1_262' title='bbox 269 1541 309 1581; x_wconf 82' lang='lat' dir='ltr'>gis</span> <span class='ocrx_word' id='word_1_263' title='bbox 327 1540 435 1579; x_wconf 69' lang='lat' dir='ltr'>Angli-ae</span> <span class='ocrx_word' id='word_1_264' title='bbox 449 1539 486 1569; x_wconf 89' lang='lat' dir='ltr'>de</span> <span class='ocrx_word' id='word_1_265' title='bbox 499 1538 634 1569; x_wconf 80' lang='lat' dir='ltr'>Matieno</span> <span class='ocrx_word' id='word_1_266' title='bbox 647 1537 683 1567; x_wconf 91' lang='lat' dir='ltr'>de</span> <span class='ocrx_word' id='word_1_267' title='bbox 693 1533 855 1574; x_wconf 88' lang='lat' dir='ltr'>Jeddewrd.</span> 
     </span>
    </p>
   </div>
   <div class='ocr_carea' id='block_1_25' title="bbox 271 1577 621 1649">
    <p class='ocr_par' dir='ltr' id='par_1_30' title="bbox 271 1577 621 1649">
     <span class='ocr_line' id='line_1_41' title="bbox 310 1577 621 1616; baseline -0.006 -8"><span class='ocrx_word' id='word_1_268' title='bbox 310 1578 397 1616; x_wconf 87' lang='lat' dir='ltr'>Item,</span> <span class='ocrx_word' id='word_1_269' title='bbox 420 1578 511 1608; x_wconf 89' lang='lat' dir='ltr'>Litera</span> <span class='ocrx_word' id='word_1_270' title='bbox 520 1577 621 1607; x_wconf 84' lang='lat' dir='ltr'>Prioris</span> 
     </span>
     <span class='ocr_line' id='line_1_42' title="bbox 271 1615 619 1649; baseline -0.011 0"><span class='ocrx_word' id='word_1_271' title='bbox 271 1617 385 1649; x_wconf 78' lang='lat' dir='ltr'>busdam</span> <span class='ocrx_word' id='word_1_272' title='bbox 401 1615 538 1648; x_wconf 87' lang='lat' dir='ltr'>Marchiis</span> <span class='ocrx_word' id='word_1_273' title='bbox 550 1617 619 1645; x_wconf 86' lang='lat' dir='ltr'>inter</span> 
     </span>
    </p>
   </div>
   <div class='ocr_carea' id='block_1_26' title="bbox 627 1563 1335 1652">
    <p class='ocr_par' dir='ltr' id='par_1_31' title="bbox 627 1563 1335 1652">
     <span class='ocr_line' id='line_1_43' title="bbox 627 1563 1335 1607; baseline -0.02 -1"><span class='ocrx_word' id='word_1_274' title='bbox 627 1574 741 1606; x_wconf 82' lang='lat' dir='ltr'>Carliol.</span> <span class='ocrx_word' id='word_1_275' title='bbox 754 1573 790 1603; x_wconf 92' lang='lat' dir='ltr'>de</span> <span class='ocrx_word' id='word_1_276' title='bbox 803 1570 943 1603; x_wconf 85' lang='lat' dir='ltr'>amicabili</span> <span class='ocrx_word' id='word_1_277' title='bbox 960 1567 1168 1607; x_wconf 82' lang='lat' dir='ltr'>compositione</span> <span class='ocrx_word' id='word_1_278' title='bbox 1180 1566 1257 1602; x_wconf 88' lang='lat' dir='ltr'>super</span> <span class='ocrx_word' id='word_1_279' title='bbox 1273 1563 1335 1602; x_wconf 87' lang='lat' dir='ltr'>qui-</span> 
     </span>
     <span class='ocr_line' id='line_1_44' title="bbox 634 1602 1334 1652; baseline -0.017 -8"><span class='ocrx_word' id='word_1_280' title='bbox 634 1613 724 1652; x_wconf 83' lang='lat' dir='ltr'>ipsum</span> <span class='ocrx_word' id='word_1_281' title='bbox 738 1612 866 1642; x_wconf 84' lang='lat' dir='ltr'>Priorem</span> <span class='ocrx_word' id='word_1_282' title='bbox 879 1610 912 1642; x_wconf 90' lang='lat'>&amp;</span> <span class='ocrx_word' id='word_1_283' title='bbox 926 1608 1038 1649; x_wconf 83' lang='lat' dir='ltr'>Regem</span> <span class='ocrx_word' id='word_1_284' title='bbox 1046 1607 1151 1638; x_wconf 81' lang='lat' dir='ltr'>Scotiae</span> <span class='ocrx_word' id='word_1_285' title='bbox 1163 1605 1198 1635; x_wconf 91' lang='lat' dir='ltr'>de</span> <span class='ocrx_word' id='word_1_286' title='bbox 1213 1613 1284 1635; x_wconf 87' lang='lat' dir='ltr'>terra</span> <span class='ocrx_word' id='word_1_287' title='bbox 1297 1602 1334 1633; x_wconf 90' lang='lat' dir='ltr'>de</span> 
     </span>
    </p>
   </div>
   <div class='ocr_carea' id='block_1_27' title="bbox 270 1654 1335 1779">
    <p class='ocr_par' dir='ltr' id='par_1_32' title="bbox 270 1654 1335 1779">
     <span class='ocr_line' id='line_1_45' title="bbox 272 1654 646 1692; baseline -0.011 -6"><span class='ocrx_word' id='word_1_288' title='bbox 272 1656 403 1687; x_wconf 72' lang='lat' dir='ltr'>Peiireth.</span> <span class='ocrx_word' id='word_1_289' title='bbox 415 1656 448 1686; x_wconf 71' lang='grc' dir='ltr'>ὃ(</span> <span class='ocrx_word' id='word_1_290' title='bbox 462 1654 497 1686; x_wconf 88' lang='lat' dir='ltr'>de</span> <span class='ocrx_word' id='word_1_291' title='bbox 511 1654 646 1692; x_wconf 85' lang='lat' dir='ltr'>Soureby.</span> 
     </span>
     <span class='ocr_line' id='line_1_46' title="bbox 308 1679 1335 1732; baseline -0.016 -6"><span class='ocrx_word' id='word_1_292' title='bbox 308 1694 397 1731; x_wconf 84' lang='lat' dir='ltr'>Item,</span> <span class='ocrx_word' id='word_1_293' title='bbox 416 1694 509 1724; x_wconf 85' lang='lat' dir='ltr'>Litera</span> <span class='ocrx_word' id='word_1_294' title='bbox 523 1693 611 1732; x_wconf 82' lang='lat' dir='ltr'>Regis</span> <span class='ocrx_word' id='word_1_295' title='bbox 619 1690 728 1729; x_wconf 80' lang='lat' dir='ltr'>Angliae</span> <span class='ocrx_word' id='word_1_296' title='bbox 740 1688 817 1728; x_wconf 86' lang='lat' dir='ltr'>quod</span> <span class='ocrx_word' id='word_1_297' title='bbox 832 1696 891 1718; x_wconf 90' lang='lat' dir='ltr'>non</span> <span class='ocrx_word' id='word_1_298' title='bbox 904 1693 1025 1716; x_wconf 81' lang='lat' dir='ltr'>vertatur</span> <span class='ocrx_word' id='word_1_299' title='bbox 1039 1684 1069 1714; x_wconf 92' lang='lat' dir='ltr'>in</span> <span class='ocrx_word' id='word_1_300' title='bbox 1080 1682 1264 1723; x_wconf 73' lang='lat' dir='ltr'>praejudicum</span> <span class='ocrx_word' id='word_1_301' title='bbox 1272 1679 1335 1710; x_wconf 89' lang='lat' dir='ltr'>Re-</span> 
     </span>
     <span class='ocr_line' id='line_1_47' title="bbox 270 1720 1335 1779; baseline -0.013 -15"><span class='ocrx_word' id='word_1_302' title='bbox 270 1734 418 1779; x_wconf 28' lang='lat' dir='ltr'>giNScotiae</span> <span class='ocrx_word' id='word_1_303' title='bbox 433 1732 512 1771; x_wconf 86' lang='lat' dir='ltr'>quod</span> <span class='ocrx_word' id='word_1_304' title='bbox 525 1731 647 1770; x_wconf 86' lang='lat' dir='ltr'>homagii</span> <span class='ocrx_word' id='word_1_305' title='bbox 662 1730 699 1760; x_wconf 83' lang='lat' dir='ltr'>sui</span> <span class='ocrx_word' id='word_1_306' title='bbox 722 1728 846 1766; x_wconf 86' lang='lat' dir='ltr'>receptio</span> <span class='ocrx_word' id='word_1_307' title='bbox 866 1726 918 1756; x_wconf 91' lang='lat' dir='ltr'>fuit</span> <span class='ocrx_word' id='word_1_308' title='bbox 936 1731 1083 1765; x_wconf 88' lang='lat' dir='ltr'>prorogata</span> <span class='ocrx_word' id='word_1_309' title='bbox 1100 1723 1136 1752; x_wconf 89' lang='lat' dir='ltr'>de</span> <span class='ocrx_word' id='word_1_310' title='bbox 1153 1720 1335 1760; x_wconf 87' lang='lat' dir='ltr'>Tuckysbyri</span> 
     </span>
    </p>
   </div>
   <div class='ocr_carea' id='block_1_28' title="bbox 271 1771 507 1809">
    <p class='ocr_par' dir='ltr' id='par_1_33' title="bbox 271 1771 507 1809">
     <span class='ocr_line' id='line_1_48' title="bbox 271 1771 507 1809; baseline -0.013 -6"><span class='ocrx_word' id='word_1_311' title='bbox 271 1779 357 1809; x_wconf 75' lang='lat' dir='ltr'>utque</span> <span class='ocrx_word' id='word_1_312' title='bbox 372 1771 507 1802; x_wconf 90' lang='lat' dir='ltr'>Lundon.</span> 
     </span>
    </p>
   </div>
   <div class='ocr_carea' id='block_1_29' title="bbox 310 1795 1335 1847">
    <p class='ocr_par' dir='ltr' id='par_1_34' title="bbox 310 1795 1335 1847">
     <span class='ocr_line' id='line_1_49' title="bbox 310 1795 1335 1847; baseline -0.017 -5"><span class='ocrx_word' id='word_1_313' title='bbox 310 1811 399 1847; x_wconf 85' lang='lat' dir='ltr'>Item,</span> <span class='ocrx_word' id='word_1_314' title='bbox 418 1810 509 1841; x_wconf 86' lang='lat' dir='ltr'>Litera</span> <span class='ocrx_word' id='word_1_315' title='bbox 528 1810 598 1840; x_wconf 88' lang='lat' dir='ltr'>inter</span> <span class='ocrx_word' id='word_1_316' title='bbox 615 1807 729 1847; x_wconf 86' lang='lat' dir='ltr'>Regem</span> <span class='ocrx_word' id='word_1_317' title='bbox 747 1806 780 1837; x_wconf 90' lang='lat'>&amp;</span> <span class='ocrx_word' id='word_1_318' title='bbox 795 1803 890 1835; x_wconf 88' lang='lat' dir='ltr'>Adam</span> <span class='ocrx_word' id='word_1_319' title='bbox 909 1801 945 1832; x_wconf 89' lang='lat' dir='ltr'>de</span> <span class='ocrx_word' id='word_1_320' title='bbox 961 1801 986 1831; x_wconf 91' lang='lat' dir='ltr'>le</span> <span class='ocrx_word' id='word_1_321' title='bbox 1007 1798 1172 1839; x_wconf 85' lang='lat' dir='ltr'>Crokidayk</span> <span class='ocrx_word' id='word_1_322' title='bbox 1186 1797 1222 1828; x_wconf 91' lang='lat' dir='ltr'>de</span> <span class='ocrx_word' id='word_1_323' title='bbox 1241 1795 1335 1826; x_wconf 90' lang='lat' dir='ltr'>Corn-</span> 
     </span>
    </p>
   </div>
   <div class='ocr_carea' id='block_1_30' title="bbox 274 1848 568 1886">
    <p class='ocr_par' dir='ltr' id='par_1_35' title="bbox 274 1848 568 1886">
     <span class='ocr_line' id='line_1_50' title="bbox 274 1848 568 1886; baseline -0.017 -5"><span class='ocrx_word' id='word_1_324' title='bbox 274 1851 369 1881; x_wconf 84' lang='lat' dir='ltr'>munia</span> <span class='ocrx_word' id='word_1_325' title='bbox 382 1849 418 1880; x_wconf 84' lang='lat' dir='ltr'>de</span> <span class='ocrx_word' id='word_1_326' title='bbox 431 1848 568 1886; x_wconf 78' lang='lat' dir='ltr'>Soureby.</span> 
     </span>
    </p>
   </div>
   <div class='ocr_carea' id='block_1_31' title="bbox 308 1873 1335 1926">
    <p class='ocr_par' dir='ltr' id='par_1_36' title="bbox 308 1873 1335 1926">
     <span class='ocr_line' id='line_1_51' title="bbox 308 1873 1335 1926; baseline -0.016 -7"><span class='ocrx_word' id='word_1_327' title='bbox 308 1888 398 1926; x_wconf 77' lang='lat' dir='ltr'>Item,</span> <span class='ocrx_word' id='word_1_328' title='bbox 418 1887 511 1918; x_wconf 88' lang='lat' dir='ltr'>Litera</span> <span class='ocrx_word' id='word_1_329' title='bbox 526 1888 596 1916; x_wconf 85' lang='lat' dir='ltr'>inter</span> <span class='ocrx_word' id='word_1_330' title='bbox 609 1885 722 1924; x_wconf 83' lang='lat' dir='ltr'>Regem</span> <span class='ocrx_word' id='word_1_331' title='bbox 736 1882 842 1914; x_wconf 80' lang='lat' dir='ltr'>Scotiae</span> <span class='ocrx_word' id='word_1_332' title='bbox 854 1880 887 1911; x_wconf 67' lang='grc' dir='ltr'>ὃ(</span> <span class='ocrx_word' id='word_1_333' title='bbox 901 1877 1064 1910; x_wconf 79' lang='lat' dir='ltr'>Galfridum</span> <span class='ocrx_word' id='word_1_334' title='bbox 1078 1875 1285 1906; x_wconf 83' lang='lat' dir='ltr'>filiuvaonis</span> <span class='ocrx_word' id='word_1_335' title='bbox 1299 1873 1335 1904; x_wconf 90' lang='lat' dir='ltr'>de</span> 
     </span>
    </p>
   </div>
   <div class='ocr_carea' id='block_1_32' title="bbox 273 1925 625 1958">
    <p class='ocr_par' dir='ltr' id='par_1_37' title="bbox 273 1925 625 1958">
     <span class='ocr_line' id='line_1_52' title="bbox 273 1925 625 1958; baseline -0.009 -1"><span class='ocrx_word' id='word_1_336' title='bbox 273 1927 451 1958; x_wconf 82' lang='lat' dir='ltr'>Communia</span> <span class='ocrx_word' id='word_1_337' title='bbox 465 1926 500 1956; x_wconf 92' lang='lat' dir='ltr'>de</span> <span class='ocrx_word' id='word_1_338' title='bbox 515 1925 625 1955; x_wconf 79' lang='lat' dir='ltr'>Sourcb</span> 
     </span>
    </p>
   </div>
   <div class='ocr_carea' id='block_1_33' title="bbox 273 1953 1336 2073">
    <p class='ocr_par' dir='ltr' id='par_1_38' title="bbox 273 1953 1336 2073">
     <span class='ocr_line' id='line_1_53' title="bbox 311 1953 1244 2003; baseline -0.016 -7"><span class='ocrx_word' id='word_1_339' title='bbox 311 1965 400 2003; x_wconf 89' lang='lat' dir='ltr'>Item,</span> <span class='ocrx_word' id='word_1_340' title='bbox 420 1964 512 1994; x_wconf 87' lang='lat' dir='ltr'>Litera</span> <span class='ocrx_word' id='word_1_341' title='bbox 528 1963 606 1992; x_wconf 80' lang='lat' dir='ltr'>Alex.</span> <span class='ocrx_word' id='word_1_342' title='bbox 622 1961 656 1991; x_wconf 93' lang='lat' dir='ltr'>de</span> <span class='ocrx_word' id='word_1_343' title='bbox 670 1959 800 1992; x_wconf 84' lang='lat' dir='ltr'>Boultun.</span> <span class='ocrx_word' id='word_1_344' title='bbox 817 1957 852 1987; x_wconf 94' lang='lat' dir='ltr'>de</span> <span class='ocrx_word' id='word_1_345' title='bbox 868 1955 1046 1986; x_wconf 83' lang='lat' dir='ltr'>Communia</span> <span class='ocrx_word' id='word_1_346' title='bbox 1057 1953 1092 1984; x_wconf 88' lang='lat' dir='ltr'>de</span> <span class='ocrx_word' id='word_1_347' title='bbox 1107 1953 1244 1992; x_wconf 86' lang='lat' dir='ltr'>Sourcby.</span> 
     </span>
     <span class='ocr_line' id='line_1_54' title="bbox 311 1990 1336 2041; baseline -0.014 -8"><span class='ocrx_word' id='word_1_348' title='bbox 311 2003 381 2034; x_wconf 58' lang='lat' dir='ltr'>Item</span> <span class='ocrx_word' id='word_1_349' title='bbox 391 2027 399 2040; x_wconf 75' lang='lat'>,</span> <span class='ocrx_word' id='word_1_350' title='bbox 421 2002 514 2033; x_wconf 90' lang='lat' dir='ltr'>Litera</span> <span class='ocrx_word' id='word_1_351' title='bbox 526 2001 603 2041; x_wconf 86' lang='lat' dir='ltr'>quod</span> <span class='ocrx_word' id='word_1_352' title='bbox 617 2010 676 2030; x_wconf 92' lang='lat' dir='ltr'>non</span> <span class='ocrx_word' id='word_1_353' title='bbox 691 1998 771 2029; x_wconf 89' lang='lat' dir='ltr'>cedat</span> <span class='ocrx_word' id='word_1_354' title='bbox 787 1996 859 2035; x_wconf 85' lang='lat' dir='ltr'>Regi</span> <span class='ocrx_word' id='word_1_355' title='bbox 877 1995 983 2026; x_wconf 82' lang='lat' dir='ltr'>Scotiae</span> <span class='ocrx_word' id='word_1_356' title='bbox 1003 1994 1033 2023; x_wconf 90' lang='lat' dir='ltr'>in</span> <span class='ocrx_word' id='word_1_357' title='bbox 1049 1991 1244 2032; x_wconf 76' lang='lat' dir='ltr'>praejiidicium</span> <span class='ocrx_word' id='word_1_358' title='bbox 1259 1990 1336 2030; x_wconf 86' lang='lat' dir='ltr'>quod</span> 
     </span>
     <span class='ocr_line' id='line_1_55' title="bbox 273 2032 1104 2073; baseline -0.016 0"><span class='ocrx_word' id='word_1_359' title='bbox 273 2042 371 2073; x_wconf 85' lang='lat' dir='ltr'>Ballivi</span> <span class='ocrx_word' id='word_1_360' title='bbox 385 2043 422 2072; x_wconf 87' lang='lat' dir='ltr'>sui</span> <span class='ocrx_word' id='word_1_361' title='bbox 438 2040 615 2071; x_wconf 77' lang='lat' dir='ltr'>reddiderunt</span> <span class='ocrx_word' id='word_1_362' title='bbox 628 2040 654 2069; x_wconf 93' lang='lat' dir='ltr'>ei</span> <span class='ocrx_word' id='word_1_363' title='bbox 670 2037 764 2068; x_wconf 87' lang='lat' dir='ltr'>Ballias</span> <span class='ocrx_word' id='word_1_364' title='bbox 775 2035 831 2065; x_wconf 86' lang='lat' dir='ltr'>suas</span> <span class='ocrx_word' id='word_1_365' title='bbox 846 2034 918 2073; x_wconf 92' lang='lat' dir='ltr'>apud</span> <span class='ocrx_word' id='word_1_366' title='bbox 932 2032 1104 2063; x_wconf 84' lang='lat' dir='ltr'>Eboracum.</span> 
     </span>
    </p>
   </div>
   <div class='ocr_carea' id='block_1_34' title="bbox 312 2078 624 2119">
    <p class='ocr_par' dir='ltr' id='par_1_39' title="bbox 312 2078 624 2119">
     <span class='ocr_line' id='line_1_56' title="bbox 312 2078 624 2119; baseline -0.01 -9"><span class='ocrx_word' id='word_1_367' title='bbox 312 2080 384 2110; x_wconf 86' lang='lat' dir='ltr'>Item</span> <span class='ocrx_word' id='word_1_368' title='bbox 391 2104 400 2119; x_wconf 97' lang='lat'>,</span> <span class='ocrx_word' id='word_1_369' title='bbox 420 2080 525 2119; x_wconf 63' lang='lat' dir='ltr'>Magna</span> <span class='ocrx_word' id='word_1_370' title='bbox 540 2078 624 2109; x_wconf 85' lang='lat' dir='ltr'>Carta</span> 
     </span>
    </p>
   </div>
   <div class='ocr_carea' id='block_1_35' title="bbox 639 2069 1181 2109">
    <p class='ocr_par' dir='ltr' id='par_1_40' title="bbox 639 2069 1181 2109">
     <span class='ocr_line' id='line_1_57' title="bbox 639 2069 1181 2109; baseline -0.018 -1"><span class='ocrx_word' id='word_1_371' title='bbox 639 2078 674 2108; x_wconf 91' lang='lat' dir='ltr'>de</span> <span class='ocrx_word' id='word_1_372' title='bbox 688 2074 819 2106; x_wconf 88' lang='lat' dir='ltr'>Penreth.</span> <span class='ocrx_word' id='word_1_373' title='bbox 832 2072 905 2103; x_wconf 60' lang='lat' dir='ltr'>faeta</span> <span class='ocrx_word' id='word_1_374' title='bbox 919 2070 994 2109; x_wconf 82' lang='lat' dir='ltr'>apud</span> <span class='ocrx_word' id='word_1_375' title='bbox 1010 2069 1181 2100; x_wconf 87' lang='lat' dir='ltr'>Eboracum.</span> 
     </span>
    </p>
   </div>
   <div class='ocr_carea' id='block_1_36' title="bbox 314 2107 1337 2156">
    <p class='ocr_par' dir='ltr' id='par_1_41' title="bbox 314 2107 1337 2156">
     <span class='ocr_line' id='line_1_58' title="bbox 314 2107 1337 2156; baseline -0.014 -7"><span class='ocrx_word' id='word_1_376' title='bbox 314 2119 387 2149; x_wconf 89' lang='lat' dir='ltr'>Item</span> <span class='ocrx_word' id='word_1_377' title='bbox 396 2142 405 2156; x_wconf 91' lang='lat'>,</span> <span class='ocrx_word' id='word_1_378' title='bbox 418 2117 504 2148; x_wconf 85' lang='lat' dir='ltr'>Carta</span> <span class='ocrx_word' id='word_1_379' title='bbox 519 2117 592 2156; x_wconf 86' lang='lat' dir='ltr'>Reg.</span> <span class='ocrx_word' id='word_1_380' title='bbox 606 2115 717 2155; x_wconf 83' lang='lat' dir='ltr'>Angliae</span> <span class='ocrx_word' id='word_1_381' title='bbox 731 2113 767 2144; x_wconf 91' lang='lat' dir='ltr'>de</span> <span class='ocrx_word' id='word_1_382' title='bbox 780 2111 837 2143; x_wconf 91' lang='lat' dir='ltr'>mil.</span> <span class='ocrx_word' id='word_1_383' title='bbox 853 2111 915 2141; x_wconf 84' lang='lat' dir='ltr'>libr.</span> <span class='ocrx_word' id='word_1_384' title='bbox 929 2109 1031 2140; x_wconf 86' lang='lat' dir='ltr'>debitis</span> <span class='ocrx_word' id='word_1_385' title='bbox 1044 2108 1118 2147; x_wconf 87' lang='lat' dir='ltr'>Regi</span> <span class='ocrx_word' id='word_1_386' title='bbox 1133 2107 1241 2138; x_wconf 86' lang='lat' dir='ltr'>Scotiae</span> <span class='ocrx_word' id='word_1_387' title='bbox 1255 2107 1337 2137; x_wconf 88' lang='lat' dir='ltr'>ratio-</span> 
     </span>
    </p>
   </div>
   <div class='ocr_carea' id='block_1_37' title="bbox 277 2155 554 2188">
    <p class='ocr_par' dir='ltr' id='par_1_42' title="bbox 277 2155 554 2188">
     <span class='ocr_line' id='line_1_59' title="bbox 277 2155 554 2188; baseline -0.011 0"><span class='ocrx_word' id='word_1_388' title='bbox 277 2167 313 2188; x_wconf 89' lang='lat' dir='ltr'>ne</span> <span class='ocrx_word' id='word_1_389' title='bbox 324 2158 396 2187; x_wconf 84' lang='lat' dir='ltr'>dotis</span> <span class='ocrx_word' id='word_1_390' title='bbox 412 2156 475 2186; x_wconf 85' lang='lat' dir='ltr'>filiae</span> <span class='ocrx_word' id='word_1_391' title='bbox 492 2155 554 2186; x_wconf 80' lang='lat' dir='ltr'>suae.</span> 
     </span>
    </p>
   </div>
   <div class='ocr_carea' id='block_1_38' title="bbox 313 2182 1337 2260">
    <p class='ocr_par' dir='ltr' id='par_1_43' title="bbox 313 2182 1337 2260">
     <span class='ocr_line' id='line_1_60' title="bbox 313 2182 1337 2260; baseline -0.014 -34"><span class='ocrx_word' id='word_1_392' title='bbox 313 2196 401 2232; x_wconf 84' lang='lat' dir='ltr'>Item,</span> <span class='ocrx_word' id='word_1_393' title='bbox 420 2194 512 2224; x_wconf 87' lang='lat' dir='ltr'>Litera</span> <span class='ocrx_word' id='word_1_394' title='bbox 525 2193 599 2233; x_wconf 87' lang='lat' dir='ltr'>Regi</span> <span class='ocrx_word' id='word_1_395' title='bbox 617 2191 730 2260; x_wconf 62' lang='lat' dir='ltr'>Angliae</span> <span class='ocrx_word' id='word_1_396' title='bbox 748 2188 825 2228; x_wconf 89' lang='lat' dir='ltr'>quod</span> <span class='ocrx_word' id='word_1_397' title='bbox 839 2188 973 2219; x_wconf 88' lang='lat' dir='ltr'>adventus</span> <span class='ocrx_word' id='word_1_398' title='bbox 984 2186 1071 2226; x_wconf 87' lang='lat' dir='ltr'>Regis</span> <span class='ocrx_word' id='word_1_399' title='bbox 1086 2184 1191 2216; x_wconf 79' lang='lat' dir='ltr'>Scotiae</span> <span class='ocrx_word' id='word_1_400' title='bbox 1204 2182 1239 2214; x_wconf 90' lang='lat' dir='ltr'>ad</span> <span class='ocrx_word' id='word_1_401' title='bbox 1252 2193 1337 2214; x_wconf 92' lang='lat' dir='ltr'>coro-</span> 
     </span>
    </p>
   </div>
   <div class='ocr_carea' id='block_1_39' title="bbox 279 2231 651 2272">
    <p class='ocr_par' dir='ltr' id='par_1_44' title="bbox 279 2231 651 2272">
     <span class='ocr_line' id='line_1_61' title="bbox 279 2231 651 2272; baseline -0.011 -8"><span class='ocrx_word' id='word_1_402' title='bbox 279 2236 424 2265; x_wconf 82' lang='lat' dir='ltr'>nationem</span> <span class='ocrx_word' id='word_1_403' title='bbox 439 2233 527 2272; x_wconf 88' lang='lat' dir='ltr'>Regis</span> <span class='ocrx_word' id='word_1_404' title='bbox 540 2231 651 2272; x_wconf 81' lang='lat' dir='ltr'>Angliae</span> 
     </span>
    </p>
   </div>
   <div class='ocr_carea' id='block_1_40' title="bbox 273 2273 420 2313">
    <p class='ocr_par' dir='ltr' id='par_1_45' title="bbox 273 2273 420 2313">
     <span class='ocr_line' id='line_1_62' title="bbox 273 2273 420 2313; baseline -0.014 -10"><span class='ocrx_word' id='word_1_405' title='bbox 273 2273 420 2313; x_wconf 85' lang='lat' dir='ltr'>judicium.</span> 
     </span>
    </p>
   </div>
   <div class='ocr_carea' id='block_1_41' title="bbox 694 2223 1337 2265">
    <p class='ocr_par' dir='ltr' id='par_1_46' title="bbox 694 2223 1337 2265">
     <span class='ocr_line' id='line_1_63' title="bbox 694 2223 1337 2265; baseline -0.014 -5"><span class='ocrx_word' id='word_1_406' title='bbox 694 2229 800 2260; x_wconf 89' lang='lat' dir='ltr'>undon.</span> <span class='ocrx_word' id='word_1_407' title='bbox 815 2237 875 2258; x_wconf 91' lang='lat' dir='ltr'>non</span> <span class='ocrx_word' id='word_1_408' title='bbox 889 2225 969 2257; x_wconf 90' lang='lat' dir='ltr'>cedat</span> <span class='ocrx_word' id='word_1_409' title='bbox 982 2225 1088 2265; x_wconf 88' lang='lat' dir='ltr'>Regno</span> <span class='ocrx_word' id='word_1_410' title='bbox 1101 2223 1206 2254; x_wconf 79' lang='lat' dir='ltr'>Scotiae</span> <span class='ocrx_word' id='word_1_411' title='bbox 1221 2224 1251 2252; x_wconf 93' lang='lat' dir='ltr'>in</span> <span class='ocrx_word' id='word_1_412' title='bbox 1265 2232 1337 2261; x_wconf 81' lang='lat' dir='ltr'>prae-</span> 
     </span>
    </p>
   </div>
   <div class='ocr_carea' id='block_1_42' title="bbox 313 2299 1231 2388">
    <p class='ocr_par' dir='ltr' id='par_1_47' title="bbox 313 2299 1231 2388">
     <span class='ocr_line' id='line_1_64' title="bbox 313 2299 1231 2350; baseline -0.014 -8"><span class='ocrx_word' id='word_1_413' title='bbox 313 2311 403 2350; x_wconf 88' lang='lat' dir='ltr'>Item,</span> <span class='ocrx_word' id='word_1_414' title='bbox 421 2309 564 2348; x_wconf 86' lang='lat' dir='ltr'>processus</span> <span class='ocrx_word' id='word_1_415' title='bbox 574 2307 609 2339; x_wconf 90' lang='lat' dir='ltr'>de</span> <span class='ocrx_word' id='word_1_416' title='bbox 625 2306 757 2346; x_wconf 82' lang='lat' dir='ltr'>Qvetley</span> <span class='ocrx_word' id='word_1_417' title='bbox 768 2305 876 2335; x_wconf 84' lang='lat' dir='ltr'>habitus</span> <span class='ocrx_word' id='word_1_418' title='bbox 890 2311 985 2334; x_wconf 88' lang='lat' dir='ltr'>coram</span> <span class='ocrx_word' id='word_1_419' title='bbox 996 2300 1096 2339; x_wconf 89' lang='lat' dir='ltr'>Justic.</span> <span class='ocrx_word' id='word_1_420' title='bbox 1112 2299 1231 2339; x_wconf 81' lang='lat' dir='ltr'>Angliae.</span> 
     </span>
     <span class='ocr_line' id='line_1_65' title="bbox 313 2339 1052 2388; baseline -0.015 -8"><span class='ocrx_word' id='word_1_421' title='bbox 313 2349 403 2388; x_wconf 84' lang='lat' dir='ltr'>Item,</span> <span class='ocrx_word' id='word_1_422' title='bbox 422 2359 497 2380; x_wconf 86' lang='lat' dir='ltr'>nova</span> <span class='ocrx_word' id='word_1_423' title='bbox 512 2347 597 2379; x_wconf 87' lang='lat' dir='ltr'>Carta</span> <span class='ocrx_word' id='word_1_424' title='bbox 611 2346 684 2385; x_wconf 87' lang='lat' dir='ltr'>Reg.</span> <span class='ocrx_word' id='word_1_425' title='bbox 700 2344 809 2384; x_wconf 86' lang='lat' dir='ltr'>Angliae</span> <span class='ocrx_word' id='word_1_426' title='bbox 822 2343 859 2373; x_wconf 92' lang='lat' dir='ltr'>de</span> <span class='ocrx_word' id='word_1_427' title='bbox 873 2339 1052 2372; x_wconf 84' lang='lat' dir='ltr'>Aldemstun.</span> 
     </span>
    </p>
   </div>
   <div class='ocr_carea' id='block_1_43' title="bbox 554 2434 1060 2486">
    <p class='ocr_par' dir='ltr' id='par_1_48' title="bbox 554 2434 1060 2486">
     <span class='ocr_line' id='line_1_66' title="bbox 554 2434 1060 2486; baseline -0.014 -14"><span class='ocrx_word' id='word_1_428' title='bbox 554 2440 718 2486; x_wconf 81' lang='lat' dir='ltr'>Negotium</span> <span class='ocrx_word' id='word_1_429' title='bbox 740 2434 887 2471; x_wconf 78' lang='lat' dir='ltr'>Flandriae</span> <span class='ocrx_word' id='word_1_430' title='bbox 897 2462 907 2478; x_wconf 92' lang='lat'>‚</span> <span class='ocrx_word' id='word_1_431' title='bbox 926 2434 1040 2479; x_wconf 55' lang='lat' dir='ltr'>seilicet</span> <span class='ocrx_word' id='word_1_432' title='bbox 1050 2459 1060 2475; x_wconf 91' lang='lat'>,</span> 
     </span>
    </p>
   </div>
   <div class='ocr_carea' id='block_1_44' title="bbox 277 2529 1341 2638">
    <p class='ocr_par' dir='ltr' id='par_1_49' title="bbox 277 2529 1341 2638">
     <span class='ocr_line' id='line_1_67' title="bbox 277 2529 1276 2599; baseline -0.011 -36"><span class='ocrx_word' id='word_1_433' title='bbox 277 2530 463 2599; x_wconf 72' lang='lat' dir='ltr'>QUIatuor</span> <span class='ocrx_word' id='word_1_434' title='bbox 477 2531 550 2574; x_wconf 79' lang='lat' dir='ltr'>paria</span> <span class='ocrx_word' id='word_1_435' title='bbox 563 2529 714 2559; x_wconf 89' lang='lat' dir='ltr'>literarum.</span> <span class='ocrx_word' id='word_1_436' title='bbox 733 2566 738 2571; x_wconf 98' lang='lat'>.</span> <span class='ocrx_word' id='word_1_437' title='bbox 919 2562 925 2568; x_wconf 45' lang='grc'>.</span> <span class='ocrx_word' id='word_1_438' title='bbox 1087 2560 1092 2565; x_wconf 44' lang='lat'><strong>¹</strong></span> <span class='ocrx_word' id='word_1_439' title='bbox 1271 2559 1276 2564; x_wconf 28' lang='lat'>⁵</span> 
     </span>
     <span class='ocr_line' id='line_1_68' title="bbox 279 2557 1341 2638; baseline -0.013 -37"><span class='ocrx_word' id='word_1_440' title='bbox 279 2578 452 2638; x_wconf 32' lang='lat' dir='ltr'>Melros&#39;tem</span> <span class='ocrx_word' id='word_1_441' title='bbox 466 2592 476 2607; x_wconf 91' lang='lat'>,</span> <span class='ocrx_word' id='word_1_442' title='bbox 502 2568 597 2599; x_wconf 89' lang='lat' dir='ltr'>Litera</span> <span class='ocrx_word' id='word_1_443' title='bbox 615 2567 753 2605; x_wconf 79' lang='lat' dir='ltr'>johannis</span> <span class='ocrx_word' id='word_1_444' title='bbox 772 2564 810 2595; x_wconf 90' lang='lat' dir='ltr'>de</span> <span class='ocrx_word' id='word_1_445' title='bbox 828 2562 927 2594; x_wconf 56' lang='lat' dir='ltr'>&amp;Vesci</span> <span class='ocrx_word' id='word_1_446' title='bbox 941 2585 951 2600; x_wconf 86' lang='lat'>‚</span> <span class='ocrx_word' id='word_1_447' title='bbox 973 2570 1041 2592; x_wconf 89' lang='lat' dir='ltr'>cum</span> <span class='ocrx_word' id='word_1_448' title='bbox 1058 2558 1151 2590; x_wconf 85' lang='lat' dir='ltr'>Litera</span> <span class='ocrx_word' id='word_1_449' title='bbox 1170 2558 1290 2590; x_wconf 89' lang='lat' dir='ltr'>Abbatis</span> <span class='ocrx_word' id='word_1_450' title='bbox 1305 2557 1341 2588; x_wconf 93' lang='lat' dir='ltr'>de</span> 
     </span>
    </p>
   </div>
   <div class='ocr_carea' id='block_1_45' title="bbox 134 2634 1342 2685">
    <p class='ocr_par' dir='ltr' id='par_1_50' title="bbox 134 2634 1342 2685">
     <span class='ocr_line' id='line_1_69' title="bbox 134 2634 1342 2685; baseline -0.012 -7"><span class='ocrx_word' id='word_1_451' title='bbox 134 2650 150 2667; x_wconf 58' lang='grc' dir='ltr'>θ</span> <span class='ocrx_word' id='word_1_452' title='bbox 161 2648 266 2678; x_wconf 78' lang='lat'>11.218.</span> <span class='ocrx_word' id='word_1_453' title='bbox 316 2646 334 2664; x_wconf 71' lang='lat'>³¹*</span> <span class='ocrx_word' id='word_1_454' title='bbox 352 2645 442 2685; x_wconf 88' lang='lat' dir='ltr'>Item,</span> <span class='ocrx_word' id='word_1_455' title='bbox 461 2645 554 2676; x_wconf 88' lang='lat' dir='ltr'>Litera</span> <span class='ocrx_word' id='word_1_456' title='bbox 569 2642 703 2683; x_wconf 84' lang='lat' dir='ltr'>Episcopi</span> <span class='ocrx_word' id='word_1_457' title='bbox 722 2640 817 2673; x_wconf 67' lang='lat' dir='ltr'>saneti</span> <span class='ocrx_word' id='word_1_458' title='bbox 831 2638 955 2670; x_wconf 64' lang='lat' dir='ltr'>Andreae</span> <span class='ocrx_word' id='word_1_459' title='bbox 976 2638 1013 2669; x_wconf 92' lang='lat' dir='ltr'>de</span> <span class='ocrx_word' id='word_1_460' title='bbox 1027 2636 1148 2677; x_wconf 85' lang='lat' dir='ltr'>quadam</span> <span class='ocrx_word' id='word_1_461' title='bbox 1165 2636 1251 2676; x_wconf 87' lang='lat' dir='ltr'>gratia</span> <span class='ocrx_word' id='word_1_462' title='bbox 1266 2634 1342 2673; x_wconf 89' lang='lat' dir='ltr'>Reg.</span> 
     </span>
    </p>
   </div>
   <div class='ocr_carea' id='block_1_46' title="bbox 279 2684 428 2715">
    <p class='ocr_par' dir='ltr' id='par_1_51' title="bbox 279 2684 428 2715">
     <span class='ocr_line' id='line_1_70' title="bbox 279 2684 428 2715; baseline -0.007 0"><span class='ocrx_word' id='word_1_463' title='bbox 279 2684 330 2715; x_wconf 89' lang='lat' dir='ltr'>sibi</span> <span class='ocrx_word' id='word_1_464' title='bbox 344 2685 428 2715; x_wconf 59' lang='lat' dir='ltr'>faeta.</span> 
     </span>
    </p>
   </div>
   <div class='ocr_carea' id='block_1_47' title="bbox 279 2710 1344 2877">
    <p class='ocr_par' dir='ltr' id='par_1_52' title="bbox 279 2710 1343 2836">
     <span class='ocr_line' id='line_1_71' title="bbox 318 2710 1342 2762; baseline -0.014 -8"><span class='ocrx_word' id='word_1_465' title='bbox 318 2722 390 2754; x_wconf 83' lang='lat' dir='ltr'>Item</span> <span class='ocrx_word' id='word_1_466' title='bbox 405 2747 414 2762; x_wconf 85' lang='lat'>,</span> <span class='ocrx_word' id='word_1_467' title='bbox 442 2722 536 2753; x_wconf 90' lang='lat' dir='ltr'>Litera</span> <span class='ocrx_word' id='word_1_468' title='bbox 555 2720 700 2752; x_wconf 91' lang='lat' dir='ltr'>Baronum</span> <span class='ocrx_word' id='word_1_469' title='bbox 721 2719 756 2749; x_wconf 91' lang='lat' dir='ltr'>de</span> <span class='ocrx_word' id='word_1_470' title='bbox 775 2716 894 2757; x_wconf 87' lang='lat' dir='ltr'>Ergadia</span> <span class='ocrx_word' id='word_1_471' title='bbox 911 2714 988 2755; x_wconf 91' lang='lat' dir='ltr'>quod</span> <span class='ocrx_word' id='word_1_472' title='bbox 1003 2713 1119 2744; x_wconf 88' lang='lat' dir='ltr'>fideliter</span> <span class='ocrx_word' id='word_1_473' title='bbox 1134 2712 1252 2744; x_wconf 89' lang='lat' dir='ltr'>servient</span> <span class='ocrx_word' id='word_1_474' title='bbox 1265 2710 1342 2750; x_wconf 89' lang='lat' dir='ltr'>Regi</span> 
     </span>
     <span class='ocr_line' id='line_1_72' title="bbox 280 2749 1343 2800; baseline -0.013 -7"><span class='ocrx_word' id='word_1_475' title='bbox 280 2761 329 2793; x_wconf 88' lang='lat' dir='ltr'>sub</span> <span class='ocrx_word' id='word_1_476' title='bbox 343 2772 429 2800; x_wconf 85' lang='lat' dir='ltr'>poena</span> <span class='ocrx_word' id='word_1_477' title='bbox 441 2760 668 2792; x_wconf 83' lang='lat' dir='ltr'>exhaeredationis</span> <span class='ocrx_word' id='word_1_478' title='bbox 679 2767 776 2789; x_wconf 84' lang='lat' dir='ltr'>contra</span> <span class='ocrx_word' id='word_1_479' title='bbox 790 2757 880 2795; x_wconf 85' lang='lat' dir='ltr'>Aveg.</span> <span class='ocrx_word' id='word_1_480' title='bbox 895 2755 984 2785; x_wconf 82' lang='lat' dir='ltr'>filium</span> <span class='ocrx_word' id='word_1_481' title='bbox 992 2751 1168 2790; x_wconf 88' lang='lat' dir='ltr'>Dovenaldi,</span> <span class='ocrx_word' id='word_1_482' title='bbox 1187 2749 1265 2790; x_wconf 87' lang='lat' dir='ltr'>quod</span> <span class='ocrx_word' id='word_1_483' title='bbox 1277 2759 1343 2780; x_wconf 84' lang='lat' dir='ltr'>om-</span> 
     </span>
     <span class='ocr_line' id='line_1_73' title="bbox 279 2790 1214 2836; baseline -0.013 -5"><span class='ocrx_word' id='word_1_484' title='bbox 279 2810 327 2831; x_wconf 69' lang='lat' dir='ltr'>nes</span> <span class='ocrx_word' id='word_1_485' title='bbox 341 2800 414 2831; x_wconf 88' lang='lat' dir='ltr'>insur</span> <span class='ocrx_word' id='word_1_486' title='bbox 435 2809 481 2830; x_wconf 89' lang='lat' dir='ltr'>ent</span> <span class='ocrx_word' id='word_1_487' title='bbox 494 2807 592 2830; x_wconf 86' lang='lat' dir='ltr'>contra</span> <span class='ocrx_word' id='word_1_488' title='bbox 603 2797 695 2836; x_wconf 91' lang='lat' dir='ltr'>ipsum</span> <span class='ocrx_word' id='word_1_489' title='bbox 711 2797 730 2827; x_wconf 85' lang='lat' dir='ltr'>si</span> <span class='ocrx_word' id='word_1_490' title='bbox 744 2805 803 2826; x_wconf 90' lang='lat' dir='ltr'>non</span> <span class='ocrx_word' id='word_1_491' title='bbox 815 2794 912 2825; x_wconf 86' lang='lat' dir='ltr'>fecerit</span> <span class='ocrx_word' id='word_1_492' title='bbox 928 2792 1103 2823; x_wconf 86' lang='lat' dir='ltr'>voluntatem</span> <span class='ocrx_word' id='word_1_493' title='bbox 1118 2790 1214 2829; x_wconf 86' lang='lat' dir='ltr'>Regis.</span> 
     </span>
    </p>

    <p class='ocr_par' dir='ltr' id='par_1_53' title="bbox 318 2826 1344 2877">
     <span class='ocr_line' id='line_1_74' title="bbox 318 2826 1344 2877; baseline -0.014 -7"><span class='ocrx_word' id='word_1_494' title='bbox 318 2839 390 2869; x_wconf 85' lang='lat' dir='ltr'>Item</span> <span class='ocrx_word' id='word_1_495' title='bbox 400 2863 409 2877; x_wconf 95' lang='lat'>,</span> <span class='ocrx_word' id='word_1_496' title='bbox 452 2840 518 2870; x_wconf 89' lang='lat' dir='ltr'>itera</span> <span class='ocrx_word' id='word_1_497' title='bbox 532 2837 755 2875; x_wconf 87' lang='lat' dir='ltr'>Capitancorum</span> <span class='ocrx_word' id='word_1_498' title='bbox 767 2835 800 2865; x_wconf 88' lang='lat'>&amp;</span> <span class='ocrx_word' id='word_1_499' title='bbox 814 2833 899 2863; x_wconf 85' lang='lat' dir='ltr'>libere</span> <span class='ocrx_word' id='word_1_500' title='bbox 911 2832 1067 2862; x_wconf 87' lang='lat' dir='ltr'>tenentium</span> <span class='ocrx_word' id='word_1_501' title='bbox 1079 2828 1116 2860; x_wconf 91' lang='lat' dir='ltr'>de</span> <span class='ocrx_word' id='word_1_502' title='bbox 1130 2827 1252 2865; x_wconf 88' lang='lat' dir='ltr'>Carrik,</span> <span class='ocrx_word' id='word_1_503' title='bbox 1269 2826 1344 2857; x_wconf 85' lang='lat' dir='ltr'>obli-</span> 
     </span>
    </p>
   </div>
   <div class='ocr_carea' id='block_1_48' title="bbox 281 2866 1347 2917">
    <p class='ocr_par' dir='ltr' id='par_1_54' title="bbox 281 2866 1347 2917">
     <span class='ocr_line' id='line_1_75' title="bbox 281 2866 1347 2917; baseline -0.011 -9"><span class='ocrx_word' id='word_1_504' title='bbox 281 2879 384 2917; x_wconf 83' lang='lat' dir='ltr'>gatoria</span> <span class='ocrx_word' id='word_1_505' title='bbox 398 2877 474 2916; x_wconf 85' lang='lat' dir='ltr'>quod</span> <span class='ocrx_word' id='word_1_506' title='bbox 487 2877 602 2907; x_wconf 84' lang='lat' dir='ltr'>servient</span> <span class='ocrx_word' id='word_1_507' title='bbox 618 2875 752 2905; x_wconf 86' lang='lat' dir='ltr'>Domino</span> <span class='ocrx_word' id='word_1_508' title='bbox 773 2871 849 2911; x_wconf 88' lang='lat' dir='ltr'>Regi</span> <span class='ocrx_word' id='word_1_509' title='bbox 868 2878 965 2902; x_wconf 86' lang='lat' dir='ltr'>contra</span> <span class='ocrx_word' id='word_1_510' title='bbox 985 2879 1084 2899; x_wconf 90' lang='lat' dir='ltr'>omnes</span> <span class='ocrx_word' id='word_1_511' title='bbox 1099 2868 1229 2898; x_wconf 73' lang='lat' dir='ltr'>homines</span> <span class='ocrx_word' id='word_1_512' title='bbox 1241 2867 1290 2906; x_wconf 90' lang='lat' dir='ltr'>qui</span> <span class='ocrx_word' id='word_1_513' title='bbox 1301 2866 1347 2897; x_wconf 87' lang='lat' dir='ltr'>vi-</span> 
     </span>
    </p>
   </div>
   <div class='ocr_carea' id='block_1_49' title="bbox 282 2915 618 2953">
    <p class='ocr_par' dir='ltr' id='par_1_55' title="bbox 282 2915 618 2953">
     <span class='ocr_line' id='line_1_76' title="bbox 282 2915 618 2953; baseline -0.018 -5"><span class='ocrx_word' id='word_1_514' title='bbox 282 2927 347 2948; x_wconf 88' lang='lat' dir='ltr'>vere</span> <span class='ocrx_word' id='word_1_515' title='bbox 362 2916 474 2953; x_wconf 73' lang='lat' dir='ltr'>potsunt</span> <span class='ocrx_word' id='word_1_516' title='bbox 489 2917 522 2947; x_wconf 91' lang='lat'>&amp;</span> <span class='ocrx_word' id='word_1_517' title='bbox 535 2915 618 2945; x_wconf 89' lang='lat' dir='ltr'>mori.</span> 
     </span>
    </p>
   </div>
   <div class='ocr_carea' id='block_1_50' title="bbox 319 2942 1345 2993">
    <p class='ocr_par' dir='ltr' id='par_1_56' title="bbox 319 2942 1345 2993">
     <span class='ocr_line' id='line_1_77' title="bbox 319 2942 1345 2993; baseline -0.011 -9"><span class='ocrx_word' id='word_1_518' title='bbox 319 2954 410 2993; x_wconf 89' lang='lat' dir='ltr'>Item,</span> <span class='ocrx_word' id='word_1_519' title='bbox 428 2954 575 2993; x_wconf 85' lang='lat' dir='ltr'>Obligatio</span> <span class='ocrx_word' id='word_1_520' title='bbox 588 2952 705 2983; x_wconf 83' lang='lat' dir='ltr'>Abbatis</span> <span class='ocrx_word' id='word_1_521' title='bbox 717 2950 754 2981; x_wconf 89' lang='lat' dir='ltr'>de</span> <span class='ocrx_word' id='word_1_522' title='bbox 772 2949 883 2980; x_wconf 90' lang='lat' dir='ltr'>Melros</span> <span class='ocrx_word' id='word_1_523' title='bbox 897 2947 932 2978; x_wconf 92' lang='lat' dir='ltr'>de</span> <span class='ocrx_word' id='word_1_524' title='bbox 944 2946 1083 2978; x_wconf 89' lang='lat' dir='ltr'>solutione</span> <span class='ocrx_word' id='word_1_525' title='bbox 1096 2943 1222 2976; x_wconf 84' lang='lat' dir='ltr'>facienda</span> <span class='ocrx_word' id='word_1_526' title='bbox 1236 2942 1345 2974; x_wconf 88' lang='lat' dir='ltr'>Domi-</span> 
     </span>
    </p>
   </div>
   <div class='ocr_carea' id='block_1_51' title="bbox 283 2992 633 3024">
    <p class='ocr_par' dir='ltr' id='par_1_57' title="bbox 283 2992 633 3024">
     <span class='ocr_line' id='line_1_78' title="bbox 283 2992 633 3024; baseline -0.009 -1"><span class='ocrx_word' id='word_1_527' title='bbox 283 3003 324 3024; x_wconf 86' lang='lat' dir='ltr'>no</span> <span class='ocrx_word' id='word_1_528' title='bbox 351 2993 456 3023; x_wconf 87' lang='lat' dir='ltr'>ohanni</span> <span class='ocrx_word' id='word_1_529' title='bbox 471 2992 508 3022; x_wconf 89' lang='lat' dir='ltr'>de</span> <span class='ocrx_word' id='word_1_530' title='bbox 522 2992 633 3022; x_wconf 84' lang='lat' dir='ltr'>Aconia</span> 
     </span>
    </p>
   </div>
   <div class='ocr_carea' id='block_1_52' title="bbox 345 3020 1347 3069">
    <p class='ocr_par' dir='ltr' id='par_1_58' title="bbox 345 3020 1347 3069">
     <span class='ocr_line' id='line_1_79' title="bbox 345 3020 1347 3069; baseline -0.011 -8"><span class='ocrx_word' id='word_1_531' title='bbox 345 3041 402 3061; x_wconf 87' lang='lat' dir='ltr'>tem</span> <span class='ocrx_word' id='word_1_532' title='bbox 417 3054 426 3069; x_wconf 93' lang='lat'>,</span> <span class='ocrx_word' id='word_1_533' title='bbox 451 3030 546 3061; x_wconf 89' lang='lat' dir='ltr'>Litera</span> <span class='ocrx_word' id='word_1_534' title='bbox 568 3028 718 3060; x_wconf 89' lang='lat' dir='ltr'>Willielmi</span> <span class='ocrx_word' id='word_1_535' title='bbox 740 3026 776 3058; x_wconf 91' lang='lat' dir='ltr'>de</span> <span class='ocrx_word' id='word_1_536' title='bbox 800 3025 932 3057; x_wconf 87' lang='lat' dir='ltr'>Moravia</span> <span class='ocrx_word' id='word_1_537' title='bbox 956 3023 1033 3064; x_wconf 89' lang='lat' dir='ltr'>quod</span> <span class='ocrx_word' id='word_1_538' title='bbox 1057 3033 1116 3054; x_wconf 91' lang='lat' dir='ltr'>non</span> <span class='ocrx_word' id='word_1_539' title='bbox 1141 3020 1271 3053; x_wconf 85' lang='lat' dir='ltr'>alienabit</span> <span class='ocrx_word' id='word_1_540' title='bbox 1292 3027 1347 3051; x_wconf 91' lang='lat' dir='ltr'>ter-</span> 
     </span>
    </p>
   </div>
   <div class='ocr_carea' id='block_1_53' title="bbox 284 3070 423 3107">
    <p class='ocr_par' dir='ltr' id='par_1_59' title="bbox 284 3070 423 3107">
     <span class='ocr_line' id='line_1_80' title="bbox 284 3070 423 3107; baseline -0.007 -7"><span class='ocrx_word' id='word_1_541' title='bbox 284 3079 342 3107; x_wconf 85' lang='lat' dir='ltr'>ras,</span> <span class='ocrx_word' id='word_1_542' title='bbox 364 3070 423 3099; x_wconf 85' lang='lat' dir='ltr'>&amp;c.</span> 
     </span>
    </p>
   </div>
   <div class='ocr_carea' id='block_1_54' title="bbox 286 3098 1348 3331">
    <p class='ocr_par' dir='ltr' id='par_1_60' title="bbox 287 3098 1348 3186">
     <span class='ocr_line' id='line_1_81' title="bbox 323 3098 1348 3146; baseline -0.007 -9"><span class='ocrx_word' id='word_1_543' title='bbox 323 3108 412 3146; x_wconf 89' lang='lat' dir='ltr'>Item,</span> <span class='ocrx_word' id='word_1_544' title='bbox 431 3107 535 3137; x_wconf 83' lang='lat' dir='ltr'>Literae</span> <span class='ocrx_word' id='word_1_545' title='bbox 547 3105 734 3143; x_wconf 81' lang='lat' dir='ltr'>quorumdam</span> <span class='ocrx_word' id='word_1_546' title='bbox 743 3103 915 3141; x_wconf 80' lang='lat' dir='ltr'>Magnamm</span> <span class='ocrx_word' id='word_1_547' title='bbox 922 3099 1161 3132; x_wconf 85' lang='lat' dir='ltr'>Conventionales</span> <span class='ocrx_word' id='word_1_548' title='bbox 1168 3122 1178 3138; x_wconf 90' lang='lat'>,</span> <span class='ocrx_word' id='word_1_549' title='bbox 1197 3098 1275 3138; x_wconf 86' lang='lat' dir='ltr'>quod</span> <span class='ocrx_word' id='word_1_550' title='bbox 1288 3108 1348 3130; x_wconf 91' lang='lat' dir='ltr'>non</span> 
     </span>
     <span class='ocr_line' id='line_1_82' title="bbox 287 3145 675 3186; baseline -0.008 -10"><span class='ocrx_word' id='word_1_551' title='bbox 287 3147 409 3177; x_wconf 84' lang='lat' dir='ltr'>multum</span> <span class='ocrx_word' id='word_1_552' title='bbox 424 3153 539 3186; x_wconf 83' lang='lat' dir='ltr'>tangunt</span> <span class='ocrx_word' id='word_1_553' title='bbox 553 3145 675 3184; x_wconf 79' lang='lat' dir='ltr'>Regem.</span> 
     </span>
    </p>

    <p class='ocr_par' dir='ltr' id='par_1_61' title="bbox 323 3176 1160 3222">
     <span class='ocr_line' id='line_1_83' title="bbox 323 3176 1160 3222; baseline -0.01 -7"><span class='ocrx_word' id='word_1_554' title='bbox 323 3185 412 3222; x_wconf 83' lang='lat' dir='ltr'>Item,</span> <span class='ocrx_word' id='word_1_555' title='bbox 430 3184 524 3214; x_wconf 82' lang='lat' dir='ltr'>Litera</span> <span class='ocrx_word' id='word_1_556' title='bbox 536 3183 601 3213; x_wconf 93' lang='lat' dir='ltr'>Vic.</span> <span class='ocrx_word' id='word_1_557' title='bbox 615 3182 649 3212; x_wconf 93' lang='lat' dir='ltr'>N</span> <span class='ocrx_word' id='word_1_558' title='bbox 652 3180 811 3212; x_wconf 89' lang='lat' dir='ltr'>orthumbr.</span> <span class='ocrx_word' id='word_1_559' title='bbox 825 3179 903 3217; x_wconf 86' lang='lat' dir='ltr'>super</span> <span class='ocrx_word' id='word_1_560' title='bbox 916 3178 996 3209; x_wconf 59' lang='lat' dir='ltr'>facito</span> <span class='ocrx_word' id='word_1_561' title='bbox 1009 3176 1160 3208; x_wconf 84' lang='lat' dir='ltr'>Marchiae.</span> 
     </span>
    </p>

    <p class='ocr_par' dir='ltr' id='par_1_62' title="bbox 325 3213 1346 3261">
     <span class='ocr_line' id='line_1_84' title="bbox 325 3213 1346 3261; baseline -0.009 -7"><span class='ocrx_word' id='word_1_562' title='bbox 325 3223 397 3254; x_wconf 83' lang='lat' dir='ltr'>Item</span> <span class='ocrx_word' id='word_1_563' title='bbox 406 3246 415 3261; x_wconf 94' lang='lat'>‚</span> <span class='ocrx_word' id='word_1_564' title='bbox 435 3222 582 3261; x_wconf 86' lang='lat' dir='ltr'>Obligatio</span> <span class='ocrx_word' id='word_1_565' title='bbox 594 3220 731 3259; x_wconf 82' lang='lat' dir='ltr'>joliannis</span> <span class='ocrx_word' id='word_1_566' title='bbox 744 3218 777 3248; x_wconf 89' lang='lat' dir='ltr'>de</span> <span class='ocrx_word' id='word_1_567' title='bbox 789 3218 948 3258; x_wconf 86' lang='lat' dir='ltr'>Swynburn</span> <span class='ocrx_word' id='word_1_568' title='bbox 961 3217 1041 3257; x_wconf 86' lang='lat' dir='ltr'>super</span> <span class='ocrx_word' id='word_1_569' title='bbox 1053 3225 1155 3247; x_wconf 89' lang='lat' dir='ltr'>terram</span> <span class='ocrx_word' id='word_1_570' title='bbox 1168 3213 1346 3246; x_wconf 89' lang='lat' dir='ltr'>deHaultun.</span> 
     </span>
    </p>

    <p class='ocr_par' dir='ltr' id='par_1_63' title="bbox 286 3253 1347 3331">
     <span class='ocr_line' id='line_1_85' title="bbox 322 3253 1347 3301; baseline -0.008 -9"><span class='ocrx_word' id='word_1_571' title='bbox 322 3261 412 3299; x_wconf 87' lang='lat' dir='ltr'>Item,</span> <span class='ocrx_word' id='word_1_572' title='bbox 430 3261 535 3301; x_wconf 89' lang='lat' dir='ltr'>septem</span> <span class='ocrx_word' id='word_1_573' title='bbox 550 3259 673 3299; x_wconf 83' lang='lat' dir='ltr'>pondera</span> <span class='ocrx_word' id='word_1_574' title='bbox 686 3259 719 3289; x_wconf 88' lang='lat'>&amp;</span> <span class='ocrx_word' id='word_1_575' title='bbox 733 3267 799 3289; x_wconf 80' lang='lat' dir='ltr'>unae</span> <span class='ocrx_word' id='word_1_576' title='bbox 814 3257 941 3287; x_wconf 87' lang='lat' dir='ltr'>balances</span> <span class='ocrx_word' id='word_1_577' title='bbox 955 3279 965 3294; x_wconf 91' lang='lat'>,</span> <span class='ocrx_word' id='word_1_578' title='bbox 990 3257 1024 3288; x_wconf 93' lang='lat'><strong>&amp;</strong></span> <span class='ocrx_word' id='word_1_579' title='bbox 1038 3255 1108 3287; x_wconf 72' lang='grc' dir='ltr'>οέὲο</span> <span class='ocrx_word' id='word_1_580' title='bbox 1127 3253 1252 3285; x_wconf 78' lang='lat' dir='ltr'>Conetae</span> <span class='ocrx_word' id='word_1_581' title='bbox 1272 3262 1347 3286; x_wconf 83' lang='lat' dir='ltr'>vete-</span> 
     </span>
     <span class='ocr_line' id='line_1_86' title="bbox 286 3296 807 3331; baseline -0.012 0"><span class='ocrx_word' id='word_1_582' title='bbox 286 3310 328 3331; x_wconf 83' lang='lat' dir='ltr'>res</span> <span class='ocrx_word' id='word_1_583' title='bbox 343 3302 372 3331; x_wconf 89' lang='lat' dir='ltr'>in</span> <span class='ocrx_word' id='word_1_584' title='bbox 388 3309 448 3331; x_wconf 89' lang='lat' dir='ltr'>uno</span> <span class='ocrx_word' id='word_1_585' title='bbox 460 3299 552 3331; x_wconf 86' lang='lat' dir='ltr'>saculo</span> <span class='ocrx_word' id='word_1_586' title='bbox 568 3298 656 3330; x_wconf 88' lang='lat' dir='ltr'>veteri</span> <span class='ocrx_word' id='word_1_587' title='bbox 669 3296 705 3327; x_wconf 90' lang='lat' dir='ltr'>de</span> <span class='ocrx_word' id='word_1_588' title='bbox 718 3297 807 3326; x_wconf 88' lang='lat' dir='ltr'>corio.</span> 
     </span>
    </p>
   </div>
   <div class='ocr_carea' id='block_1_55' title="bbox 554 3382 638 3428">
    <p class='ocr_par' dir='ltr' id='par_1_64' title="bbox 554 3382 638 3428">
     <span class='ocr_line' id='line_1_87' title="bbox 554 3382 638 3428; baseline -0.012 -14"><span class='ocrx_word' id='word_1_589' title='bbox 554 3382 638 3428; x_wconf 77' lang='lat' dir='ltr'>Mgo</span> 
     </span>
    </p>
   </div>
   <div class='ocr_carea' id='block_1_56' title="bbox 639 3379 1082 3425">
    <p class='ocr_par' dir='ltr' id='par_1_65' title="bbox 639 3379 1082 3425">
     <span class='ocr_line' id='line_1_88' title="bbox 639 3379 1082 3425; baseline -0.007 -12"><span class='ocrx_word' id='word_1_590' title='bbox 639 3383 684 3413; x_wconf 81' lang='lat' dir='ltr'>tia</span> <span class='ocrx_word' id='word_1_591' title='bbox 697 3381 851 3425; x_wconf 82' lang='lat' dir='ltr'>tangentia</span> <span class='ocrx_word' id='word_1_592' title='bbox 866 3379 1082 3424; x_wconf 79' lang='lat' dir='ltr'>Norwagiam.</span> 
     </span>
    </p>
   </div>
   <div class='ocr_carea' id='block_1_57' title="bbox 1398 141 2554 291">
    <p class='ocr_par' dir='ltr' id='par_1_66' title="bbox 1398 141 2554 291">
     <span class='ocr_line' id='line_1_89' title="bbox 1398 141 2544 213; baseline 0 -11"><span class='ocrx_word' id='word_1_593' title='bbox 1398 171 1488 210; x_wconf 88' lang='lat' dir='ltr'>Item,</span> <span class='ocrx_word' id='word_1_594' title='bbox 1506 173 1601 203; x_wconf 88' lang='lat' dir='ltr'>Litera</span> <span class='ocrx_word' id='word_1_595' title='bbox 1614 173 1654 203; x_wconf 87' lang='lat' dir='ltr'>R.</span> <span class='ocrx_word' id='word_1_596' title='bbox 1669 173 1810 213; x_wconf 68' lang='lat' dir='ltr'>Norwag.</span> <span class='ocrx_word' id='word_1_597' title='bbox 1825 173 1904 211; x_wconf 86' lang='lat' dir='ltr'>super</span> <span class='ocrx_word' id='word_1_598' title='bbox 1916 173 1994 204; x_wconf 87' lang='lat' dir='ltr'>terris</span> <span class='ocrx_word' id='word_1_599' title='bbox 2007 171 2043 202; x_wconf 89' lang='lat' dir='ltr'>de</span> <span class='ocrx_word' id='word_1_600' title='bbox 2051 170 2124 210; x_wconf 89' lang='lat' dir='ltr'>Just.</span> <span class='ocrx_word' id='word_1_601' title='bbox 2139 171 2173 203; x_wconf 92' lang='lat'>&amp;</span> <span class='ocrx_word' id='word_1_602' title='bbox 2185 166 2277 212; x_wconf 82' lang='lat' dir='ltr'>Egyn.</span> <span class='ocrx_word' id='word_1_603' title='bbox 2439 141 2544 207; x_wconf 53' lang='lat' dir='ltr'>Ana}</span> 
     </span>
     <span class='ocr_line' id='line_1_90' title="bbox 1398 209 2544 252; baseline 0.002 -11"><span class='ocrx_word' id='word_1_604' title='bbox 1398 210 1489 250; x_wconf 86' lang='lat' dir='ltr'>Item,</span> <span class='ocrx_word' id='word_1_605' title='bbox 1506 210 1636 249; x_wconf 85' lang='lat' dir='ltr'>quaedam</span> <span class='ocrx_word' id='word_1_606' title='bbox 1647 211 1697 241; x_wconf 91' lang='lat' dir='ltr'>alia</span> <span class='ocrx_word' id='word_1_607' title='bbox 1712 212 1805 242; x_wconf 82' lang='lat' dir='ltr'>Litera</span> <span class='ocrx_word' id='word_1_608' title='bbox 1817 213 1846 242; x_wconf 92' lang='lat' dir='ltr'>in</span> <span class='ocrx_word' id='word_1_609' title='bbox 1859 213 1952 252; x_wconf 83' lang='lat' dir='ltr'>lingua</span> <span class='ocrx_word' id='word_1_610' title='bbox 1964 211 2078 241; x_wconf 89' lang='lat' dir='ltr'>Norica</span> <span class='ocrx_word' id='word_1_611' title='bbox 2090 220 2159 240; x_wconf 88' lang='lat' dir='ltr'>cum</span> <span class='ocrx_word' id='word_1_612' title='bbox 2173 210 2284 242; x_wconf 87' lang='lat' dir='ltr'>duobus</span> <span class='ocrx_word' id='word_1_613' title='bbox 2296 209 2394 251; x_wconf 75' lang='lat' dir='ltr'>sigillis.</span> <span class='ocrx_word' id='word_1_614' title='bbox 2459 212 2544 243; x_wconf 47' lang='lat'>1233}</span> 
     </span>
     <span class='ocr_line' id='line_1_91' title="bbox 1400 248 2554 291; baseline -0.002 -12"><span class='ocrx_word' id='word_1_615' title='bbox 1400 249 1488 287; x_wconf 88' lang='lat' dir='ltr'>Item,</span> <span class='ocrx_word' id='word_1_616' title='bbox 1508 248 1677 280; x_wconf 83' lang='lat' dir='ltr'>Mandatum</span> <span class='ocrx_word' id='word_1_617' title='bbox 1692 250 1765 289; x_wconf 86' lang='lat' dir='ltr'>Reg.</span> <span class='ocrx_word' id='word_1_618' title='bbox 1779 250 1919 291; x_wconf 85' lang='lat' dir='ltr'>Norwag.</span> <span class='ocrx_word' id='word_1_619' title='bbox 1936 250 1971 280; x_wconf 92' lang='lat' dir='ltr'>de</span> <span class='ocrx_word' id='word_1_620' title='bbox 1987 250 2061 287; x_wconf 86' lang='lat' dir='ltr'>pacis</span> <span class='ocrx_word' id='word_1_621' title='bbox 2075 248 2282 280; x_wconf 85' lang='lat' dir='ltr'>reformatione.</span> <span class='ocrx_word' id='word_1_622' title='bbox 2440 250 2509 278; x_wconf 65' lang='grc' dir='ltr'>Ἐάν.</span> <span class='ocrx_word' id='word_1_623' title='bbox 2529 259 2554 280; x_wconf 64' lang='lat'>1..</span> 
     </span>
    </p>
   </div>
   <div class='ocr_carea' id='block_1_58' title="bbox 1362 287 2498 670">
    <p class='ocr_par' dir='ltr' id='par_1_67' title="bbox 1362 287 2425 366">
     <span class='ocr_line' id='line_1_92' title="bbox 1399 287 2425 355; baseline 0.001 -38"><span class='ocrx_word' id='word_1_624' title='bbox 1399 287 1490 355; x_wconf 39' lang='grc' dir='ltr'>ἔξω,</span> <span class='ocrx_word' id='word_1_625' title='bbox 1509 287 1603 319; x_wconf 85' lang='lat' dir='ltr'>Litera</span> <span class='ocrx_word' id='word_1_626' title='bbox 1615 288 1704 329; x_wconf 81' lang='lat' dir='ltr'>Regis</span> <span class='ocrx_word' id='word_1_627' title='bbox 1717 289 1745 327; x_wconf 91' lang='lat' dir='ltr'>J.</span> <span class='ocrx_word' id='word_1_628' title='bbox 1765 289 1904 329; x_wconf 86' lang='lat' dir='ltr'>Norwag.</span> <span class='ocrx_word' id='word_1_629' title='bbox 1919 289 1953 320; x_wconf 67' lang='grc' dir='ltr'>ὃς</span> <span class='ocrx_word' id='word_1_630' title='bbox 1971 287 2013 318; x_wconf 86' lang='lat' dir='ltr'>H.</span> <span class='ocrx_word' id='word_1_631' title='bbox 2028 288 2115 318; x_wconf 84' lang='lat' dir='ltr'>fratris</span> <span class='ocrx_word' id='word_1_632' title='bbox 2127 288 2184 327; x_wconf 88' lang='lat' dir='ltr'>ejus</span> <span class='ocrx_word' id='word_1_633' title='bbox 2199 288 2234 319; x_wconf 91' lang='lat' dir='ltr'>de</span> <span class='ocrx_word' id='word_1_634' title='bbox 2251 287 2425 327; x_wconf 85' lang='lat' dir='ltr'>naufragium</span> 
     </span>
     <span class='ocr_line' id='line_1_93' title="bbox 1362 335 1450 366; baseline -0.011 -10"><span class='ocrx_word' id='word_1_635' title='bbox 1362 335 1395 366; x_wconf 88' lang='lat' dir='ltr'>pa</span> <span class='ocrx_word' id='word_1_636' title='bbox 1421 336 1450 355; x_wconf 89' lang='lat' dir='ltr'>is.</span> 
     </span>
    </p>

    <p class='ocr_par' dir='ltr' id='par_1_68' title="bbox 1402 363 2170 405">
     <span class='ocr_line' id='line_1_94' title="bbox 1402 363 2170 405; baseline 0.001 -12"><span class='ocrx_word' id='word_1_637' title='bbox 1402 364 1475 394; x_wconf 84' lang='lat' dir='ltr'>Item</span> <span class='ocrx_word' id='word_1_638' title='bbox 1484 386 1493 402; x_wconf 97' lang='lat'>,</span> <span class='ocrx_word' id='word_1_639' title='bbox 1513 363 1608 394; x_wconf 87' lang='lat' dir='ltr'>Litera</span> <span class='ocrx_word' id='word_1_640' title='bbox 1622 363 1696 403; x_wconf 88' lang='lat' dir='ltr'>Reg.</span> <span class='ocrx_word' id='word_1_641' title='bbox 1709 364 1848 405; x_wconf 84' lang='lat' dir='ltr'>Norwag.</span> <span class='ocrx_word' id='word_1_642' title='bbox 1863 364 1942 395; x_wconf 85' lang='lat' dir='ltr'>miffa</span> <span class='ocrx_word' id='word_1_643' title='bbox 1953 364 2170 396; x_wconf 76' lang='lat' dir='ltr'>CatanIensibus.</span> 
     </span>
    </p>

    <p class='ocr_par' dir='ltr' id='par_1_69' title="bbox 1364 400 2498 522">
     <span class='ocr_line' id='line_1_95' title="bbox 1399 400 2498 446; baseline -0.001 -14"><span class='ocrx_word' id='word_1_644' title='bbox 1399 402 1474 446; x_wconf 78' lang='lat' dir='ltr'>Item</span> <span class='ocrx_word' id='word_1_645' title='bbox 1490 424 1499 440; x_wconf 88' lang='lat'>,</span> <span class='ocrx_word' id='word_1_646' title='bbox 1523 402 1641 439; x_wconf 88' lang='lat' dir='ltr'>potestas</span> <span class='ocrx_word' id='word_1_647' title='bbox 1658 403 1732 443; x_wconf 87' lang='lat' dir='ltr'>Reg.</span> <span class='ocrx_word' id='word_1_648' title='bbox 1757 402 1897 443; x_wconf 86' lang='lat' dir='ltr'>Norwag.</span> <span class='ocrx_word' id='word_1_649' title='bbox 1918 403 1951 434; x_wconf 90' lang='lat' dir='ltr'>ad</span> <span class='ocrx_word' id='word_1_650' title='bbox 1971 403 2164 443; x_wconf 86' lang='lat' dir='ltr'>recipiendum</span> <span class='ocrx_word' id='word_1_651' title='bbox 2183 412 2200 433; x_wconf 88' lang='lat' dir='ltr'>a</span> <span class='ocrx_word' id='word_1_652' title='bbox 2221 400 2303 441; x_wconf 87' lang='lat' dir='ltr'>Rege</span> <span class='ocrx_word' id='word_1_653' title='bbox 2320 400 2429 432; x_wconf 81' lang='lat' dir='ltr'>Scotiae</span> <span class='ocrx_word' id='word_1_654' title='bbox 2494 404 2498 408; x_wconf 80' lang='grc'>’</span> 
     </span>
     <span class='ocr_line' id='line_1_96' title="bbox 1365 438 2428 484; baseline 0 -14"><span class='ocrx_word' id='word_1_655' title='bbox 1365 441 1481 483; x_wconf 54' lang='grc' dir='ltr'>τηιίῑβε</span> <span class='ocrx_word' id='word_1_656' title='bbox 1496 448 1571 484; x_wconf 77' lang='lat' dir='ltr'>cent.</span> <span class='ocrx_word' id='word_1_657' title='bbox 1583 440 1679 484; x_wconf 81' lang='lat' dir='ltr'>Marc.</span> <span class='ocrx_word' id='word_1_658' title='bbox 1721 451 1753 471; x_wconf 90' lang='lat' dir='ltr'>ro</span> <span class='ocrx_word' id='word_1_659' title='bbox 1773 443 1866 479; x_wconf 74' lang='lat' dir='ltr'>prImo</span> <span class='ocrx_word' id='word_1_660' title='bbox 1887 452 1963 473; x_wconf 89' lang='lat' dir='ltr'>anno</span> <span class='ocrx_word' id='word_1_661' title='bbox 1976 441 2118 473; x_wconf 85' lang='lat' dir='ltr'>solutionis</span> <span class='ocrx_word' id='word_1_662' title='bbox 2136 449 2246 472; x_wconf 87' lang='lat' dir='ltr'>tantum</span> <span class='ocrx_word' id='word_1_663' title='bbox 2265 438 2330 481; x_wconf 89' lang='lat' dir='ltr'>post</span> <span class='ocrx_word' id='word_1_664' title='bbox 2343 449 2428 471; x_wconf 84' lang='lat' dir='ltr'>com-</span> 
     </span>
     <span class='ocr_line' id='line_1_97' title="bbox 1364 450 1813 522; baseline 0.004 -14"><span class='ocrx_word' id='word_1_665' title='bbox 1364 479 1533 519; x_wconf 73' lang='lat' dir='ltr'>positionem</span> <span class='ocrx_word' id='word_1_666' title='bbox 1544 487 1649 522; x_wconf 38' lang='lat' dir='ltr'>·mitam</span> <span class='ocrx_word' id='word_1_667' title='bbox 1661 450 1813 510; x_wconf 51' lang='lat' dir='ltr'>deEInsulis.</span> 
     </span>
    </p>

    <p class='ocr_par' dir='ltr' id='par_1_70' title="bbox 1366 515 2432 670">
     <span class='ocr_line' id='line_1_98' title="bbox 1405 515 2432 562; baseline 0.001 -16"><span class='ocrx_word' id='word_1_668' title='bbox 1405 517 1498 561; x_wconf 84' lang='lat' dir='ltr'>Item,</span> <span class='ocrx_word' id='word_1_669' title='bbox 1515 516 1608 561; x_wconf 72' lang='lat' dir='ltr'>Litera</span> <span class='ocrx_word' id='word_1_670' title='bbox 1620 518 1723 562; x_wconf 25' lang='lat' dir='ltr'>qunietae</span> <span class='ocrx_word' id='word_1_671' title='bbox 1734 518 1907 549; x_wconf 86' lang='lat' dir='ltr'>clamationis</span> <span class='ocrx_word' id='word_1_672' title='bbox 1920 519 1956 550; x_wconf 91' lang='lat' dir='ltr'>de</span> <span class='ocrx_word' id='word_1_673' title='bbox 1970 518 2154 550; x_wconf 85' lang='lat' dir='ltr'>solutionibus</span> <span class='ocrx_word' id='word_1_674' title='bbox 2168 517 2246 548; x_wconf 72' lang='lat' dir='ltr'>factis</span> <span class='ocrx_word' id='word_1_675' title='bbox 2258 518 2290 548; x_wconf 91' lang='lat' dir='ltr'>in</span> <span class='ocrx_word' id='word_1_676' title='bbox 2303 515 2432 548; x_wconf 82' lang='lat' dir='ltr'>Orcadia</span> 
     </span>
     <span class='ocr_line' id='line_1_99' title="bbox 1367 554 2429 595; baseline 0.001 -10"><span class='ocrx_word' id='word_1_677' title='bbox 1367 554 1403 585; x_wconf 90' lang='lat' dir='ltr'>de</span> <span class='ocrx_word' id='word_1_678' title='bbox 1414 563 1541 586; x_wconf 86' lang='lat' dir='ltr'>terminis</span> <span class='ocrx_word' id='word_1_679' title='bbox 1553 563 1714 594; x_wconf 78' lang='lat' dir='ltr'>praeteritis,</span> <span class='ocrx_word' id='word_1_680' title='bbox 1732 565 1833 595; x_wconf 88' lang='lat' dir='ltr'>praeter</span> <span class='ocrx_word' id='word_1_681' title='bbox 1846 558 1933 588; x_wconf 87' lang='lat' dir='ltr'>literas</span> <span class='ocrx_word' id='word_1_682' title='bbox 1946 557 1983 588; x_wconf 91' lang='lat' dir='ltr'>de</span> <span class='ocrx_word' id='word_1_683' title='bbox 1998 558 2066 588; x_wconf 90' lang='lat' dir='ltr'>mill.</span> <span class='ocrx_word' id='word_1_684' title='bbox 2080 557 2113 588; x_wconf 73' lang='grc' dir='ltr'>δε</span> <span class='ocrx_word' id='word_1_685' title='bbox 2128 564 2202 587; x_wconf 89' lang='lat' dir='ltr'>cent.</span> <span class='ocrx_word' id='word_1_686' title='bbox 2219 555 2312 586; x_wconf 89' lang='lat' dir='ltr'>Marc.</span> <span class='ocrx_word' id='word_1_687' title='bbox 2329 555 2364 586; x_wconf 89' lang='lat' dir='ltr'>de</span> <span class='ocrx_word' id='word_1_688' title='bbox 2378 566 2429 586; x_wconf 88' lang='lat' dir='ltr'>an-</span> 
     </span>
     <span class='ocr_line' id='line_1_100' title="bbox 1367 593 2430 634; baseline 0.002 -11"><span class='ocrx_word' id='word_1_689' title='bbox 1367 603 1407 623; x_wconf 92' lang='lat' dir='ltr'>no</span> <span class='ocrx_word' id='word_1_690' title='bbox 1423 594 1590 633; x_wconf 82' lang='lat' dir='ltr'>sexagesimo</span> <span class='ocrx_word' id='word_1_691' title='bbox 1604 604 1700 633; x_wconf 81' lang='lat' dir='ltr'>nono,</span> <span class='ocrx_word' id='word_1_692' title='bbox 1718 595 1751 625; x_wconf 91' lang='lat'><strong>&amp;</strong></span> <span class='ocrx_word' id='word_1_693' title='bbox 1764 595 1800 625; x_wconf 89' lang='lat' dir='ltr'>de</span> <span class='ocrx_word' id='word_1_694' title='bbox 1814 596 1884 626; x_wconf 87' lang='lat' dir='ltr'>mill.</span> <span class='ocrx_word' id='word_1_695' title='bbox 1899 596 1932 626; x_wconf 92' lang='lat'>&amp;</span> <span class='ocrx_word' id='word_1_696' title='bbox 1947 604 2023 626; x_wconf 89' lang='lat' dir='ltr'>cent.</span> <span class='ocrx_word' id='word_1_697' title='bbox 2040 595 2132 626; x_wconf 89' lang='lat' dir='ltr'>Marc.</span> <span class='ocrx_word' id='word_1_698' title='bbox 2152 593 2188 624; x_wconf 90' lang='lat' dir='ltr'>de</span> <span class='ocrx_word' id='word_1_699' title='bbox 2201 604 2278 625; x_wconf 87' lang='lat' dir='ltr'>anno</span> <span class='ocrx_word' id='word_1_700' title='bbox 2289 593 2430 634; x_wconf 74' lang='lat' dir='ltr'>septuage-</span> 
     </span>
     <span class='ocr_line' id='line_1_101' title="bbox 1366 632 2432 670; baseline 0.001 -8"><span class='ocrx_word' id='word_1_701' title='bbox 1366 632 1437 662; x_wconf 81' lang='lat' dir='ltr'>simo</span> <span class='ocrx_word' id='word_1_702' title='bbox 2033 635 2105 665; x_wconf 89' lang='lat' dir='ltr'>inter</span> <span class='ocrx_word' id='word_1_703' title='bbox 2118 634 2170 664; x_wconf 89' lang='lat' dir='ltr'>alia</span> <span class='ocrx_word' id='word_1_704' title='bbox 2189 633 2243 663; x_wconf 89' lang='lat' dir='ltr'>fuit</span> <span class='ocrx_word' id='word_1_705' title='bbox 2263 640 2362 670; x_wconf 86' lang='lat' dir='ltr'>praeter</span> <span class='ocrx_word' id='word_1_706' title='bbox 2378 633 2432 663; x_wconf 86' lang='lat' dir='ltr'>alia</span> 
     </span>
    </p>
   </div>
   <div class='ocr_carea' id='block_1_59' title="bbox 1367 666 2431 749">
    <p class='ocr_par' dir='ltr' id='par_1_71' title="bbox 1367 666 2431 749">
     <span class='ocr_line' id='line_1_102' title="bbox 1367 666 2431 714; baseline 0.001 -15"><span class='ocrx_word' id='word_1_707' title='bbox 1367 669 1524 714; x_wconf 25' lang='lat' dir='ltr'>deneadem‘</span> <span class='ocrx_word' id='word_1_708' title='bbox 1532 666 1658 707; x_wconf 86' lang='lat' dir='ltr'>summa,</span> <span class='ocrx_word' id='word_1_709' title='bbox 1675 670 1734 701; x_wconf 69' lang='grc' dir='ltr'>ἃς.</span> <span class='ocrx_word' id='word_1_710' title='bbox 1749 672 1845 712; x_wconf 66' lang='grc' dir='ltr'>οέὶος.</span> <span class='ocrx_word' id='word_1_711' title='bbox 1862 672 1985 703; x_wconf 89' lang='lat' dir='ltr'>secundo</span> <span class='ocrx_word' id='word_1_712' title='bbox 1997 696 2008 712; x_wconf 83' lang='lat'>,</span> <span class='ocrx_word' id='word_1_713' title='bbox 2031 683 2095 713; x_wconf 87' lang='lat' dir='ltr'>quae</span> <span class='ocrx_word' id='word_1_714' title='bbox 2112 671 2235 705; x_wconf 83' lang='lat' dir='ltr'>creditur</span> <span class='ocrx_word' id='word_1_715' title='bbox 2247 670 2350 702; x_wconf 87' lang='lat' dir='ltr'>debere</span> <span class='ocrx_word' id='word_1_716' title='bbox 2364 679 2431 711; x_wconf 86' lang='lat' dir='ltr'>por-</span> 
     </span>
     <span class='ocr_line' id='line_1_103' title="bbox 1369 708 1735 749; baseline 0 -10"><span class='ocrx_word' id='word_1_717' title='bbox 1369 717 1419 739; x_wconf 89' lang='lat' dir='ltr'>tari</span> <span class='ocrx_word' id='word_1_718' title='bbox 1433 708 1467 739; x_wconf 87' lang='lat' dir='ltr'>ad</span> <span class='ocrx_word' id='word_1_719' title='bbox 1483 717 1575 749; x_wconf 81' lang='lat' dir='ltr'>prima</span> <span class='ocrx_word' id='word_1_720' title='bbox 1589 717 1735 746; x_wconf 84' lang='lat' dir='ltr'>compota.</span> 
     </span>
    </p>
   </div>
   <div class='ocr_carea' id='block_1_60' title="bbox 1455 648 1583 654">
    <p class='ocr_par' dir='ltr' id='par_1_72' title="bbox 1455 648 1583 654">
     <span class='ocr_line' id='line_1_104' title="bbox 1455 648 1583 654; baseline 0 0"><span class='ocrx_word' id='word_1_721' title='bbox 1455 648 1583 654; x_wconf 95' lang='lat' dir='ltr'> </span> 
     </span>
    </p>
   </div>
   <div class='ocr_carea' id='block_1_61' title="bbox 1588 648 1714 654">
    <p class='ocr_par' dir='ltr' id='par_1_73' title="bbox 1588 648 1714 654">
     <span class='ocr_line' id='line_1_105' title="bbox 1588 648 1714 654; baseline 0 0"><span class='ocrx_word' id='word_1_722' title='bbox 1588 648 1714 654; x_wconf 95' lang='lat' dir='ltr'> </span> 
     </span>
    </p>
   </div>
   <div class='ocr_carea' id='block_1_62' title="bbox 1718 649 1840 656">
    <p class='ocr_par' dir='ltr' id='par_1_74' title="bbox 1718 649 1840 656">
     <span class='ocr_line' id='line_1_106' title="bbox 1718 649 1840 656; baseline 0 3605"><span class='ocrx_word' id='word_1_723' title='bbox 1718 649 1840 656; x_wconf 95' lang='lat' dir='ltr'> </span> 
     </span>
    </p>
   </div>
   <div class='ocr_carea' id='block_1_63' title="bbox 1848 650 2020 657">
    <p class='ocr_par' dir='ltr' id='par_1_75' title="bbox 1848 650 2020 657">
     <span class='ocr_line' id='line_1_107' title="bbox 1848 650 2020 657; baseline 0 3604"><span class='ocrx_word' id='word_1_724' title='bbox 1848 650 2020 657; x_wconf 95' lang='lat' dir='ltr'> </span> 
     </span>
    </p>
   </div>
   <div class='ocr_carea' id='block_1_64' title="bbox 1671 793 1862 824">
    <p class='ocr_par' dir='ltr' id='par_1_76' title="bbox 1671 793 1862 824">
     <span class='ocr_line' id='line_1_108' title="bbox 1671 793 1862 824; baseline -0.026 0"><span class='ocrx_word' id='word_1_725' title='bbox 1671 793 1862 824; x_wconf 76' lang='lat' dir='ltr'>De—</span> 
     </span>
    </p>
   </div>
   <div class='ocr_carea' id='block_1_65' title="bbox 1869 810 1995 820">
    <p class='ocr_par' dir='ltr' id='par_1_77' title="bbox 1869 810 1995 820">
     <span class='ocr_line' id='line_1_109' title="bbox 1869 810 1995 820; baseline 0 3441"><span class='ocrx_word' id='word_1_726' title='bbox 1869 810 1995 820; x_wconf 95' lang='lat' dir='ltr'> </span> 
     </span>
    </p>
   </div>
   <div class='ocr_carea' id='block_1_66' title="bbox 2016 796 2129 840">
    <p class='ocr_par' dir='ltr' id='par_1_78' title="bbox 2016 796 2129 840">
     <span class='ocr_line' id='line_1_110' title="bbox 2016 796 2129 840; baseline -0.009 -13"><span class='ocrx_word' id='word_1_727' title='bbox 2016 796 2129 840; x_wconf 76' lang='lat' dir='ltr'>avagiae.</span> 
     </span>
    </p>
   </div>
   <div class='ocr_carea' id='block_1_67' title="bbox 1368 877 2570 2032">
    <p class='ocr_par' dir='ltr' id='par_1_79' title="bbox 1370 877 2434 950">
     <span class='ocr_line' id='line_1_111' title="bbox 1370 877 2434 950; baseline 0.002 -42"><span class='ocrx_word' id='word_1_728' title='bbox 1370 877 1641 947; x_wconf 52' lang='grc' dir='ltr'>Τὲξηΐεὲξὲιὲἒῗ]</span> <span class='ocrx_word' id='word_1_729' title='bbox 1658 879 1862 950; x_wconf 53' lang='lat' dir='ltr'>gyrograpihli3e</span> <span class='ocrx_word' id='word_1_730' title='bbox 1856 882 1940 920; x_wconf 87' lang='lat' dir='ltr'>primi</span> <span class='ocrx_word' id='word_1_731' title='bbox 1959 881 2090 914; x_wconf 65' lang='grc' dir='ltr'>παᾶεωε</span> <span class='ocrx_word' id='word_1_732' title='bbox 2106 881 2143 913; x_wconf 92' lang='lat' dir='ltr'>de</span> <span class='ocrx_word' id='word_1_733' title='bbox 2164 880 2337 920; x_wconf 88' lang='lat' dir='ltr'>M—-gio</span> <span class='ocrx_word' id='word_1_734' title='bbox 2351 880 2434 911; x_wconf 89' lang='lat' dir='ltr'>Nor-</span> 
     </span>
    </p>

    <p class='ocr_par' dir='ltr' id='par_1_80' title="bbox 1368 926 2437 1180">
     <span class='ocr_line' id='line_1_112' title="bbox 1408 926 2284 998; baseline 0.002 -12"><span class='ocrx_word' id='word_1_735' title='bbox 1408 926 1507 994; x_wconf 40' lang='lat' dir='ltr'>Itemk}</span> <span class='ocrx_word' id='word_1_736' title='bbox 1515 928 1679 987; x_wconf 70' lang='lat' dir='ltr'>Ratificataio</span> <span class='ocrx_word' id='word_1_737' title='bbox 1691 929 1726 988; x_wconf 53' lang='grc' dir='ltr'>ΓΞ</span> <span class='ocrx_word' id='word_1_738' title='bbox 1736 930 1789 988; x_wconf 42' lang='lat' dir='ltr'>apitsl</span> <span class='ocrx_word' id='word_1_739' title='bbox 1797 930 2031 998; x_wconf 41' lang='lat' dir='ltr'>Norssawag&#39;supa</span> <span class='ocrx_word' id='word_1_740' title='bbox 2047 958 2098 989; x_wconf 93' lang='lat' dir='ltr'>illo</span> <span class='ocrx_word' id='word_1_741' title='bbox 2110 957 2284 997; x_wconf 87' lang='lat' dir='ltr'>transcripto.</span> 
     </span>
     <span class='ocr_line' id='line_1_113' title="bbox 1371 966 2435 1064; baseline 0.002 -40"><span class='ocrx_word' id='word_1_742' title='bbox 1371 994 1482 1064; x_wconf 51' lang='lat' dir='ltr'>nuItteiz</span> <span class='ocrx_word' id='word_1_743' title='bbox 1497 1017 1507 1033; x_wconf 93' lang='lat'>,</span> <span class='ocrx_word' id='word_1_744' title='bbox 1533 992 1620 1024; x_wconf 88' lang='lat' dir='ltr'>Carta</span> <span class='ocrx_word' id='word_1_745' title='bbox 1638 994 1713 1035; x_wconf 88' lang='lat' dir='ltr'>Reg.</span> <span class='ocrx_word' id='word_1_746' title='bbox 1727 966 1870 1037; x_wconf 50' lang='lat' dir='ltr'>ffiorwag.</span> <span class='ocrx_word' id='word_1_747' title='bbox 1884 997 1920 1027; x_wconf 91' lang='lat' dir='ltr'>de</span> <span class='ocrx_word' id='word_1_748' title='bbox 1940 997 2122 1037; x_wconf 75' lang='lat' dir='ltr'>assignatione</span> <span class='ocrx_word' id='word_1_749' title='bbox 2141 997 2299 1028; x_wconf 86' lang='lat' dir='ltr'>donationis</span> <span class='ocrx_word' id='word_1_750' title='bbox 2319 1004 2435 1037; x_wconf 86' lang='lat' dir='ltr'>propter</span> 
     </span>
     <span class='ocr_line' id='line_1_114' title="bbox 1375 1057 2436 1116; baseline 0.001 -14"><span class='ocrx_word' id='word_1_751' title='bbox 1375 1112 1380 1116; x_wconf 42' lang='grc'><strong>-</strong></span> <span class='ocrx_word' id='word_1_752' title='bbox 1423 1057 1499 1110; x_wconf 46' lang='grc' dir='ltr'>τεττῖ,</span> <span class='ocrx_word' id='word_1_753' title='bbox 1518 1071 1682 1103; x_wconf 79' lang='lat' dir='ltr'>Ratificatio</span> <span class='ocrx_word' id='word_1_754' title='bbox 1704 1071 1873 1114; x_wconf 79' lang='lat' dir='ltr'>Magnarum</span> <span class='ocrx_word' id='word_1_755' title='bbox 1892 1074 1926 1105; x_wconf 69' lang='grc' dir='ltr'>ὃ(</span> <span class='ocrx_word' id='word_1_756' title='bbox 1942 1073 2082 1104; x_wconf 81' lang='lat' dir='ltr'>Dominae</span> <span class='ocrx_word' id='word_1_757' title='bbox 2101 1073 2224 1112; x_wconf 84' lang='lat' dir='ltr'>Reginae</span> <span class='ocrx_word' id='word_1_758' title='bbox 2240 1072 2297 1103; x_wconf 93' lang='lat' dir='ltr'>No</span> <span class='ocrx_word' id='word_1_759' title='bbox 2375 1095 2381 1101; x_wconf 84' lang='lat'>.</span> <span class='ocrx_word' id='word_1_760' title='bbox 2400 1072 2436 1103; x_wconf 89' lang='lat'>&amp;</span> 
     </span>
     <span class='ocr_line' id='line_1_115' title="bbox 1368 1111 2437 1180; baseline -0.001 -39"><span class='ocrx_word' id='word_1_761' title='bbox 1368 1120 1527 1180; x_wconf 40' lang='lat' dir='ltr'>Jttlijzssmenta</span> <span class='ocrx_word' id='word_1_762' title='bbox 1542 1121 1642 1142; x_wconf 88' lang='lat' dir='ltr'>eorum</span> <span class='ocrx_word' id='word_1_763' title='bbox 1659 1111 1738 1150; x_wconf 87' lang='lat' dir='ltr'>quod</span> <span class='ocrx_word' id='word_1_764' title='bbox 1751 1113 1943 1152; x_wconf 90' lang='lat' dir='ltr'>procurabunt</span> <span class='ocrx_word' id='word_1_765' title='bbox 1953 1111 2065 1143; x_wconf 64' lang='lat' dir='ltr'>dietum</span> <span class='ocrx_word' id='word_1_766' title='bbox 2081 1111 2303 1142; x_wconf 82' lang='lat' dir='ltr'>Matrimonium</span> <span class='ocrx_word' id='word_1_767' title='bbox 2321 1121 2337 1141; x_wconf 89' lang='lat' dir='ltr'>e</span> <span class='ocrx_word' id='word_1_768' title='bbox 2362 1112 2378 1140; x_wconf 79' lang='lat' dir='ltr'>e</span> <span class='ocrx_word' id='word_1_769' title='bbox 2393 1120 2437 1141; x_wconf 83' lang='lat' dir='ltr'>ra-</span> 
     </span>
    </p>

    <p class='ocr_par' dir='ltr' id='par_1_81' title="bbox 1408 1187 2226 1233">
     <span class='ocr_line' id='line_1_116' title="bbox 1408 1187 2226 1233; baseline 0 -15"><span class='ocrx_word' id='word_1_770' title='bbox 1408 1187 1500 1226; x_wconf 87' lang='lat' dir='ltr'>Item,</span> <span class='ocrx_word' id='word_1_771' title='bbox 1519 1187 1665 1233; x_wconf 74' lang='lat' dir='ltr'>promiffio</span> <span class='ocrx_word' id='word_1_772' title='bbox 1682 1188 1848 1220; x_wconf 90' lang='lat' dir='ltr'>eorumdem</span> <span class='ocrx_word' id='word_1_773' title='bbox 1865 1190 1940 1220; x_wconf 88' lang='lat' dir='ltr'>bona</span> <span class='ocrx_word' id='word_1_774' title='bbox 1952 1189 2008 1220; x_wconf 88' lang='lat' dir='ltr'>fide</span> <span class='ocrx_word' id='word_1_775' title='bbox 2020 1189 2100 1227; x_wconf 88' lang='lat' dir='ltr'>super</span> <span class='ocrx_word' id='word_1_776' title='bbox 2113 1188 2226 1219; x_wconf 86' lang='lat' dir='ltr'>eodem.</span> 
     </span>
    </p>

    <p class='ocr_par' dir='ltr' id='par_1_82' title="bbox 1372 1225 2444 1540">
     <span class='ocr_line' id='line_1_117' title="bbox 1410 1225 2438 1267; baseline 0 -11"><span class='ocrx_word' id='word_1_777' title='bbox 1410 1226 1501 1264; x_wconf 87' lang='lat' dir='ltr'>Item,</span> <span class='ocrx_word' id='word_1_778' title='bbox 1519 1227 1564 1257; x_wconf 81' lang='lat' dir='ltr'>sex</span> <span class='ocrx_word' id='word_1_779' title='bbox 1578 1237 1651 1265; x_wconf 88' lang='lat' dir='ltr'>paria</span> <span class='ocrx_word' id='word_1_780' title='bbox 1667 1227 1933 1258; x_wconf 88' lang='lat' dir='ltr'>Procuratoriorum</span> <span class='ocrx_word' id='word_1_781' title='bbox 1946 1252 1956 1267; x_wconf 83' lang='lat'>,</span> <span class='ocrx_word' id='word_1_782' title='bbox 1979 1229 2013 1260; x_wconf 75' lang='grc' dir='ltr'>ὃ(</span> <span class='ocrx_word' id='word_1_783' title='bbox 2034 1228 2182 1267; x_wconf 88' lang='lat' dir='ltr'>septimum</span> <span class='ocrx_word' id='word_1_784' title='bbox 2196 1225 2375 1258; x_wconf 79' lang='lat' dir='ltr'>obfuscatum</span> <span class='ocrx_word' id='word_1_785' title='bbox 2388 1235 2438 1264; x_wconf 81' lang='lat' dir='ltr'>per</span> 
     </span>
     <span class='ocr_line' id='line_1_118' title="bbox 1374 1265 2439 1336; baseline -0.001 -41"><span class='ocrx_word' id='word_1_786' title='bbox 1374 1265 1838 1336; x_wconf 45' lang='lat' dir='ltr'>mligrguolgssgnriiiffflohfzafgffiffrae</span> <span class='ocrx_word' id='word_1_787' title='bbox 1844 1266 1879 1297; x_wconf 90' lang='lat' dir='ltr'>N</span> <span class='ocrx_word' id='word_1_788' title='bbox 1881 1267 2033 1336; x_wconf 45' lang='lat' dir='ltr'>orwatgssd</span> <span class='ocrx_word' id='word_1_789' title='bbox 2046 1267 2156 1335; x_wconf 56' lang='lat' dir='ltr'>{iurand</span> <span class='ocrx_word' id='word_1_790' title='bbox 2170 1267 2211 1335; x_wconf 67' lang='lat' dir='ltr'>iln3</span> <span class='ocrx_word' id='word_1_791' title='bbox 2212 1266 2317 1310; x_wconf 83' lang='lat' dir='ltr'>animas</span> <span class='ocrx_word' id='word_1_792' title='bbox 2325 1275 2439 1333; x_wconf 59' lang='lat' dir='ltr'>ffirum.</span> 
     </span>
     <span class='ocr_line' id='line_1_119' title="bbox 1374 1313 2443 1388; baseline 0 -16"><span class='ocrx_word' id='word_1_793' title='bbox 1374 1351 1430 1386; x_wconf 82' lang='lat' dir='ltr'>reta</span> <span class='ocrx_word' id='word_1_794' title='bbox 1446 1327 1501 1373; x_wconf 60' lang='lat' dir='ltr'>fili}</span> <span class='ocrx_word' id='word_1_795' title='bbox 1516 1341 1554 1373; x_wconf 92' lang='lat' dir='ltr'>R.</span> <span class='ocrx_word' id='word_1_796' title='bbox 1570 1342 1647 1374; x_wconf 91' lang='lat' dir='ltr'>Scot.</span> <span class='ocrx_word' id='word_1_797' title='bbox 1663 1343 1697 1374; x_wconf 90' lang='lat'>&amp;</span> <span class='ocrx_word' id='word_1_798' title='bbox 1712 1315 1880 1388; x_wconf 41' lang='lat' dir='ltr'>Rauficatlffi</span> <span class='ocrx_word' id='word_1_799' title='bbox 1893 1314 2314 1382; x_wconf 47' lang='lat' dir='ltr'>Zffimumnpiglffutossffimig</span> <span class='ocrx_word' id='word_1_800' title='bbox 2330 1313 2443 1382; x_wconf 43' lang='lat' dir='ltr'>‚mffio</span> 
     </span>
     <span class='ocr_line' id='line_1_120' title="bbox 1373 1379 2441 1427; baseline 0.002 -17"><span class='ocrx_word' id='word_1_801' title='bbox 1373 1381 1478 1425; x_wconf 84' lang='lat' dir='ltr'>scripto</span> <span class='ocrx_word' id='word_1_802' title='bbox 1498 1379 1712 1421; x_wconf 81' lang='lat' dir='ltr'>Cyrographato</span> <span class='ocrx_word' id='word_1_803' title='bbox 1725 1405 1734 1420; x_wconf 88' lang='lat'>,</span> <span class='ocrx_word' id='word_1_804' title='bbox 1761 1392 1826 1420; x_wconf 86' lang='lat' dir='ltr'>quae</span> <span class='ocrx_word' id='word_1_805' title='bbox 1838 1383 1924 1427; x_wconf 26' lang='lat' dir='ltr'>&#39;litera</span> <span class='ocrx_word' id='word_1_806' title='bbox 1944 1383 1999 1413; x_wconf 90' lang='lat' dir='ltr'>fuit</span> <span class='ocrx_word' id='word_1_807' title='bbox 2018 1391 2125 1420; x_wconf 88' lang='lat' dir='ltr'>portata</span> <span class='ocrx_word' id='word_1_808' title='bbox 2141 1392 2193 1421; x_wconf 88' lang='lat' dir='ltr'>per</span> <span class='ocrx_word' id='word_1_809' title='bbox 2210 1381 2276 1412; x_wconf 89' lang='lat' dir='ltr'>tales</span> <span class='ocrx_word' id='word_1_810' title='bbox 2289 1403 2300 1420; x_wconf 89' lang='lat'>,</span> <span class='ocrx_word' id='word_1_811' title='bbox 2318 1380 2441 1420; x_wconf 84' lang='lat' dir='ltr'>scilicet,</span> 
     </span>
     <span class='ocr_line' id='line_1_121' title="bbox 1372 1418 2108 1463; baseline 0.004 -14"><span class='ocrx_word' id='word_1_812' title='bbox 1372 1418 1537 1450; x_wconf 80' lang='lat' dir='ltr'>Dominum</span> <span class='ocrx_word' id='word_1_813' title='bbox 1551 1419 1718 1463; x_wconf 81' lang='lat' dir='ltr'>Roberturn</span> <span class='ocrx_word' id='word_1_814' title='bbox 1734 1420 1844 1458; x_wconf 86' lang='lat' dir='ltr'>Lupelh</span> <span class='ocrx_word' id='word_1_815' title='bbox 1858 1422 1892 1452; x_wconf 77' lang='grc' dir='ltr'>δε</span> <span class='ocrx_word' id='word_1_816' title='bbox 1906 1420 2108 1452; x_wconf 86' lang='lat' dir='ltr'>Godefridum-</span> 
     </span>
     <span class='ocr_line' id='line_1_122' title="bbox 1373 1457 2444 1540; baseline 0.001 -52"><span class='ocrx_word' id='word_1_817' title='bbox 1373 1457 1768 1540; x_wconf 35' lang='lat' dir='ltr'>digttierlp&#39;ssrilt’ggpuratonum</span> <span class='ocrx_word' id='word_1_818' title='bbox 1788 1458 1828 1489; x_wconf 93' lang='lat' dir='ltr'>R.</span> <span class='ocrx_word' id='word_1_819' title='bbox 1853 1458 1996 1499; x_wconf 81' lang='lat' dir='ltr'>Norwag.</span> <span class='ocrx_word' id='word_1_820' title='bbox 2015 1460 2050 1491; x_wconf 93' lang='lat' dir='ltr'>ad</span> <span class='ocrx_word' id='word_1_821' title='bbox 2070 1458 2275 1499; x_wconf 83' lang='lat' dir='ltr'>perficiendum</span> <span class='ocrx_word' id='word_1_822' title='bbox 2292 1458 2444 1490; x_wconf 67' lang='lat' dir='ltr'>tractatum</span> 
     </span>
    </p>

    <p class='ocr_par' dir='ltr' id='par_1_83' title="bbox 1372 1533 2570 2032">
     <span class='ocr_line' id='line_1_123' title="bbox 1413 1533 2441 1604; baseline 0 -39"><span class='ocrx_word' id='word_1_823' title='bbox 1413 1534 1486 1565; x_wconf 83' lang='lat' dir='ltr'>Item</span> <span class='ocrx_word' id='word_1_824' title='bbox 1495 1558 1504 1574; x_wconf 97' lang='lat'>,</span> <span class='ocrx_word' id='word_1_825' title='bbox 1501 1535 1664 1604; x_wconf 37' lang='lat' dir='ltr'>&amp;dilig-iria),</span> <span class='ocrx_word' id='word_1_826' title='bbox 1671 1535 1823 1604; x_wconf 43' lang='lat' dir='ltr'>secsrkiptgffis</span> <span class='ocrx_word' id='word_1_827' title='bbox 1821 1534 2073 1581; x_wconf 77' lang='lat' dir='ltr'>Cyrographatum</span> <span class='ocrx_word' id='word_1_828' title='bbox 2091 1535 2165 1574; x_wconf 88' lang='lat' dir='ltr'>apud</span> <span class='ocrx_word' id='word_1_829' title='bbox 2184 1533 2311 1575; x_wconf 89' lang='lat' dir='ltr'>Berwyc.</span> <span class='ocrx_word' id='word_1_830' title='bbox 2325 1534 2441 1576; x_wconf 86' lang='lat' dir='ltr'>duppli-</span> 
     </span>
     <span class='ocr_line' id='line_1_124' title="bbox 1372 1582 2443 1656; baseline 0.001 -14"><span class='ocrx_word' id='word_1_831' title='bbox 1372 1582 1485 1656; x_wconf 50' lang='grc' dir='ltr'>68ᾞὲΊῶ</span> <span class='ocrx_word' id='word_1_832' title='bbox 1532 1584 1590 1656; x_wconf 50' lang='lat' dir='ltr'>&lt;ilio</span> <span class='ocrx_word' id='word_1_833' title='bbox 1608 1613 1658 1643; x_wconf 86' lang='lat' dir='ltr'>alia</span> <span class='ocrx_word' id='word_1_834' title='bbox 1673 1584 1753 1653; x_wconf 61' lang='lat' dir='ltr'>paria)</span> <span class='ocrx_word' id='word_1_835' title='bbox 1765 1612 1801 1643; x_wconf 91' lang='lat' dir='ltr'>de</span> <span class='ocrx_word' id='word_1_836' title='bbox 1816 1584 1914 1644; x_wconf 45' lang='grc' dir='ltr'>ἓξὲξ</span> <span class='ocrx_word' id='word_1_837' title='bbox 1927 1585 2121 1644; x_wconf 48' lang='grc' dir='ltr'>Ξιῗκξὲἐὶοῃε</span> <span class='ocrx_word' id='word_1_838' title='bbox 2136 1635 2148 1651; x_wconf 88' lang='lat'>‚</span> <span class='ocrx_word' id='word_1_839' title='bbox 2172 1620 2239 1650; x_wconf 82' lang='lat' dir='ltr'>quae</span> <span class='ocrx_word' id='word_1_840' title='bbox 2251 1610 2313 1643; x_wconf 88' lang='lat' dir='ltr'>sunt</span> <span class='ocrx_word' id='word_1_841' title='bbox 2331 1611 2443 1651; x_wconf 76' lang='lat' dir='ltr'>sigillata</span> 
     </span>
     <span class='ocr_line' id='line_1_125' title="bbox 1374 1635 2443 1696; baseline 0.001 -15"><span class='ocrx_word' id='word_1_842' title='bbox 1374 1650 1463 1696; x_wconf 77' lang='lat' dir='ltr'>sigillo</span> <span class='ocrx_word' id='word_1_843' title='bbox 1488 1635 1578 1689; x_wconf 78' lang='lat' dir='ltr'>Regis</span> <span class='ocrx_word' id='word_1_844' title='bbox 1601 1650 1743 1692; x_wconf 87' lang='lat' dir='ltr'>Norwag.</span> <span class='ocrx_word' id='word_1_845' title='bbox 1764 1651 1804 1682; x_wconf 90' lang='lat' dir='ltr'>set</span> <span class='ocrx_word' id='word_1_846' title='bbox 1824 1652 1943 1683; x_wconf 85' lang='lat' dir='ltr'>alterum</span> <span class='ocrx_word' id='word_1_847' title='bbox 1966 1652 2148 1684; x_wconf 87' lang='lat' dir='ltr'>obfuscatum</span> <span class='ocrx_word' id='word_1_848' title='bbox 2172 1649 2216 1681; x_wconf 89' lang='lat' dir='ltr'>est</span> <span class='ocrx_word' id='word_1_849' title='bbox 2238 1659 2289 1689; x_wconf 89' lang='lat' dir='ltr'>per</span> <span class='ocrx_word' id='word_1_850' title='bbox 2311 1659 2389 1681; x_wconf 88' lang='lat' dir='ltr'>mare</span> <span class='ocrx_word' id='word_1_851' title='bbox 2409 1658 2443 1682; x_wconf 89' lang='lat' dir='ltr'>ut</span> 
     </span>
     <span class='ocr_line' id='line_1_126' title="bbox 1375 1700 2445 1774; baseline 0.001 -15"><span class='ocrx_word' id='word_1_852' title='bbox 1375 1700 1486 1759; x_wconf 58' lang='lat' dir='ltr'>pnIltsem</span> <span class='ocrx_word' id='word_1_853' title='bbox 1502 1751 1512 1766; x_wconf 91' lang='lat'>,</span> <span class='ocrx_word' id='word_1_854' title='bbox 1540 1727 1634 1759; x_wconf 91' lang='lat' dir='ltr'>Litera</span> <span class='ocrx_word' id='word_1_855' title='bbox 1654 1729 1946 1774; x_wconf 36' lang='lat' dir='ltr'>quietae-clamationis</span> <span class='ocrx_word' id='word_1_856' title='bbox 1964 1729 2004 1760; x_wconf 91' lang='lat' dir='ltr'>R.</span> <span class='ocrx_word' id='word_1_857' title='bbox 2020 1729 2163 1768; x_wconf 83' lang='lat' dir='ltr'>Norwag.</span> <span class='ocrx_word' id='word_1_858' title='bbox 2177 1727 2214 1758; x_wconf 90' lang='lat' dir='ltr'>de</span> <span class='ocrx_word' id='word_1_859' title='bbox 2226 1735 2346 1766; x_wconf 88' lang='lat' dir='ltr'>quatuor</span> <span class='ocrx_word' id='word_1_860' title='bbox 2365 1728 2445 1760; x_wconf 86' lang='lat' dir='ltr'>mille</span> 
     </span>
     <span class='ocr_line' id='line_1_127' title="bbox 1377 1766 2446 1807; baseline 0.002 -10"><span class='ocrx_word' id='word_1_861' title='bbox 1377 1766 1472 1798; x_wconf 89' lang='lat' dir='ltr'>Marc.</span> <span class='ocrx_word' id='word_1_862' title='bbox 1487 1767 1520 1798; x_wconf 91' lang='lat'>&amp;</span> <span class='ocrx_word' id='word_1_863' title='bbox 1534 1766 1575 1797; x_wconf 95' lang='lat' dir='ltr'>D.</span> <span class='ocrx_word' id='word_1_864' title='bbox 1591 1766 1687 1798; x_wconf 87' lang='lat' dir='ltr'>Marc.</span> <span class='ocrx_word' id='word_1_865' title='bbox 1706 1767 1807 1799; x_wconf 85' lang='lat' dir='ltr'>debitis</span> <span class='ocrx_word' id='word_1_866' title='bbox 1821 1769 1858 1799; x_wconf 92' lang='lat' dir='ltr'>de</span> <span class='ocrx_word' id='word_1_867' title='bbox 1871 1778 1948 1799; x_wconf 88' lang='lat' dir='ltr'>anno</span> <span class='ocrx_word' id='word_1_868' title='bbox 1961 1791 1972 1807; x_wconf 88' lang='lat'>,</span> <span class='ocrx_word' id='word_1_869' title='bbox 1997 1768 2057 1800; x_wconf 92' lang='lat' dir='ltr'>&amp;c.</span> <span class='ocrx_word' id='word_1_870' title='bbox 2071 1767 2171 1807; x_wconf 59' lang='lat' dir='ltr'>octog.</span> <span class='ocrx_word' id='word_1_871' title='bbox 2185 1766 2282 1806; x_wconf 80' lang='lat' dir='ltr'>primo</span> <span class='ocrx_word' id='word_1_872' title='bbox 2301 1767 2446 1799; x_wconf 77' lang='lat' dir='ltr'>obfuscata</span> 
     </span>
     <span class='ocr_line' id='line_1_128' title="bbox 1379 1814 2442 1890; baseline 0 -15"><span class='ocrx_word' id='word_1_873' title='bbox 1379 1814 1505 1882; x_wconf 52' lang='lat' dir='ltr'>mtIIeffir,</span> <span class='ocrx_word' id='word_1_874' title='bbox 1517 1815 1616 1884; x_wconf 48' lang='grc' dir='ltr'>ῐέιῗίῐξὶα</span> <span class='ocrx_word' id='word_1_875' title='bbox 1630 1844 1761 1875; x_wconf 89' lang='lat' dir='ltr'>clamatio</span> <span class='ocrx_word' id='word_1_876' title='bbox 1779 1844 1830 1875; x_wconf 93' lang='lat' dir='ltr'>sub</span> <span class='ocrx_word' id='word_1_877' title='bbox 1853 1844 1941 1884; x_wconf 83' lang='lat' dir='ltr'>sigillo</span> <span class='ocrx_word' id='word_1_878' title='bbox 1954 1843 2094 1890; x_wconf 75' lang='lat' dir='ltr'>Dominae</span> <span class='ocrx_word' id='word_1_879' title='bbox 2108 1843 2232 1889; x_wconf 79' lang='lat' dir='ltr'>Reginae</span> <span class='ocrx_word' id='word_1_880' title='bbox 2249 1842 2350 1875; x_wconf 89' lang='lat' dir='ltr'>Norw</span> <span class='ocrx_word' id='word_1_881' title='bbox 2386 1867 2393 1873; x_wconf 94' lang='lat'>.</span> <span class='ocrx_word' id='word_1_882' title='bbox 2407 1843 2442 1875; x_wconf 89' lang='lat'>&amp;</span> 
     </span>
     <span class='ocr_line' id='line_1_129' title="bbox 1377 1881 2570 1962; baseline 0.003 -10"><span class='ocrx_word' id='word_1_883' title='bbox 1377 1883 1567 1959; x_wconf 57' lang='grc' dir='ltr'>ἓὲῗέῗῃάἒὲῗ</span> <span class='ocrx_word' id='word_1_884' title='bbox 1582 1881 2351 1962; x_wconf 46' lang='grc' dir='ltr'>ἕὲἕῗέῐὲἒέοξῗήᾝ,ἀὲἔῇέῗὲᾙ“ὼῒαῡὼᾊῗσ</span> <span class='ocrx_word' id='word_1_885' title='bbox 2384 1883 2446 1914; x_wconf 59' lang='lat' dir='ltr'>ehi·</span> <span class='ocrx_word' id='word_1_886' title='bbox 2459 1920 2518 1949; x_wconf 75' lang='lat'>⁸11.</span> <span class='ocrx_word' id='word_1_887' title='bbox 2527 1928 2570 1956; x_wconf 67' lang='lat' dir='ltr'>„a</span> 
     </span>
     <span class='ocr_line' id='line_1_130' title="bbox 1378 1958 2444 2032; baseline 0.003 -42"><span class='ocrx_word' id='word_1_888' title='bbox 1378 1959 1665 2032; x_wconf 43' lang='lat' dir='ltr'>Nlitr‘ifsri‘cinciitissddam</span> <span class='ocrx_word' id='word_1_889' title='bbox 1681 1960 1877 1998; x_wconf 83' lang='lat' dir='ltr'>transcriptum</span> <span class='ocrx_word' id='word_1_890' title='bbox 1890 1960 1926 1992; x_wconf 90' lang='lat' dir='ltr'>de</span> <span class='ocrx_word' id='word_1_891' title='bbox 1945 1961 2029 1992; x_wconf 83' lang='lat' dir='ltr'>rebus</span> <span class='ocrx_word' id='word_1_892' title='bbox 2048 1960 2171 1992; x_wconf 91' lang='lat' dir='ltr'>inventis</span> <span class='ocrx_word' id='word_1_893' title='bbox 2190 1958 2255 2000; x_wconf 88' lang='lat' dir='ltr'>post</span> <span class='ocrx_word' id='word_1_894' title='bbox 2271 1958 2444 2001; x_wconf 76' lang='lat' dir='ltr'>naufragium</span> 
     </span>
    </p>
   </div>
   <div class='ocr_carea' id='block_1_68' title="bbox 1413 2035 2355 2078">
    <p class='ocr_par' dir='ltr' id='par_1_84' title="bbox 1413 2035 2355 2078">
     <span class='ocr_line' id='line_1_131' title="bbox 1413 2035 2355 2078; baseline -0.002 -9"><span class='ocrx_word' id='word_1_895' title='bbox 1413 2038 1505 2076; x_wconf 87' lang='lat' dir='ltr'>Item,</span> <span class='ocrx_word' id='word_1_896' title='bbox 1522 2036 1582 2068; x_wconf 84' lang='lat' dir='ltr'>duo</span> <span class='ocrx_word' id='word_1_897' title='bbox 1595 2038 1784 2078; x_wconf 85' lang='lat' dir='ltr'>procuratoria</span> <span class='ocrx_word' id='word_1_898' title='bbox 1795 2038 1847 2070; x_wconf 84' lang='lat' dir='ltr'>alia</span> <span class='ocrx_word' id='word_1_899' title='bbox 1860 2038 2002 2078; x_wconf 86' lang='lat' dir='ltr'>tangentia</span> <span class='ocrx_word' id='word_1_900' title='bbox 2015 2037 2164 2078; x_wconf 79' lang='lat' dir='ltr'>negotium</span> <span class='ocrx_word' id='word_1_901' title='bbox 2177 2035 2355 2077; x_wconf 84' lang='lat' dir='ltr'>Norwagiae.</span> 
     </span>
    </p>
   </div>
   <div class='ocr_carea' id='block_1_69' title="bbox 1436 2119 2380 2202">
    <p class='ocr_par' dir='ltr' id='par_1_85' title="bbox 1436 2119 2380 2202">
     <span class='ocr_line' id='line_1_132' title="bbox 1436 2119 2380 2168; baseline -0.001 -15"><span class='ocrx_word' id='word_1_902' title='bbox 1436 2120 1650 2168; x_wconf 66' lang='lat' dir='ltr'>Rqfi&#39;gnationes</span> <span class='ocrx_word' id='word_1_903' title='bbox 1669 2121 1836 2152; x_wconf 81' lang='lat' dir='ltr'>Cartarum</span> <span class='ocrx_word' id='word_1_904' title='bbox 1859 2119 2051 2153; x_wconf 84' lang='lat' dir='ltr'>redditarum</span> <span class='ocrx_word' id='word_1_905' title='bbox 2068 2122 2201 2153; x_wconf 79' lang='lat' dir='ltr'>Domino</span> <span class='ocrx_word' id='word_1_906' title='bbox 2218 2122 2292 2168; x_wconf 84' lang='lat' dir='ltr'>Regi</span> <span class='ocrx_word' id='word_1_907' title='bbox 2309 2130 2380 2154; x_wconf 86' lang='lat' dir='ltr'>cum</span> 
     </span>
     <span class='ocr_line' id='line_1_133' title="bbox 1593 2166 2227 2202; baseline 0 0"><span class='ocrx_word' id='word_1_908' title='bbox 1593 2171 1699 2202; x_wconf 84' lang='lat' dir='ltr'>Litera</span> <span class='ocrx_word' id='word_1_909' title='bbox 1714 2170 1843 2201; x_wconf 86' lang='lat' dir='ltr'>Domini</span> <span class='ocrx_word' id='word_1_910' title='bbox 1857 2166 1982 2202; x_wconf 81' lang='lat' dir='ltr'>Roberti</span> <span class='ocrx_word' id='word_1_911' title='bbox 1994 2168 2031 2202; x_wconf 85' lang='lat' dir='ltr'>de</span> <span class='ocrx_word' id='word_1_912' title='bbox 2048 2170 2125 2202; x_wconf 81' lang='lat' dir='ltr'><em>Brus</em></span> <span class='ocrx_word' id='word_1_913' title='bbox 2142 2168 2227 2202; x_wconf 72' lang='lat' dir='ltr'>Filii.</span> 
     </span>
    </p>
   </div>
   <div class='ocr_carea' id='block_1_70' title="bbox 1383 2255 2450 3460">
    <p class='ocr_par' dir='ltr' id='par_1_86' title="bbox 1449 2255 1942 2336">
     <span class='ocr_line' id='line_1_134' title="bbox 1449 2255 1756 2288; baseline 0 0"><span class='ocrx_word' id='word_1_914' title='bbox 1449 2257 1517 2288; x_wconf 83' lang='lat' dir='ltr'>Arta</span> <span class='ocrx_word' id='word_1_915' title='bbox 1533 2256 1569 2287; x_wconf 91' lang='lat' dir='ltr'>de</span> <span class='ocrx_word' id='word_1_916' title='bbox 1583 2255 1756 2288; x_wconf 84' lang='lat' dir='ltr'>Balemauth.</span> 
     </span>
     <span class='ocr_line' id='line_1_135' title="bbox 1476 2295 1942 2336; baseline 0 -9"><span class='ocrx_word' id='word_1_917' title='bbox 1476 2296 1548 2327; x_wconf 89' lang='lat' dir='ltr'>Item</span> <span class='ocrx_word' id='word_1_918' title='bbox 1557 2320 1566 2334; x_wconf 93' lang='lat'>,</span> <span class='ocrx_word' id='word_1_919' title='bbox 1586 2295 1669 2326; x_wconf 86' lang='lat' dir='ltr'>Carta</span> <span class='ocrx_word' id='word_1_920' title='bbox 1684 2295 1721 2326; x_wconf 91' lang='lat' dir='ltr'>de</span> <span class='ocrx_word' id='word_1_921' title='bbox 1735 2295 1942 2336; x_wconf 85' lang='lat' dir='ltr'>Caldonyrtler.</span> 
     </span>
    </p>

    <p class='ocr_par' dir='ltr' id='par_1_87' title="bbox 1417 2333 1973 2373">
     <span class='ocr_line' id='line_1_136' title="bbox 1417 2333 1973 2373; baseline 0.004 -8"><span class='ocrx_word' id='word_1_922' title='bbox 1417 2335 1508 2373; x_wconf 85' lang='lat' dir='ltr'>Item,</span> <span class='ocrx_word' id='word_1_923' title='bbox 1525 2333 1610 2364; x_wconf 84' lang='lat' dir='ltr'>Carta</span> <span class='ocrx_word' id='word_1_924' title='bbox 1624 2334 1660 2364; x_wconf 92' lang='lat' dir='ltr'>de</span> <span class='ocrx_word' id='word_1_925' title='bbox 1675 2333 1801 2372; x_wconf 86' lang='lat' dir='ltr'>Cospatt.</span> <span class='ocrx_word' id='word_1_926' title='bbox 1814 2335 1851 2366; x_wconf 92' lang='lat' dir='ltr'>de</span> <span class='ocrx_word' id='word_1_927' title='bbox 1864 2335 1973 2366; x_wconf 86' lang='lat' dir='ltr'>Drem.</span> 
     </span>
    </p>

    <p class='ocr_par' dir='ltr' id='par_1_88' title="bbox 1418 2371 1809 2411">
     <span class='ocr_line' id='line_1_137' title="bbox 1418 2371 1809 2411; baseline 0 -7"><span class='ocrx_word' id='word_1_928' title='bbox 1418 2374 1509 2411; x_wconf 84' lang='lat' dir='ltr'>Item,</span> <span class='ocrx_word' id='word_1_929' title='bbox 1529 2371 1612 2402; x_wconf 75' lang='lat' dir='ltr'>Carta</span> <span class='ocrx_word' id='word_1_930' title='bbox 1625 2372 1661 2402; x_wconf 88' lang='lat' dir='ltr'>de</span> <span class='ocrx_word' id='word_1_931' title='bbox 1674 2371 1809 2404; x_wconf 82' lang='lat' dir='ltr'>Abirrasf.</span> 
     </span>
    </p>

    <p class='ocr_par' dir='ltr' id='par_1_89' title="bbox 1414 2409 1750 2450">
     <span class='ocr_line' id='line_1_138' title="bbox 1414 2409 1750 2450; baseline -0.003 -8"><span class='ocrx_word' id='word_1_932' title='bbox 1414 2412 1508 2450; x_wconf 87' lang='lat' dir='ltr'>Item,</span> <span class='ocrx_word' id='word_1_933' title='bbox 1524 2410 1607 2442; x_wconf 85' lang='lat' dir='ltr'>Carta</span> <span class='ocrx_word' id='word_1_934' title='bbox 1621 2410 1656 2442; x_wconf 90' lang='lat' dir='ltr'>de</span> <span class='ocrx_word' id='word_1_935' title='bbox 1670 2409 1750 2441; x_wconf 94' lang='lat' dir='ltr'>Dull.</span> 
     </span>
    </p>

    <p class='ocr_par' dir='ltr' id='par_1_90' title="bbox 1416 2447 1802 2488">
     <span class='ocr_line' id='line_1_139' title="bbox 1416 2447 1802 2488; baseline 0.003 -7"><span class='ocrx_word' id='word_1_936' title='bbox 1416 2451 1490 2482; x_wconf 90' lang='lat' dir='ltr'>Item</span> <span class='ocrx_word' id='word_1_937' title='bbox 1499 2473 1508 2488; x_wconf 88' lang='lat'>,</span> <span class='ocrx_word' id='word_1_938' title='bbox 1526 2448 1612 2480; x_wconf 86' lang='lat' dir='ltr'>Carta</span> <span class='ocrx_word' id='word_1_939' title='bbox 1626 2449 1663 2480; x_wconf 92' lang='lat' dir='ltr'>de</span> <span class='ocrx_word' id='word_1_940' title='bbox 1677 2447 1802 2482; x_wconf 82' lang='lat' dir='ltr'>Carcok.</span> 
     </span>
    </p>

    <p class='ocr_par' dir='ltr' id='par_1_91' title="bbox 1418 2487 1810 2527">
     <span class='ocr_line' id='line_1_140' title="bbox 1418 2487 1810 2527; baseline -0.005 -7"><span class='ocrx_word' id='word_1_941' title='bbox 1418 2489 1510 2527; x_wconf 82' lang='lat' dir='ltr'>ltom,</span> <span class='ocrx_word' id='word_1_942' title='bbox 1529 2487 1615 2518; x_wconf 84' lang='lat' dir='ltr'>Carta</span> <span class='ocrx_word' id='word_1_943' title='bbox 1628 2488 1665 2519; x_wconf 90' lang='lat' dir='ltr'>de</span> <span class='ocrx_word' id='word_1_944' title='bbox 1676 2487 1810 2520; x_wconf 91' lang='lat' dir='ltr'>Tucock.</span> 
     </span>
    </p>

    <p class='ocr_par' dir='ltr' id='par_1_92' title="bbox 1417 2525 1858 2566">
     <span class='ocr_line' id='line_1_141' title="bbox 1417 2525 1858 2566; baseline 0 -8"><span class='ocrx_word' id='word_1_945' title='bbox 1417 2527 1508 2566; x_wconf 89' lang='lat' dir='ltr'>Item,</span> <span class='ocrx_word' id='word_1_946' title='bbox 1526 2526 1610 2558; x_wconf 87' lang='lat' dir='ltr'>Carta</span> <span class='ocrx_word' id='word_1_947' title='bbox 1624 2526 1661 2557; x_wconf 91' lang='lat' dir='ltr'>de</span> <span class='ocrx_word' id='word_1_948' title='bbox 1674 2525 1811 2566; x_wconf 89' lang='lat' dir='ltr'>Thorsop</span> <span class='ocrx_word' id='word_1_949' title='bbox 1829 2537 1858 2558; x_wconf 88' lang='lat' dir='ltr'>n.</span> 
     </span>
    </p>

    <p class='ocr_par' dir='ltr' id='par_1_93' title="bbox 1418 2564 1883 2604">
     <span class='ocr_line' id='line_1_142' title="bbox 1418 2564 1883 2604; baseline -0.002 -7"><span class='ocrx_word' id='word_1_950' title='bbox 1418 2566 1510 2604; x_wconf 84' lang='lat' dir='ltr'>Item,</span> <span class='ocrx_word' id='word_1_951' title='bbox 1529 2565 1582 2596; x_wconf 86' lang='lat' dir='ltr'>alia</span> <span class='ocrx_word' id='word_1_952' title='bbox 1601 2564 1686 2596; x_wconf 77' lang='lat' dir='ltr'>Carta</span> <span class='ocrx_word' id='word_1_953' title='bbox 1697 2565 1732 2596; x_wconf 92' lang='lat' dir='ltr'>de</span> <span class='ocrx_word' id='word_1_954' title='bbox 1747 2565 1799 2598; x_wconf 88' lang='lat' dir='ltr'>Cal</span> <span class='ocrx_word' id='word_1_955' title='bbox 1821 2576 1883 2598; x_wconf 91' lang='lat' dir='ltr'>our.</span> 
     </span>
    </p>

    <p class='ocr_par' dir='ltr' id='par_1_94' title="bbox 1383 2602 2446 2683">
     <span class='ocr_line' id='line_1_143' title="bbox 1418 2602 2446 2648; baseline 0 -13"><span class='ocrx_word' id='word_1_956' title='bbox 1418 2605 1494 2636; x_wconf 88' lang='lat' dir='ltr'>Item</span> <span class='ocrx_word' id='word_1_957' title='bbox 1510 2627 1520 2642; x_wconf 83' lang='lat'>,</span> <span class='ocrx_word' id='word_1_958' title='bbox 1546 2603 1727 2648; x_wconf 81' lang='lat' dir='ltr'>Donationes</span> <span class='ocrx_word' id='word_1_959' title='bbox 1748 2605 1831 2636; x_wconf 69' lang='lat' dir='ltr'>fae&#39;tae</span> <span class='ocrx_word' id='word_1_960' title='bbox 1849 2604 1954 2635; x_wconf 87' lang='lat' dir='ltr'>Abbati</span> <span class='ocrx_word' id='word_1_961' title='bbox 1978 2604 2013 2636; x_wconf 75' lang='grc' dir='ltr'>δε</span> <span class='ocrx_word' id='word_1_962' title='bbox 2037 2603 2202 2635; x_wconf 89' lang='lat' dir='ltr'>Conventui</span> <span class='ocrx_word' id='word_1_963' title='bbox 2227 2602 2263 2634; x_wconf 88' lang='lat' dir='ltr'>de</span> <span class='ocrx_word' id='word_1_964' title='bbox 2284 2602 2378 2642; x_wconf 79' lang='lat' dir='ltr'>Ruffy</span> <span class='ocrx_word' id='word_1_965' title='bbox 2395 2612 2446 2642; x_wconf 84' lang='lat' dir='ltr'>per</span> 
     </span>
     <span class='ocr_line' id='line_1_144' title="bbox 1383 2641 1954 2683; baseline -0.005 -8"><span class='ocrx_word' id='word_1_966' title='bbox 1383 2643 1527 2683; x_wconf 85' lang='lat' dir='ltr'>Magnum</span> <span class='ocrx_word' id='word_1_967' title='bbox 1562 2642 1673 2674; x_wconf 65' lang='lat' dir='ltr'>dietum</span> <span class='ocrx_word' id='word_1_968' title='bbox 1685 2641 1799 2683; x_wconf 88' lang='lat' dir='ltr'>Regem</span> <span class='ocrx_word' id='word_1_969' title='bbox 1815 2643 1954 2674; x_wconf 80' lang='lat' dir='ltr'>Manniae.</span> 
     </span>
    </p>

    <p class='ocr_par' dir='ltr' id='par_1_95' title="bbox 1421 2664 2072 2719">
     <span class='ocr_line' id='line_1_145' title="bbox 1421 2664 2072 2719; baseline -0.005 -6"><span class='ocrx_word' id='word_1_970' title='bbox 1421 2682 1510 2719; x_wconf 90' lang='lat' dir='ltr'>Item,</span> <span class='ocrx_word' id='word_1_971' title='bbox 1529 2664 1614 2712; x_wconf 77' lang='lat' dir='ltr'>Carta</span> <span class='ocrx_word' id='word_1_972' title='bbox 1628 2681 1794 2712; x_wconf 83' lang='lat' dir='ltr'>Waranniae</span> <span class='ocrx_word' id='word_1_973' title='bbox 1805 2682 1841 2712; x_wconf 92' lang='lat' dir='ltr'>de</span> <span class='ocrx_word' id='word_1_974' title='bbox 1856 2679 1993 2712; x_wconf 88' lang='lat' dir='ltr'>Caldovir</span> <span class='ocrx_word' id='word_1_975' title='bbox 2006 2680 2072 2711; x_wconf 90' lang='lat' dir='ltr'>cler.</span> 
     </span>
    </p>

    <p class='ocr_par' dir='ltr' id='par_1_96' title="bbox 1421 2717 1940 2759">
     <span class='ocr_line' id='line_1_146' title="bbox 1421 2717 1940 2759; baseline -0.006 -9"><span class='ocrx_word' id='word_1_976' title='bbox 1421 2720 1512 2758; x_wconf 84' lang='lat' dir='ltr'>Item,</span> <span class='ocrx_word' id='word_1_977' title='bbox 1531 2717 1617 2750; x_wconf 85' lang='lat' dir='ltr'>Carta</span> <span class='ocrx_word' id='word_1_978' title='bbox 1631 2719 1669 2749; x_wconf 89' lang='lat' dir='ltr'>de</span> <span class='ocrx_word' id='word_1_979' title='bbox 1682 2717 1940 2759; x_wconf 88' lang='lat' dir='ltr'>Canibusnaythan.</span> 
     </span>
    </p>

    <p class='ocr_par' dir='ltr' id='par_1_97' title="bbox 1421 2753 2278 2796">
     <span class='ocr_line' id='line_1_147' title="bbox 1421 2753 2278 2796; baseline -0.006 -6"><span class='ocrx_word' id='word_1_980' title='bbox 1421 2759 1514 2796; x_wconf 90' lang='lat' dir='ltr'>Item,</span> <span class='ocrx_word' id='word_1_981' title='bbox 1531 2756 1615 2788; x_wconf 88' lang='lat' dir='ltr'>Carta</span> <span class='ocrx_word' id='word_1_982' title='bbox 1627 2757 1663 2787; x_wconf 88' lang='lat' dir='ltr'>de</span> <span class='ocrx_word' id='word_1_983' title='bbox 1675 2755 1789 2788; x_wconf 86' lang='lat' dir='ltr'>Foresta</span> <span class='ocrx_word' id='word_1_984' title='bbox 1802 2759 1836 2789; x_wconf 92' lang='lat'>&amp;</span> <span class='ocrx_word' id='word_1_985' title='bbox 1849 2758 1886 2789; x_wconf 89' lang='lat' dir='ltr'>de</span> <span class='ocrx_word' id='word_1_986' title='bbox 1902 2755 2078 2787; x_wconf 85' lang='lat' dir='ltr'>Kilrechnoc</span> <span class='ocrx_word' id='word_1_987' title='bbox 2093 2755 2122 2785; x_wconf 91' lang='lat' dir='ltr'>in</span> <span class='ocrx_word' id='word_1_988' title='bbox 2137 2753 2278 2785; x_wconf 85' lang='lat' dir='ltr'>Moravia.</span> 
     </span>
    </p>

    <p class='ocr_par' dir='ltr' id='par_1_98' title="bbox 1422 2794 1841 2835">
     <span class='ocr_line' id='line_1_148' title="bbox 1422 2794 1841 2835; baseline -0.007 -6"><span class='ocrx_word' id='word_1_989' title='bbox 1422 2797 1514 2835; x_wconf 86' lang='lat' dir='ltr'>Item,</span> <span class='ocrx_word' id='word_1_990' title='bbox 1530 2795 1614 2826; x_wconf 81' lang='lat' dir='ltr'>Carta</span> <span class='ocrx_word' id='word_1_991' title='bbox 1626 2795 1662 2826; x_wconf 91' lang='lat' dir='ltr'>de</span> <span class='ocrx_word' id='word_1_992' title='bbox 1673 2794 1841 2828; x_wconf 83' lang='lat' dir='ltr'>Suthirland.</span> 
     </span>
    </p>

    <p class='ocr_par' dir='ltr' id='par_1_99' title="bbox 1386 2831 2450 2914">
     <span class='ocr_line' id='line_1_149' title="bbox 1421 2831 2450 2905; baseline -0.002 -39"><span class='ocrx_word' id='word_1_993' title='bbox 1421 2836 1514 2905; x_wconf 50' lang='lat' dir='ltr'>Iteml),</span> <span class='ocrx_word' id='word_1_994' title='bbox 1533 2833 1619 2879; x_wconf 80' lang='lat' dir='ltr'>Carta</span> <span class='ocrx_word' id='word_1_995' title='bbox 1633 2843 1718 2875; x_wconf 90' lang='lat' dir='ltr'>quam</span> <span class='ocrx_word' id='word_1_996' title='bbox 1737 2834 1856 2866; x_wconf 87' lang='lat' dir='ltr'>Gilcrist</span> <span class='ocrx_word' id='word_1_997' title='bbox 1870 2834 2032 2876; x_wconf 83' lang='lat' dir='ltr'>Matnevyn</span> <span class='ocrx_word' id='word_1_998' title='bbox 2048 2833 2087 2864; x_wconf 93' lang='lat' dir='ltr'>de</span> <span class='ocrx_word' id='word_1_999' title='bbox 2101 2832 2234 2864; x_wconf 72' lang='lat' dir='ltr'>levenax</span> <span class='ocrx_word' id='word_1_1000' title='bbox 2248 2831 2368 2864; x_wconf 87' lang='lat' dir='ltr'>reddidit</span> <span class='ocrx_word' id='word_1_1001' title='bbox 2382 2831 2450 2864; x_wconf 84' lang='lat' dir='ltr'>Do·</span> 
     </span>
     <span class='ocr_line' id='line_1_150' title="bbox 1386 2883 1567 2914; baseline -0.022 -6"><span class='ocrx_word' id='word_1_1002' title='bbox 1386 2885 1468 2908; x_wconf 86' lang='lat' dir='ltr'>mino</span> <span class='ocrx_word' id='word_1_1003' title='bbox 1515 2883 1567 2914; x_wconf 87' lang='lat' dir='ltr'>egi.</span> 
     </span>
    </p>

    <p class='ocr_par' dir='ltr' id='par_1_100' title="bbox 1422 2911 1901 2952">
     <span class='ocr_line' id='line_1_151' title="bbox 1422 2911 1901 2952; baseline -0.006 -7"><span class='ocrx_word' id='word_1_1004' title='bbox 1422 2914 1513 2952; x_wconf 90' lang='lat' dir='ltr'>Item,</span> <span class='ocrx_word' id='word_1_1005' title='bbox 1531 2912 1583 2942; x_wconf 86' lang='lat' dir='ltr'>alia</span> <span class='ocrx_word' id='word_1_1006' title='bbox 1595 2911 1683 2943; x_wconf 87' lang='lat' dir='ltr'>Carta</span> <span class='ocrx_word' id='word_1_1007' title='bbox 1696 2911 1901 2943; x_wconf 80' lang='lat' dir='ltr'>Suthirlandiae.</span> 
     </span>
    </p>

    <p class='ocr_par' dir='ltr' id='par_1_101' title="bbox 1423 2949 1960 2991">
     <span class='ocr_line' id='line_1_152' title="bbox 1423 2949 1960 2991; baseline -0.007 -7"><span class='ocrx_word' id='word_1_1008' title='bbox 1423 2952 1497 2984; x_wconf 89' lang='lat' dir='ltr'>Item</span> <span class='ocrx_word' id='word_1_1009' title='bbox 1506 2975 1515 2991; x_wconf 89' lang='lat'>,</span> <span class='ocrx_word' id='word_1_1010' title='bbox 1531 2949 1616 2981; x_wconf 89' lang='lat' dir='ltr'>Carta</span> <span class='ocrx_word' id='word_1_1011' title='bbox 1629 2950 1749 2981; x_wconf 85' lang='lat' dir='ltr'>Walteri&#39;</span> <span class='ocrx_word' id='word_1_1012' title='bbox 1764 2950 1801 2982; x_wconf 91' lang='lat' dir='ltr'>de</span> <span class='ocrx_word' id='word_1_1013' title='bbox 1815 2951 1960 2982; x_wconf 78' lang='lat' dir='ltr'>Fontibus.</span> 
     </span>
    </p>

    <p class='ocr_par' dir='ltr' id='par_1_102' title="bbox 1421 2987 1776 3029">
     <span class='ocr_line' id='line_1_153' title="bbox 1421 2987 1776 3029; baseline -0.014 -6"><span class='ocrx_word' id='word_1_1014' title='bbox 1421 2991 1494 3023; x_wconf 90' lang='lat' dir='ltr'>Item</span> <span class='ocrx_word' id='word_1_1015' title='bbox 1502 3014 1512 3029; x_wconf 85' lang='lat'>,</span> <span class='ocrx_word' id='word_1_1016' title='bbox 1531 2988 1616 3021; x_wconf 88' lang='lat' dir='ltr'>Carta</span> <span class='ocrx_word' id='word_1_1017' title='bbox 1629 2988 1665 3020; x_wconf 93' lang='lat' dir='ltr'>de</span> <span class='ocrx_word' id='word_1_1018' title='bbox 1677 2987 1776 3028; x_wconf 89' lang='lat' dir='ltr'>Petyn.</span> 
     </span>
    </p>

    <p class='ocr_par' dir='ltr' id='par_1_103' title="bbox 1423 3026 1987 3068">
     <span class='ocr_line' id='line_1_154' title="bbox 1423 3026 1987 3068; baseline -0.009 -6"><span class='ocrx_word' id='word_1_1019' title='bbox 1423 3030 1515 3068; x_wconf 86' lang='lat' dir='ltr'>Item,</span> <span class='ocrx_word' id='word_1_1020' title='bbox 1533 3027 1619 3059; x_wconf 85' lang='lat' dir='ltr'>Carta</span> <span class='ocrx_word' id='word_1_1021' title='bbox 1633 3026 1705 3057; x_wconf 93' lang='lat' dir='ltr'>Hos</span> <span class='ocrx_word' id='word_1_1022' title='bbox 1717 3027 1786 3058; x_wconf 85' lang='lat' dir='ltr'>italis</span> <span class='ocrx_word' id='word_1_1023' title='bbox 1798 3027 1835 3059; x_wconf 91' lang='lat' dir='ltr'>de</span> <span class='ocrx_word' id='word_1_1024' title='bbox 1847 3026 1987 3058; x_wconf 88' lang='lat' dir='ltr'>Abirden.</span> 
     </span>
    </p>

    <p class='ocr_par' dir='ltr' id='par_1_104' title="bbox 1424 3065 1991 3107">
     <span class='ocr_line' id='line_1_155' title="bbox 1424 3065 1991 3107; baseline -0.011 -6"><span class='ocrx_word' id='word_1_1025' title='bbox 1424 3069 1516 3107; x_wconf 89' lang='lat' dir='ltr'>Item,</span> <span class='ocrx_word' id='word_1_1026' title='bbox 1535 3066 1622 3097; x_wconf 90' lang='lat' dir='ltr'>Carta</span> <span class='ocrx_word' id='word_1_1027' title='bbox 1634 3066 1670 3096; x_wconf 93' lang='lat' dir='ltr'>de</span> <span class='ocrx_word' id='word_1_1028' title='bbox 1708 3065 1800 3097; x_wconf 84' lang='lat' dir='ltr'>oresta</span> <span class='ocrx_word' id='word_1_1029' title='bbox 1813 3066 1850 3097; x_wconf 91' lang='lat' dir='ltr'>de</span> <span class='ocrx_word' id='word_1_1030' title='bbox 1861 3066 1991 3097; x_wconf 88' lang='lat' dir='ltr'>Invirins.</span> 
     </span>
    </p>

    <p class='ocr_par' dir='ltr' id='par_1_105' title="bbox 1423 3098 2430 3146">
     <span class='ocr_line' id='line_1_156' title="bbox 1423 3098 2430 3146; baseline -0.009 -7"><span class='ocrx_word' id='word_1_1031' title='bbox 1423 3107 1515 3146; x_wconf 90' lang='lat' dir='ltr'>Item,</span> <span class='ocrx_word' id='word_1_1032' title='bbox 1535 3104 1620 3136; x_wconf 87' lang='lat' dir='ltr'>Carta</span> <span class='ocrx_word' id='word_1_1033' title='bbox 1634 3104 1665 3134; x_wconf 93' lang='lat' dir='ltr'>R</span> <span class='ocrx_word' id='word_1_1034' title='bbox 1703 3105 1723 3135; x_wconf 83' lang='lat' dir='ltr'>&#39;s</span> <span class='ocrx_word' id='word_1_1035' title='bbox 1734 3103 1836 3144; x_wconf 85' lang='lat' dir='ltr'>Magni</span> <span class='ocrx_word' id='word_1_1036' title='bbox 1851 3105 1931 3143; x_wconf 89' lang='lat' dir='ltr'>super</span> <span class='ocrx_word' id='word_1_1037' title='bbox 1942 3103 2104 3142; x_wconf 85' lang='lat' dir='ltr'>recepu&#39;one</span> <span class='ocrx_word' id='word_1_1038' title='bbox 2118 3100 2248 3133; x_wconf 85' lang='lat' dir='ltr'>Manniae</span> <span class='ocrx_word' id='word_1_1039' title='bbox 2259 3100 2294 3132; x_wconf 81' lang='lat' dir='ltr'>ad</span> <span class='ocrx_word' id='word_1_1040' title='bbox 2308 3098 2430 3133; x_wconf 83' lang='lat' dir='ltr'>firmam.</span> 
     </span>
    </p>

    <p class='ocr_par' dir='ltr' id='par_1_106' title="bbox 1425 3142 1827 3184">
     <span class='ocr_line' id='line_1_157' title="bbox 1425 3142 1827 3184; baseline -0.007 -7"><span class='ocrx_word' id='word_1_1041' title='bbox 1425 3146 1515 3184; x_wconf 86' lang='lat' dir='ltr'>Item,</span> <span class='ocrx_word' id='word_1_1042' title='bbox 1532 3142 1617 3174; x_wconf 91' lang='lat' dir='ltr'>Carta</span> <span class='ocrx_word' id='word_1_1043' title='bbox 1631 3143 1668 3174; x_wconf 92' lang='lat' dir='ltr'>de</span> <span class='ocrx_word' id='word_1_1044' title='bbox 1705 3142 1827 3174; x_wconf 84' lang='lat' dir='ltr'>urschall.</span> 
     </span>
    </p>

    <p class='ocr_par' dir='ltr' id='par_1_107' title="bbox 1425 3181 1889 3223">
     <span class='ocr_line' id='line_1_158' title="bbox 1425 3181 1889 3223; baseline -0.009 -7"><span class='ocrx_word' id='word_1_1045' title='bbox 1425 3185 1514 3223; x_wconf 89' lang='lat' dir='ltr'>Item,</span> <span class='ocrx_word' id='word_1_1046' title='bbox 1531 3181 1618 3214; x_wconf 87' lang='lat' dir='ltr'>Carta</span> <span class='ocrx_word' id='word_1_1047' title='bbox 1629 3182 1666 3212; x_wconf 91' lang='lat' dir='ltr'>de</span> <span class='ocrx_word' id='word_1_1048' title='bbox 1680 3181 1889 3212; x_wconf 88' lang='lat' dir='ltr'>Aberkerdour.</span> 
     </span>
    </p>

    <p class='ocr_par' dir='ltr' id='par_1_108' title="bbox 1424 3219 1992 3262">
     <span class='ocr_line' id='line_1_159' title="bbox 1424 3219 1992 3262; baseline -0.007 -8"><span class='ocrx_word' id='word_1_1049' title='bbox 1424 3224 1513 3262; x_wconf 73' lang='lat' dir='ltr'>Item,</span> <span class='ocrx_word' id='word_1_1050' title='bbox 1532 3220 1620 3252; x_wconf 89' lang='lat' dir='ltr'>Carta</span> <span class='ocrx_word' id='word_1_1051' title='bbox 1633 3220 1761 3250; x_wconf 89' lang='lat' dir='ltr'>Thomae</span> <span class='ocrx_word' id='word_1_1052' title='bbox 1773 3221 1809 3251; x_wconf 91' lang='lat' dir='ltr'>de</span> <span class='ocrx_word' id='word_1_1053' title='bbox 1821 3219 1992 3251; x_wconf 89' lang='lat' dir='ltr'>Thirlestan.</span> 
     </span>
    </p>

    <p class='ocr_par' dir='ltr' id='par_1_109' title="bbox 1424 3253 2386 3300">
     <span class='ocr_line' id='line_1_160' title="bbox 1424 3253 2386 3300; baseline -0.01 -7"><span class='ocrx_word' id='word_1_1054' title='bbox 1424 3263 1515 3300; x_wconf 87' lang='lat' dir='ltr'>Item,</span> <span class='ocrx_word' id='word_1_1055' title='bbox 1533 3259 1618 3290; x_wconf 89' lang='lat' dir='ltr'>Carta</span> <span class='ocrx_word' id='word_1_1056' title='bbox 1632 3257 1685 3288; x_wconf 85' lang='lat' dir='ltr'>Ma</span> <span class='ocrx_word' id='word_1_1057' title='bbox 1705 3258 1764 3289; x_wconf 85' lang='lat' dir='ltr'>istri</span> <span class='ocrx_word' id='word_1_1058' title='bbox 1777 3259 1851 3289; x_wconf 87' lang='lat' dir='ltr'>Abel</span> <span class='ocrx_word' id='word_1_1059' title='bbox 1863 3260 1899 3290; x_wconf 91' lang='lat' dir='ltr'>de</span> <span class='ocrx_word' id='word_1_1060' title='bbox 1913 3257 2050 3296; x_wconf 88' lang='lat' dir='ltr'>Hospitio</span> <span class='ocrx_word' id='word_1_1061' title='bbox 2062 3253 2195 3286; x_wconf 87' lang='lat' dir='ltr'>habendo</span> <span class='ocrx_word' id='word_1_1062' title='bbox 2204 3255 2234 3285; x_wconf 89' lang='lat' dir='ltr'>in</span> <span class='ocrx_word' id='word_1_1063' title='bbox 2246 3253 2386 3286; x_wconf 81' lang='lat' dir='ltr'>strivelin.</span> 
     </span>
    </p>

    <p class='ocr_par' dir='ltr' id='par_1_110' title="bbox 1389 3296 2449 3410">
     <span class='ocr_line' id='line_1_161' title="bbox 1424 3296 1830 3338; baseline -0.01 -6"><span class='ocrx_word' id='word_1_1064' title='bbox 1424 3301 1514 3338; x_wconf 88' lang='lat' dir='ltr'>Item,</span> <span class='ocrx_word' id='word_1_1065' title='bbox 1534 3297 1619 3328; x_wconf 88' lang='lat' dir='ltr'>Carta</span> <span class='ocrx_word' id='word_1_1066' title='bbox 1634 3296 1669 3326; x_wconf 88' lang='lat' dir='ltr'>de</span> <span class='ocrx_word' id='word_1_1067' title='bbox 1708 3297 1830 3328; x_wconf 84' lang='lat' dir='ltr'>othobir.</span> 
     </span>
     <span class='ocr_line' id='line_1_162' title="bbox 1389 3328 2449 3410; baseline -0.006 -43"><span class='ocrx_word' id='word_1_1068' title='bbox 1389 3335 1628 3410; x_wconf 51' lang='lat' dir='ltr'>Agffirli’a&#39;rfl‘itera</span> <span class='ocrx_word' id='word_1_1069' title='bbox 1640 3336 1742 3375; x_wconf 89' lang='lat' dir='ltr'>quietae</span> <span class='ocrx_word' id='word_1_1070' title='bbox 1754 3337 1930 3368; x_wconf 86' lang='lat' dir='ltr'>clamationis</span> <span class='ocrx_word' id='word_1_1071' title='bbox 1947 3333 2066 3366; x_wconf 88' lang='lat' dir='ltr'>Ricardi</span> <span class='ocrx_word' id='word_1_1072' title='bbox 2081 3331 2248 3364; x_wconf 86' lang='lat' dir='ltr'>Mantaland</span> <span class='ocrx_word' id='word_1_1073' title='bbox 2261 3331 2297 3362; x_wconf 91' lang='lat' dir='ltr'>de</span> <span class='ocrx_word' id='word_1_1074' title='bbox 2311 3331 2400 3362; x_wconf 85' lang='lat' dir='ltr'>Terra</span> <span class='ocrx_word' id='word_1_1075' title='bbox 2413 3328 2449 3361; x_wconf 90' lang='lat' dir='ltr'>de</span> 
     </span>
    </p>

    <p class='ocr_par' dir='ltr' id='par_1_111' title="bbox 1425 3405 2450 3460">
     <span class='ocr_line' id='line_1_163' title="bbox 1425 3405 2450 3460; baseline -0.012 -12"><span class='ocrx_word' id='word_1_1076' title='bbox 1425 3417 1516 3460; x_wconf 76' lang='lat' dir='ltr'>Item,</span> <span class='ocrx_word' id='word_1_1077' title='bbox 1535 3412 1723 3444; x_wconf 87' lang='lat' dir='ltr'>Excambium</span> <span class='ocrx_word' id='word_1_1078' title='bbox 1736 3412 1845 3459; x_wconf 59' lang='lat' dir='ltr'>faetuni</span> <span class='ocrx_word' id='word_1_1079' title='bbox 1858 3423 1909 3453; x_wconf 87' lang='lat' dir='ltr'>per</span> <span class='ocrx_word' id='word_1_1080' title='bbox 1921 3413 2052 3444; x_wconf 84' lang='lat' dir='ltr'>Priorem</span> <span class='ocrx_word' id='word_1_1081' title='bbox 2064 3410 2100 3442; x_wconf 91' lang='lat' dir='ltr'>de</span> <span class='ocrx_word' id='word_1_1082' title='bbox 2114 3407 2250 3441; x_wconf 80' lang='lat' dir='ltr'>Urchard</span> <span class='ocrx_word' id='word_1_1083' title='bbox 2263 3407 2299 3438; x_wconf 89' lang='lat' dir='ltr'>de</span> <span class='ocrx_word' id='word_1_1084' title='bbox 2311 3407 2401 3439; x_wconf 79' lang='lat' dir='ltr'>Terra</span> <span class='ocrx_word' id='word_1_1085' title='bbox 2412 3405 2450 3436; x_wconf 88' lang='lat' dir='ltr'>de</span> 
     </span>
    </p>
   </div>
   <div class='ocr_carea' id='block_1_71' title="bbox 291 3452 1872 3893">
    <p class='ocr_par' dir='ltr' id='par_1_112' title="bbox 291 3452 1872 3586">
     <span class='ocr_line' id='line_1_164' title="bbox 292 3452 1872 3532; baseline -0.013 -29"><span class='ocrx_word' id='word_1_1086' title='bbox 292 3470 522 3532; x_wconf 76' lang='lat' dir='ltr'>Compositio</span> <span class='ocrx_word' id='word_1_1087' title='bbox 535 3471 606 3500; x_wconf 87' lang='lat' dir='ltr'>inter</span> <span class='ocrx_word' id='word_1_1088' title='bbox 619 3469 714 3499; x_wconf 72' lang='lat' dir='ltr'>Reves</span> <span class='ocrx_word' id='word_1_1089' title='bbox 727 3468 831 3499; x_wconf 84' lang='lat' dir='ltr'>Scotiae</span> <span class='ocrx_word' id='word_1_1090' title='bbox 845 3468 878 3498; x_wconf 66' lang='grc' dir='ltr'>ὃς</span> <span class='ocrx_word' id='word_1_1091' title='bbox 891 3466 1033 3507; x_wconf 87' lang='lat' dir='ltr'>Norwag.</span> <span class='ocrx_word' id='word_1_1092' title='bbox 1044 3465 1123 3502; x_wconf 87' lang='lat' dir='ltr'>super</span> <span class='ocrx_word' id='word_1_1093' title='bbox 1136 3465 1226 3495; x_wconf 82' lang='lat' dir='ltr'>insulis</span> <span class='ocrx_word' id='word_1_1094' title='bbox 1240 3464 1349 3504; x_wconf 85' lang='lat' dir='ltr'>Duppl.</span> <span class='ocrx_word' id='word_1_1095' title='bbox 1389 3456 1539 3490; x_wconf 84' lang='lat' dir='ltr'>Fothobir.</span> <span class='ocrx_word' id='word_1_1096' title='bbox 1550 3462 1604 3496; x_wconf 82' lang='lat' dir='ltr'>pro</span> <span class='ocrx_word' id='word_1_1097' title='bbox 1617 3452 1706 3482; x_wconf 86' lang='lat' dir='ltr'>Terra</span> <span class='ocrx_word' id='word_1_1098' title='bbox 1720 3452 1756 3483; x_wconf 90' lang='lat' dir='ltr'>de</span> <span class='ocrx_word' id='word_1_1099' title='bbox 1771 3452 1872 3493; x_wconf 88' lang='lat' dir='ltr'>Bynin.</span> 
     </span>
     <span class='ocr_line' id='line_1_165' title="bbox 375 3493 1349 3553; baseline -0.006 -12"><span class='ocrx_word' id='word_1_1100' title='bbox 375 3510 456 3553; x_wconf 30' lang='lat' dir='ltr'>*Item</span> <span class='ocrx_word' id='word_1_1101' title='bbox 471 3533 481 3548; x_wconf 96' lang='lat'>,</span> <span class='ocrx_word' id='word_1_1102' title='bbox 505 3507 654 3540; x_wconf 75' lang='lat' dir='ltr'>Confessio</span> <span class='ocrx_word' id='word_1_1103' title='bbox 667 3493 894 3538; x_wconf 60' lang='lat' dir='ltr'>Dprocuratorum</span> <span class='ocrx_word' id='word_1_1104' title='bbox 909 3506 1056 3536; x_wconf 89' lang='lat' dir='ltr'>missorum</span> <span class='ocrx_word' id='word_1_1105' title='bbox 1076 3513 1091 3534; x_wconf 89' lang='lat' dir='ltr'>a</span> <span class='ocrx_word' id='word_1_1106' title='bbox 1106 3503 1189 3542; x_wconf 85' lang='lat' dir='ltr'>Rege</span> <span class='ocrx_word' id='word_1_1107' title='bbox 1207 3503 1349 3543; x_wconf 86' lang='lat' dir='ltr'>Norwag.</span> 
     </span>
     <span class='ocr_line' id='line_1_166' title="bbox 291 3545 792 3586; baseline -0.002 -11"><span class='ocrx_word' id='word_1_1108' title='bbox 291 3555 344 3584; x_wconf 83' lang='lat' dir='ltr'>pro</span> <span class='ocrx_word' id='word_1_1109' title='bbox 355 3547 426 3578; x_wconf 66' lang='lat' dir='ltr'>dieta</span> <span class='ocrx_word' id='word_1_1110' title='bbox 439 3547 646 3586; x_wconf 87' lang='lat' dir='ltr'>compositione</span> <span class='ocrx_word' id='word_1_1111' title='bbox 659 3545 792 3576; x_wconf 87' lang='lat' dir='ltr'>facienda.</span> 
     </span>
    </p>

    <p class='ocr_par' dir='ltr' id='par_1_113' title="bbox 294 3580 1350 3659">
     <span class='ocr_line' id='line_1_167' title="bbox 330 3580 1350 3624; baseline -0.002 -11"><span class='ocrx_word' id='word_1_1112' title='bbox 330 3582 400 3614; x_wconf 89' lang='lat' dir='ltr'>Item</span> <span class='ocrx_word' id='word_1_1113' title='bbox 409 3609 418 3623; x_wconf 93' lang='lat'>,</span> <span class='ocrx_word' id='word_1_1114' title='bbox 434 3585 604 3617; x_wconf 87' lang='lat' dir='ltr'>Mandatum</span> <span class='ocrx_word' id='word_1_1115' title='bbox 612 3585 685 3624; x_wconf 86' lang='lat' dir='ltr'>Reg.</span> <span class='ocrx_word' id='word_1_1116' title='bbox 696 3583 836 3623; x_wconf 88' lang='lat' dir='ltr'>Norwag.</span> <span class='ocrx_word' id='word_1_1117' title='bbox 849 3582 926 3623; x_wconf 91' lang='lat' dir='ltr'>quod</span> <span class='ocrx_word' id='word_1_1118' title='bbox 940 3582 1058 3613; x_wconf 89' lang='lat' dir='ltr'>Insulani</span> <span class='ocrx_word' id='word_1_1119' title='bbox 1071 3580 1173 3613; x_wconf 72' lang='lat' dir='ltr'>Faciant</span> <span class='ocrx_word' id='word_1_1120' title='bbox 1184 3580 1350 3620; x_wconf 88' lang='lat' dir='ltr'>homagium</span> 
     </span>
     <span class='ocr_line' id='line_1_168' title="bbox 294 3620 905 3659; baseline 0.002 -9"><span class='ocrx_word' id='word_1_1121' title='bbox 294 3620 367 3659; x_wconf 86' lang='lat' dir='ltr'>ch.</span> <span class='ocrx_word' id='word_1_1122' title='bbox 382 3624 458 3653; x_wconf 83' lang='lat' dir='ltr'>Scor.</span> <span class='ocrx_word' id='word_1_1123' title='bbox 474 3625 507 3655; x_wconf 89' lang='lat'>&amp;</span> <span class='ocrx_word' id='word_1_1124' title='bbox 523 3626 547 3654; x_wconf 89' lang='lat' dir='ltr'>ei</span> <span class='ocrx_word' id='word_1_1125' title='bbox 560 3624 705 3654; x_wconf 89' lang='lat' dir='ltr'>intendant</span> <span class='ocrx_word' id='word_1_1126' title='bbox 718 3631 748 3653; x_wconf 91' lang='lat' dir='ltr'>ut</span> <span class='ocrx_word' id='word_1_1127' title='bbox 761 3621 905 3652; x_wconf 91' lang='lat' dir='ltr'>Domino.</span> 
     </span>
    </p>

    <p class='ocr_par' dir='ltr' id='par_1_114' title="bbox 292 3656 1352 3742">
     <span class='ocr_line' id='line_1_169' title="bbox 331 3656 1352 3704; baseline -0.001 -17"><span class='ocrx_word' id='word_1_1128' title='bbox 331 3658 419 3704; x_wconf 75' lang='lat' dir='ltr'>Item,</span> <span class='ocrx_word' id='word_1_1129' title='bbox 437 3660 586 3693; x_wconf 84' lang='lat' dir='ltr'>Confeffio</span> <span class='ocrx_word' id='word_1_1130' title='bbox 604 3661 792 3702; x_wconf 88' lang='lat' dir='ltr'>quorumdam</span> <span class='ocrx_word' id='word_1_1131' title='bbox 808 3660 1028 3691; x_wconf 87' lang='lat' dir='ltr'>Procuratorum</span> <span class='ocrx_word' id='word_1_1132' title='bbox 1049 3659 1138 3698; x_wconf 84' lang='lat' dir='ltr'>Regis</span> <span class='ocrx_word' id='word_1_1133' title='bbox 1156 3656 1300 3698; x_wconf 81' lang='lat' dir='ltr'>Norwag.</span> <span class='ocrx_word' id='word_1_1134' title='bbox 1316 3656 1352 3687; x_wconf 89' lang='lat' dir='ltr'>de</span> 
     </span>
     <span class='ocr_line' id='line_1_170' title="bbox 292 3698 912 3742; baseline 0.005 -17"><span class='ocrx_word' id='word_1_1135' title='bbox 292 3698 417 3727; x_wconf 84' lang='lat' dir='ltr'>emendis</span> <span class='ocrx_word' id='word_1_1136' title='bbox 430 3702 543 3739; x_wconf 86' lang='lat' dir='ltr'>receptis</span> <span class='ocrx_word' id='word_1_1137' title='bbox 558 3711 610 3738; x_wconf 88' lang='lat' dir='ltr'>pro</span> <span class='ocrx_word' id='word_1_1138' title='bbox 623 3699 912 3742; x_wconf 25' lang='lat' dir='ltr'>quibusdamlinjuriis-</span> 
     </span>
    </p>

    <p class='ocr_par' dir='ltr' id='par_1_115' title="bbox 334 3734 1222 3778">
     <span class='ocr_line' id='line_1_171' title="bbox 334 3734 1222 3778; baseline 0.003 -16"><span class='ocrx_word' id='word_1_1139' title='bbox 334 3734 404 3764; x_wconf 78' lang='lat' dir='ltr'>Item</span> <span class='ocrx_word' id='word_1_1140' title='bbox 413 3758 422 3773; x_wconf 85' lang='lat'>,</span> <span class='ocrx_word' id='word_1_1141' title='bbox 440 3737 581 3775; x_wconf 83' lang='lat' dir='ltr'>Qaedam</span> <span class='ocrx_word' id='word_1_1142' title='bbox 595 3740 672 3769; x_wconf 87' lang='lat' dir='ltr'>litera</span> <span class='ocrx_word' id='word_1_1143' title='bbox 686 3739 762 3778; x_wconf 90' lang='lat' dir='ltr'>Regi</span> <span class='ocrx_word' id='word_1_1144' title='bbox 775 3737 915 3776; x_wconf 87' lang='lat' dir='ltr'>Norwag.</span> <span class='ocrx_word' id='word_1_1145' title='bbox 929 3738 958 3767; x_wconf 92' lang='lat' dir='ltr'>in</span> <span class='ocrx_word' id='word_1_1146' title='bbox 975 3736 1086 3776; x_wconf 87' lang='lat' dir='ltr'>Lingua</span> <span class='ocrx_word' id='word_1_1147' title='bbox 1098 3735 1222 3766; x_wconf 90' lang='lat' dir='ltr'>Norica.</span> 
     </span>
    </p>

    <p class='ocr_par' dir='ltr' id='par_1_116' title="bbox 332 3770 1262 3818">
     <span class='ocr_line' id='line_1_172' title="bbox 332 3770 1262 3818; baseline -0.01 -7"><span class='ocrx_word' id='word_1_1148' title='bbox 332 3770 421 3810; x_wconf 82' lang='lat' dir='ltr'>Item,</span> <span class='ocrx_word' id='word_1_1149' title='bbox 439 3773 522 3818; x_wconf 70' lang='lat' dir='ltr'>Carta</span> <span class='ocrx_word' id='word_1_1150' title='bbox 531 3776 666 3814; x_wconf 80' lang='lat' dir='ltr'>johannis</span> <span class='ocrx_word' id='word_1_1151' title='bbox 680 3777 708 3807; x_wconf 91' lang='lat' dir='ltr'>R</span> <span class='ocrx_word' id='word_1_1152' title='bbox 747 3800 753 3805; x_wconf 95' lang='lat'>.</span> <span class='ocrx_word' id='word_1_1153' title='bbox 766 3775 908 3815; x_wconf 82' lang='lat' dir='ltr'>Norwag.</span> <span class='ocrx_word' id='word_1_1154' title='bbox 923 3775 960 3806; x_wconf 91' lang='lat' dir='ltr'>de</span> <span class='ocrx_word' id='word_1_1155' title='bbox 970 3775 1161 3814; x_wconf 86' lang='lat' dir='ltr'>Naufragium</span> <span class='ocrx_word' id='word_1_1156' title='bbox 1175 3771 1262 3813; x_wconf 74' lang='lat' dir='ltr'>paffis.</span> 
     </span>
    </p>

    <p class='ocr_par' dir='ltr' id='par_1_117' title="bbox 332 3809 1017 3858">
     <span class='ocr_line' id='line_1_173' title="bbox 332 3809 1017 3858; baseline 0.007 -20"><span class='ocrx_word' id='word_1_1157' title='bbox 332 3809 421 3847; x_wconf 82' lang='lat' dir='ltr'>Item,</span> <span class='ocrx_word' id='word_1_1158' title='bbox 441 3812 490 3842; x_wconf 84' lang='lat' dir='ltr'>alia</span> <span class='ocrx_word' id='word_1_1159' title='bbox 504 3813 591 3843; x_wconf 86' lang='lat' dir='ltr'>Sweri</span> <span class='ocrx_word' id='word_1_1160' title='bbox 601 3815 690 3854; x_wconf 82' lang='lat' dir='ltr'>Regis</span> <span class='ocrx_word' id='word_1_1161' title='bbox 702 3816 843 3858; x_wconf 59' lang='lat' dir='ltr'>Ixorwag.</span> <span class='ocrx_word' id='word_1_1162' title='bbox 855 3813 891 3844; x_wconf 90' lang='lat' dir='ltr'>de</span> <span class='ocrx_word' id='word_1_1163' title='bbox 904 3814 1017 3844; x_wconf 86' lang='lat' dir='ltr'>eodem.</span> 
     </span>
    </p>

    <p class='ocr_par' dir='ltr' id='par_1_118' title="bbox 332 3847 1352 3893">
     <span class='ocr_line' id='line_1_174' title="bbox 332 3847 1352 3893; baseline 0.001 -16"><span class='ocrx_word' id='word_1_1164' title='bbox 332 3847 407 3878; x_wconf 89' lang='lat' dir='ltr'>Item</span> <span class='ocrx_word' id='word_1_1165' title='bbox 421 3869 431 3885; x_wconf 85' lang='lat'>,</span> <span class='ocrx_word' id='word_1_1166' title='bbox 454 3848 642 3882; x_wconf 85' lang='lat' dir='ltr'>Confirmatio</span> <span class='ocrx_word' id='word_1_1167' title='bbox 663 3855 697 3885; x_wconf 90' lang='lat'>&amp;</span> <span class='ocrx_word' id='word_1_1168' title='bbox 717 3853 847 3886; x_wconf 81' lang='lat' dir='ltr'>Donauo</span> <span class='ocrx_word' id='word_1_1169' title='bbox 867 3852 940 3892; x_wconf 86' lang='lat' dir='ltr'>Reg.</span> <span class='ocrx_word' id='word_1_1170' title='bbox 961 3852 1103 3893; x_wconf 88' lang='lat' dir='ltr'>Norwag.</span> <span class='ocrx_word' id='word_1_1171' title='bbox 1120 3849 1300 3883; x_wconf 87' lang='lat' dir='ltr'>Monasterio</span> <span class='ocrx_word' id='word_1_1172' title='bbox 1316 3847 1352 3879; x_wconf 89' lang='lat' dir='ltr'>de</span> 
     </span>
    </p>
   </div>
   <div class='ocr_carea' id='block_1_72' title="bbox 296 3885 566 3926">
    <p class='ocr_par' dir='ltr' id='par_1_119' title="bbox 296 3885 566 3926">
     <span class='ocr_line' id='line_1_175' title="bbox 296 3885 566 3926; baseline 0.004 -10"><span class='ocrx_word' id='word_1_1173' title='bbox 296 3885 381 3926; x_wconf 85' lang='lat' dir='ltr'>Buffy</span> <span class='ocrx_word' id='word_1_1174' title='bbox 396 3886 426 3915; x_wconf 92' lang='lat' dir='ltr'>in</span> <span class='ocrx_word' id='word_1_1175' title='bbox 442 3885 566 3917; x_wconf 87' lang='lat' dir='ltr'>Mannia.</span> 
     </span>
    </p>
   </div>
   <div class='ocr_carea' id='block_1_73' title="bbox 334 3923 1039 3968">
    <p class='ocr_par' dir='ltr' id='par_1_120' title="bbox 334 3923 1039 3968">
     <span class='ocr_line' id='line_1_176' title="bbox 334 3923 1039 3968; baseline 0.007 -15"><span class='ocrx_word' id='word_1_1176' title='bbox 334 3924 424 3963; x_wconf 87' lang='lat' dir='ltr'>Item,</span> <span class='ocrx_word' id='word_1_1177' title='bbox 440 3923 668 3957; x_wconf 77' lang='lat' dir='ltr'>Pro‘curatorium</span> <span class='ocrx_word' id='word_1_1178' title='bbox 680 3927 768 3968; x_wconf 83' lang='lat' dir='ltr'>Regis</span> <span class='ocrx_word' id='word_1_1179' title='bbox 783 3927 883 3968; x_wconf 85' lang='lat' dir='ltr'>Magni</span> <span class='ocrx_word' id='word_1_1180' title='bbox 899 3928 997 3959; x_wconf 87' lang='lat' dir='ltr'>Norw</span> <span class='ocrx_word' id='word_1_1181' title='bbox 1032 3952 1039 3958; x_wconf 90' lang='lat'>.</span> 
     </span>
    </p>
   </div>
   <div class='ocr_carea' id='block_1_74' title="bbox 296 3961 1351 4038">
    <p class='ocr_par' dir='ltr' id='par_1_121' title="bbox 296 3961 1351 4038">
     <span class='ocr_line' id='line_1_177' title="bbox 324 3961 1351 4008; baseline 0.002 -17"><span class='ocrx_word' id='word_1_1182' title='bbox 324 3961 407 4005; x_wconf 34' lang='lat' dir='ltr'>„Item</span> <span class='ocrx_word' id='word_1_1183' title='bbox 420 3985 430 4000; x_wconf 90' lang='lat'>,</span> <span class='ocrx_word' id='word_1_1184' title='bbox 452 3961 537 3992; x_wconf 81' lang='lat' dir='ltr'>Carta</span> <span class='ocrx_word' id='word_1_1185' title='bbox 556 3962 642 4006; x_wconf 60' lang='lat' dir='ltr'>Revis</span> <span class='ocrx_word' id='word_1_1186' title='bbox 655 3965 795 4008; x_wconf 71' lang='lat' dir='ltr'>Norwag.</span> <span class='ocrx_word' id='word_1_1187' title='bbox 808 3967 887 4008; x_wconf 83' lang='lat' dir='ltr'>super</span> <span class='ocrx_word' id='word_1_1188' title='bbox 901 3966 989 3998; x_wconf 88' lang='lat' dir='ltr'>Insula</span> <span class='ocrx_word' id='word_1_1189' title='bbox 1022 3976 1038 3998; x_wconf 91' lang='lat' dir='ltr'>e</span> <span class='ocrx_word' id='word_1_1190' title='bbox 1057 3966 1120 3999; x_wconf 91' lang='lat' dir='ltr'>Bot.</span> <span class='ocrx_word' id='word_1_1191' title='bbox 1134 3966 1168 3998; x_wconf 89' lang='lat'>&amp;</span> <span class='ocrx_word' id='word_1_1192' title='bbox 1185 3961 1351 4004; x_wconf 83' lang='lat' dir='ltr'>quibusdam</span> 
     </span>
     <span class='ocr_line' id='line_1_178' title="bbox 296 3986 739 4038; baseline 0 -6"><span class='ocrx_word' id='word_1_1193' title='bbox 296 3999 352 4032; x_wconf 73' lang='lat' dir='ltr'>alus</span> <span class='ocrx_word' id='word_1_1194' title='bbox 366 3999 502 4031; x_wconf 84' lang='lat' dir='ltr'>concessis</span> <span class='ocrx_word' id='word_1_1195' title='bbox 515 3999 591 4038; x_wconf 85' lang='lat' dir='ltr'>Regi</span> <span class='ocrx_word' id='word_1_1196' title='bbox 602 3986 739 4033; x_wconf 67' lang='lat' dir='ltr'>Ivlanmae.</span> 
     </span>
    </p>
   </div>
   <div class='ocr_carea' id='block_1_75' title="bbox 1385 3480 2448 3994">
    <p class='ocr_par' dir='ltr' id='par_1_122' title="bbox 1385 3480 2446 3613">
     <span class='ocr_line' id='line_1_179' title="bbox 1426 3480 2446 3531; baseline -0.013 -5"><span class='ocrx_word' id='word_1_1197' title='bbox 1426 3495 1499 3526; x_wconf 87' lang='lat' dir='ltr'>Item</span> <span class='ocrx_word' id='word_1_1198' title='bbox 1511 3515 1522 3531; x_wconf 85' lang='lat'>,</span> <span class='ocrx_word' id='word_1_1199' title='bbox 1547 3498 1639 3530; x_wconf 89' lang='lat' dir='ltr'>quieta</span> <span class='ocrx_word' id='word_1_1200' title='bbox 1659 3490 1791 3522; x_wconf 88' lang='lat' dir='ltr'>clamatio</span> <span class='ocrx_word' id='word_1_1201' title='bbox 1810 3491 1928 3523; x_wconf 89' lang='lat' dir='ltr'>Ottonis</span> <span class='ocrx_word' id='word_1_1202' title='bbox 1943 3489 1980 3521; x_wconf 92' lang='lat' dir='ltr'>de</span> <span class='ocrx_word' id='word_1_1203' title='bbox 1997 3489 2138 3526; x_wconf 85' lang='lat' dir='ltr'>Tornggo</span> <span class='ocrx_word' id='word_1_1204' title='bbox 2159 3484 2196 3516; x_wconf 91' lang='lat' dir='ltr'>de</span> <span class='ocrx_word' id='word_1_1205' title='bbox 2215 3491 2333 3526; x_wconf 86' lang='lat' dir='ltr'>quatuor</span> <span class='ocrx_word' id='word_1_1206' title='bbox 2351 3480 2446 3513; x_wconf 88' lang='lat' dir='ltr'>Marc.</span> 
     </span>
     <span class='ocr_line' id='line_1_180' title="bbox 1385 3536 2331 3613; baseline -0.016 -8"><span class='ocrx_word' id='word_1_1207' title='bbox 1385 3536 1515 3609; x_wconf 46' lang='lat' dir='ltr'>T‘Irtressn,</span> <span class='ocrx_word' id='word_1_1208' title='bbox 1530 3568 1702 3613; x_wconf 68' lang='lat' dir='ltr'>Refignatiq</span> <span class='ocrx_word' id='word_1_1209' title='bbox 1708 3568 1744 3598; x_wconf 90' lang='lat' dir='ltr'>de</span> <span class='ocrx_word' id='word_1_1210' title='bbox 1760 3566 2006 3607; x_wconf 80' lang='lat' dir='ltr'>Canibusnaythan</span> <span class='ocrx_word' id='word_1_1211' title='bbox 2018 3563 2053 3595; x_wconf 92' lang='lat'>&amp;</span> <span class='ocrx_word' id='word_1_1212' title='bbox 2065 3562 2101 3593; x_wconf 94' lang='lat' dir='ltr'>de</span> <span class='ocrx_word' id='word_1_1213' title='bbox 2116 3548 2252 3593; x_wconf 86' lang='lat' dir='ltr'>Caldour.</span> <span class='ocrx_word' id='word_1_1214' title='bbox 2265 3560 2331 3592; x_wconf 86' lang='lat' dir='ltr'>cler.</span> 
     </span>
    </p>

    <p class='ocr_par' dir='ltr' id='par_1_123' title="bbox 1425 3600 2163 3648">
     <span class='ocr_line' id='line_1_181' title="bbox 1425 3600 2163 3648; baseline -0.015 -6"><span class='ocrx_word' id='word_1_1215' title='bbox 1425 3611 1514 3648; x_wconf 84' lang='lat' dir='ltr'>Item,</span> <span class='ocrx_word' id='word_1_1216' title='bbox 1532 3606 1723 3637; x_wconf 86' lang='lat' dir='ltr'>Confirmatio</span> <span class='ocrx_word' id='word_1_1217' title='bbox 1736 3607 1772 3638; x_wconf 89' lang='lat' dir='ltr'>de</span> <span class='ocrx_word' id='word_1_1218' title='bbox 1785 3607 1908 3643; x_wconf 79' lang='lat' dir='ltr'>Ecclesia</span> <span class='ocrx_word' id='word_1_1219' title='bbox 1922 3606 1958 3637; x_wconf 92' lang='lat' dir='ltr'>de</span> <span class='ocrx_word' id='word_1_1220' title='bbox 1972 3600 2163 3634; x_wconf 76' lang='lat' dir='ltr'>Fermdrauth.</span> 
     </span>
    </p>

    <p class='ocr_par' dir='ltr' id='par_1_124' title="bbox 1426 3644 1833 3684">
     <span class='ocr_line' id='line_1_182' title="bbox 1426 3644 1833 3684; baseline -0.01 -4"><span class='ocrx_word' id='word_1_1221' title='bbox 1426 3650 1518 3684; x_wconf 88' lang='lat' dir='ltr'>Item,</span> <span class='ocrx_word' id='word_1_1222' title='bbox 1535 3644 1620 3676; x_wconf 88' lang='lat' dir='ltr'>Carta</span> <span class='ocrx_word' id='word_1_1223' title='bbox 1633 3646 1668 3676; x_wconf 87' lang='lat' dir='ltr'>de</span> <span class='ocrx_word' id='word_1_1224' title='bbox 1680 3645 1833 3676; x_wconf 80' lang='lat' dir='ltr'>Nendosk.</span> 
     </span>
    </p>

    <p class='ocr_par' dir='ltr' id='par_1_125' title="bbox 1424 3683 1794 3723">
     <span class='ocr_line' id='line_1_183' title="bbox 1424 3683 1794 3723; baseline -0.011 -5"><span class='ocrx_word' id='word_1_1225' title='bbox 1424 3687 1516 3723; x_wconf 90' lang='lat' dir='ltr'>Item,</span> <span class='ocrx_word' id='word_1_1226' title='bbox 1536 3683 1621 3714; x_wconf 87' lang='lat' dir='ltr'>Carta</span> <span class='ocrx_word' id='word_1_1227' title='bbox 1632 3684 1669 3714; x_wconf 90' lang='lat' dir='ltr'>de</span> <span class='ocrx_word' id='word_1_1228' title='bbox 1684 3684 1794 3715; x_wconf 92' lang='lat' dir='ltr'>Polloc.</span> 
     </span>
    </p>

    <p class='ocr_par' dir='ltr' id='par_1_126' title="bbox 1426 3720 2433 3762">
     <span class='ocr_line' id='line_1_184' title="bbox 1426 3720 2433 3762; baseline -0.007 -6"><span class='ocrx_word' id='word_1_1229' title='bbox 1426 3726 1516 3762; x_wconf 90' lang='lat' dir='ltr'>Item,</span> <span class='ocrx_word' id='word_1_1230' title='bbox 1533 3721 1617 3753; x_wconf 74' lang='lat' dir='ltr'>Caita</span> <span class='ocrx_word' id='word_1_1231' title='bbox 1629 3722 1664 3753; x_wconf 91' lang='lat' dir='ltr'>de</span> <span class='ocrx_word' id='word_1_1232' title='bbox 1678 3723 1791 3761; x_wconf 87' lang='lat' dir='ltr'>Goger.</span> <span class='ocrx_word' id='word_1_1233' title='bbox 2254 3720 2270 3756; x_wconf 77' lang='lat'>..</span> <span class='ocrx_word' id='word_1_1234' title='bbox 2427 3749 2433 3755; x_wconf 77' lang='lat'>,</span> 
     </span>
    </p>

    <p class='ocr_par' dir='ltr' id='par_1_127' title="bbox 1426 3749 2448 3837">
     <span class='ocr_line' id='line_1_185' title="bbox 1426 3749 2448 3837; baseline -0.016 -42"><span class='ocrx_word' id='word_1_1235' title='bbox 1426 3760 1878 3837; x_wconf 37' lang='lat' dir='ltr'>tltgmfisgffisslciefgzrragmpta</span> <span class='ocrx_word' id='word_1_1236' title='bbox 1891 3760 1927 3791; x_wconf 87' lang='lat' dir='ltr'>de</span> <span class='ocrx_word' id='word_1_1237' title='bbox 1937 3757 2099 3791; x_wconf 87' lang='lat' dir='ltr'>Willielmo</span> <span class='ocrx_word' id='word_1_1238' title='bbox 2110 3754 2146 3786; x_wconf 92' lang='lat' dir='ltr'>de</span> <span class='ocrx_word' id='word_1_1239' title='bbox 2157 3749 2300 3788; x_wconf 79' lang='lat' dir='ltr'>ValonuS,</span> <span class='ocrx_word' id='word_1_1240' title='bbox 2316 3749 2350 3782; x_wconf 93' lang='lat'>&amp;</span> <span class='ocrx_word' id='word_1_1241' title='bbox 2363 3749 2448 3781; x_wconf 83' lang='lat' dir='ltr'>Obli-</span> 
     </span>
    </p>

    <p class='ocr_par' dir='ltr' id='par_1_128' title="bbox 1410 3810 1848 3834">
     <span class='ocr_line' id='line_1_186' title="bbox 1410 3810 1848 3834; baseline -0.011 0"><span class='ocrx_word' id='word_1_1242' title='bbox 1410 3814 1424 3834; x_wconf 87' lang='lat' dir='ltr'>a</span> <span class='ocrx_word' id='word_1_1243' title='bbox 1439 3814 1445 3832; x_wconf 93' lang='lat'>1</span> <span class='ocrx_word' id='word_1_1244' title='bbox 1479 3813 1495 3833; x_wconf 91' lang='lat' dir='ltr'>e</span> <span class='ocrx_word' id='word_1_1245' title='bbox 1645 3810 1658 3829; x_wconf 82' lang='grc'>.’</span> <span class='ocrx_word' id='word_1_1246' title='bbox 1723 3811 1776 3832; x_wconf 87' lang='lat' dir='ltr'>triv</span> <span class='ocrx_word' id='word_1_1247' title='bbox 1821 3810 1848 3830; x_wconf 90' lang='lat' dir='ltr'>n.</span> 
     </span>
    </p>

    <p class='ocr_par' dir='ltr' id='par_1_129' title="bbox 1387 3809 2237 3878">
     <span class='ocr_line' id='line_1_187' title="bbox 1387 3809 2237 3878; baseline -0.011 -7"><span class='ocrx_word' id='word_1_1248' title='bbox 1387 3813 1408 3842; x_wconf 76' lang='lat' dir='ltr'><strong>g</strong></span> <span class='ocrx_word' id='word_1_1249' title='bbox 1426 3813 1517 3878; x_wconf 56' lang='lat' dir='ltr'>Iteiri,</span> <span class='ocrx_word' id='word_1_1250' title='bbox 1535 3839 1599 3869; x_wconf 88' lang='lat' dir='ltr'>duae</span> <span class='ocrx_word' id='word_1_1251' title='bbox 1613 3837 1709 3870; x_wconf 80' lang='lat' dir='ltr'>Cartae</span> <span class='ocrx_word' id='word_1_1252' title='bbox 1722 3839 1758 3870; x_wconf 89' lang='lat' dir='ltr'>de</span> <span class='ocrx_word' id='word_1_1253' title='bbox 1771 3809 1907 3869; x_wconf 61' lang='lat' dir='ltr'>Balcolmi</span> <span class='ocrx_word' id='word_1_1254' title='bbox 1919 3836 1953 3867; x_wconf 87' lang='lat'>&amp;</span> <span class='ocrx_word' id='word_1_1255' title='bbox 1969 3845 2023 3865; x_wconf 91' lang='lat' dir='ltr'>una</span> <span class='ocrx_word' id='word_1_1256' title='bbox 2036 3828 2237 3864; x_wconf 71' lang='lat' dir='ltr'>Confirmatio-</span> 
     </span>
    </p>

    <p class='ocr_par' dir='ltr' id='par_1_130' title="bbox 1425 3873 2034 3917">
     <span class='ocr_line' id='line_1_188' title="bbox 1425 3873 2034 3917; baseline -0.013 -7"><span class='ocrx_word' id='word_1_1257' title='bbox 1425 3880 1499 3910; x_wconf 88' lang='lat' dir='ltr'>Item</span> <span class='ocrx_word' id='word_1_1258' title='bbox 1506 3901 1516 3917; x_wconf 83' lang='lat'>‚</span> <span class='ocrx_word' id='word_1_1259' title='bbox 1533 3876 1617 3908; x_wconf 82' lang='lat' dir='ltr'>Carta</span> <span class='ocrx_word' id='word_1_1260' title='bbox 1631 3877 1667 3908; x_wconf 89' lang='lat' dir='ltr'>de</span> <span class='ocrx_word' id='word_1_1261' title='bbox 1678 3877 1825 3908; x_wconf 88' lang='lat' dir='ltr'>Nundinis</span> <span class='ocrx_word' id='word_1_1262' title='bbox 1836 3877 1872 3908; x_wconf 89' lang='lat' dir='ltr'>de</span> <span class='ocrx_word' id='word_1_1263' title='bbox 1884 3873 2034 3913; x_wconf 85' lang='lat' dir='ltr'>Strivelyn.</span> 
     </span>
    </p>

    <p class='ocr_par' dir='ltr' id='par_1_131' title="bbox 1426 3915 1926 3955">
     <span class='ocr_line' id='line_1_189' title="bbox 1426 3915 1926 3955; baseline -0.014 -6"><span class='ocrx_word' id='word_1_1264' title='bbox 1426 3917 1518 3955; x_wconf 84' lang='lat' dir='ltr'>Item,</span> <span class='ocrx_word' id='word_1_1265' title='bbox 1536 3915 1621 3947; x_wconf 84' lang='lat' dir='ltr'>Carta</span> <span class='ocrx_word' id='word_1_1266' title='bbox 1628 3916 1727 3955; x_wconf 87' lang='lat' dir='ltr'>Januae</span> <span class='ocrx_word' id='word_1_1267' title='bbox 1741 3917 1778 3947; x_wconf 91' lang='lat' dir='ltr'>de</span> <span class='ocrx_word' id='word_1_1268' title='bbox 1788 3916 1926 3953; x_wconf 88' lang='lat' dir='ltr'>Treuqar.</span> 
     </span>
    </p>

    <p class='ocr_par' dir='ltr' id='par_1_132' title="bbox 1426 3954 1840 3994">
     <span class='ocr_line' id='line_1_190' title="bbox 1426 3954 1840 3994; baseline -0.012 -7"><span class='ocrx_word' id='word_1_1269' title='bbox 1426 3956 1500 3987; x_wconf 89' lang='lat' dir='ltr'>Item</span> <span class='ocrx_word' id='word_1_1270' title='bbox 1508 3979 1518 3994; x_wconf 92' lang='lat'>,</span> <span class='ocrx_word' id='word_1_1271' title='bbox 1537 3954 1622 3986; x_wconf 87' lang='lat' dir='ltr'>Carta</span> <span class='ocrx_word' id='word_1_1272' title='bbox 1633 3955 1670 3986; x_wconf 88' lang='lat' dir='ltr'>de</span> <span class='ocrx_word' id='word_1_1273' title='bbox 1683 3955 1840 3990; x_wconf 88' lang='lat' dir='ltr'>Bredburg.</span> 
     </span>
    </p>
   </div>
   <div class='ocr_carea' id='block_1_76' title="bbox 1426 3982 2451 4056">
    <p class='ocr_par' dir='ltr' id='par_1_133' title="bbox 1426 3982 2451 4056">
     <span class='ocr_line' id='line_1_191' title="bbox 1426 3982 2451 4056; baseline -0.013 -29"><span class='ocrx_word' id='word_1_1274' title='bbox 1426 3995 1518 4033; x_wconf 85' lang='lat' dir='ltr'>Item,</span> <span class='ocrx_word' id='word_1_1275' title='bbox 1539 3993 1706 4034; x_wconf 82' lang='lat' dir='ltr'>Refignatio</span> <span class='ocrx_word' id='word_1_1276' title='bbox 1719 3991 1853 4032; x_wconf 81' lang='lat' dir='ltr'>Episcopi</span> <span class='ocrx_word' id='word_1_1277' title='bbox 1868 3986 1951 4021; x_wconf 77' lang='lat' dir='ltr'>Rois.</span> <span class='ocrx_word' id='word_1_1278' title='bbox 1964 3985 2002 4017; x_wconf 89' lang='lat' dir='ltr'>de</span> <span class='ocrx_word' id='word_1_1279' title='bbox 2011 3983 2128 4016; x_wconf 75' lang='lat' dir='ltr'>dimidia</span> <span class='ocrx_word' id='word_1_1280' title='bbox 2139 3982 2239 4015; x_wconf 79' lang='lat' dir='ltr'>clavata</span> <span class='ocrx_word' id='word_1_1281' title='bbox 2252 3988 2341 4014; x_wconf 85' lang='lat' dir='ltr'>terrae.</span> <span class='ocrx_word' id='word_1_1282' title='bbox 2358 4016 2451 4056; x_wconf 54' lang='lat' dir='ltr'>Remi</span> 
     </span>
    </p>
   </div>
  </div>
 </body>
</html>
