<?xml version="1.0" encoding="UTF-8"?>
<!DOCTYPE html PUBLIC "-//W3C//DTD XHTML 1.0 Transitional//EN"
    "http://www.w3.org/TR/xhtml1/DTD/xhtml1-transitional.dtd">
<html xmlns="http://www.w3.org/1999/xhtml" xml:lang="en" lang="en">
 <head>
  <title>
</title>
<meta http-equiv="Content-Type" content="text/html;charset=utf-8" />
  <meta name='ocr-system' content='tesseract 3.04.00' />
  <meta name='ocr-capabilities' content='ocr_page ocr_carea ocr_par ocr_line ocrx_word'/>
</head>
<body>
  <div class='ocr_page' id='page_1' title='image "./fderaconventione01ryme_0463.png"; bbox 0 0 2570 4261; ppageno 0'>
   <div class='ocr_carea' id='block_1_1' title="bbox 758 163 1205 210">
    <p class='ocr_par' dir='ltr' id='par_1_1' title="bbox 758 163 1205 210">
     <span class='ocr_line' id='line_1_1' title="bbox 758 163 1205 210; baseline 0.002 -3"><span class='ocrx_word' id='word_1_1' title='bbox 758 163 867 207; x_wconf 82' lang='lat' dir='ltr'>ET</span> <span class='ocrx_word' id='word_1_2' title='bbox 939 167 1205 210; x_wconf 85' lang='lat' dir='ltr'>ACTA</span> 
     </span>
    </p>
   </div>
   <div class='ocr_carea' id='block_1_2' title="bbox 22 243 1226 290">
    <p class='ocr_par' dir='ltr' id='par_1_2' title="bbox 22 243 1226 290">
     <span class='ocr_line' id='line_1_2' title="bbox 22 243 1226 290; baseline 0.002 -11"><span class='ocrx_word' id='word_1_3' title='bbox 22 245 98 279; x_wconf 78' lang='lat' dir='ltr'>Ann.</span> <span class='ocrx_word' id='word_1_4' title='bbox 114 243 155 275; x_wconf 86' lang='lat' dir='ltr'>D·</span> <span class='ocrx_word' id='word_1_5' title='bbox 170 249 268 282; x_wconf 86' lang='lat' dir='ltr'>offerri</span> <span class='ocrx_word' id='word_1_6' title='bbox 303 251 421 283; x_wconf 87' lang='lat' dir='ltr'>eandem</span> <span class='ocrx_word' id='word_1_7' title='bbox 434 250 548 290; x_wconf 81' lang='lat' dir='ltr'>pacifice</span> <span class='ocrx_word' id='word_1_8' title='bbox 566 251 681 288; x_wconf 81' lang='lat' dir='ltr'>recipiat</span> <span class='ocrx_word' id='word_1_9' title='bbox 700 252 732 282; x_wconf 87' lang='lat'>&amp;</span> <span class='ocrx_word' id='word_1_10' title='bbox 751 252 902 290; x_wconf 74' lang='lat' dir='ltr'>admittat,</span> <span class='ocrx_word' id='word_1_11' title='bbox 929 253 962 283; x_wconf 85' lang='lat'>&amp;</span> <span class='ocrx_word' id='word_1_12' title='bbox 981 255 1063 285; x_wconf 82' lang='lat' dir='ltr'>etiam</span> <span class='ocrx_word' id='word_1_13' title='bbox 1081 254 1226 284; x_wconf 86' lang='lat' dir='ltr'>summurn</span> 
     </span>
    </p>
   </div>
   <div class='ocr_carea' id='block_1_3' title="bbox 21 273 1227 366">
    <p class='ocr_par' dir='ltr' id='par_1_3' title="bbox 21 273 1227 366">
     <span class='ocr_line' id='line_1_3' title="bbox 44 273 1227 330; baseline 0.003 -12"><span class='ocrx_word' id='word_1_14' title='bbox 44 285 127 316; x_wconf 87' lang='lat'>1281.</span> <span class='ocrx_word' id='word_1_15' title='bbox 172 273 343 321; x_wconf 53' lang='lat' dir='ltr'>Pontificem</span> <span class='ocrx_word' id='word_1_16' title='bbox 356 313 366 329; x_wconf 87' lang='lat'>,</span> <span class='ocrx_word' id='word_1_17' title='bbox 391 291 467 328; x_wconf 87' lang='lat' dir='ltr'>quod</span> <span class='ocrx_word' id='word_1_18' title='bbox 484 291 537 330; x_wconf 88' lang='lat' dir='ltr'>ipse</span> <span class='ocrx_word' id='word_1_19' title='bbox 552 290 694 329; x_wconf 67' lang='lat' dir='ltr'>provideat</span> <span class='ocrx_word' id='word_1_20' title='bbox 708 290 784 329; x_wconf 82' lang='lat' dir='ltr'>quod</span> <span class='ocrx_word' id='word_1_21' title='bbox 799 301 847 329; x_wconf 86' lang='lat' dir='ltr'>per</span> <span class='ocrx_word' id='word_1_22' title='bbox 867 291 948 321; x_wconf 80' lang='lat' dir='ltr'>aliam</span> <span class='ocrx_word' id='word_1_23' title='bbox 964 294 1037 322; x_wconf 82' lang='lat' dir='ltr'>viam</span> <span class='ocrx_word' id='word_1_24' title='bbox 1056 293 1163 323; x_wconf 57' lang='lat' dir='ltr'>dicium</span> <span class='ocrx_word' id='word_1_25' title='bbox 1177 302 1227 321; x_wconf 90' lang='lat' dir='ltr'>ne-</span> 
     </span>
     <span class='ocr_line' id='line_1_4' title="bbox 21 326 467 366; baseline 0.009 -11"><span class='ocrx_word' id='word_1_26' title='bbox 21 326 88 355; x_wconf 52' lang='grc'><strong>21111.</strong></span> <span class='ocrx_word' id='word_1_27' title='bbox 111 332 134 351; x_wconf 86' lang='grc' dir='ltr'>ι.</span> <span class='ocrx_word' id='word_1_28' title='bbox 172 329 283 366; x_wconf 80' lang='lat' dir='ltr'>gorium</span> <span class='ocrx_word' id='word_1_29' title='bbox 296 329 467 359; x_wconf 83' lang='lat' dir='ltr'>terminetur.</span> 
     </span>
    </p>
   </div>
   <div class='ocr_carea' id='block_1_4' title="bbox 169 365 1227 448">
    <p class='ocr_par' dir='ltr' id='par_1_4' title="bbox 169 365 1227 448">
     <span class='ocr_line' id='line_1_5' title="bbox 208 365 1227 408; baseline 0.001 -12"><span class='ocrx_word' id='word_1_30' title='bbox 208 365 266 396; x_wconf 92' lang='lat' dir='ltr'>Pro</span> <span class='ocrx_word' id='word_1_31' title='bbox 279 376 358 397; x_wconf 92' lang='lat' dir='ltr'>certo</span> <span class='ocrx_word' id='word_1_32' title='bbox 373 375 497 397; x_wconf 89' lang='lat' dir='ltr'>tenentes</span> <span class='ocrx_word' id='word_1_33' title='bbox 508 365 584 405; x_wconf 85' lang='lat' dir='ltr'>quod</span> <span class='ocrx_word' id='word_1_34' title='bbox 599 389 608 403; x_wconf 91' lang='lat'>,</span> <span class='ocrx_word' id='word_1_35' title='bbox 630 366 648 396; x_wconf 82' lang='lat' dir='ltr'>si</span> <span class='ocrx_word' id='word_1_36' title='bbox 664 366 769 396; x_wconf 62' lang='lat' dir='ltr'>fastum</span> <span class='ocrx_word' id='word_1_37' title='bbox 790 365 956 405; x_wconf 59' lang='lat' dir='ltr'>praedictum</span> <span class='ocrx_word' id='word_1_38' title='bbox 973 368 1058 399; x_wconf 88' lang='lat' dir='ltr'>alium</span> <span class='ocrx_word' id='word_1_39' title='bbox 1073 369 1158 408; x_wconf 71' lang='lat' dir='ltr'>quam</span> <span class='ocrx_word' id='word_1_40' title='bbox 1176 377 1227 397; x_wconf 88' lang='lat' dir='ltr'>nos</span> 
     </span>
     <span class='ocr_line' id='line_1_6' title="bbox 169 405 1226 448; baseline 0 -14"><span class='ocrx_word' id='word_1_41' title='bbox 169 412 228 434; x_wconf 87' lang='lat' dir='ltr'>non</span> <span class='ocrx_word' id='word_1_42' title='bbox 245 413 368 444; x_wconf 85' lang='lat' dir='ltr'>tangeret</span> <span class='ocrx_word' id='word_1_43' title='bbox 379 427 389 443; x_wconf 89' lang='lat'>,</span> <span class='ocrx_word' id='word_1_44' title='bbox 435 413 684 443; x_wconf 87' lang='lat' dir='ltr'>uamtumcumque</span> <span class='ocrx_word' id='word_1_45' title='bbox 699 407 853 448; x_wconf 81' lang='lat' dir='ltr'>potentiam</span> <span class='ocrx_word' id='word_1_46' title='bbox 869 405 1032 437; x_wconf 80' lang='lat' dir='ltr'>haberemus</span> <span class='ocrx_word' id='word_1_47' title='bbox 1047 430 1056 445; x_wconf 88' lang='lat'>,</span> <span class='ocrx_word' id='word_1_48' title='bbox 1081 415 1226 443; x_wconf 86' lang='lat' dir='ltr'>nunquam</span> 
     </span>
    </p>
   </div>
   <div class='ocr_carea' id='block_1_5' title="bbox 169 442 1229 511">
    <p class='ocr_par' dir='ltr' id='par_1_5' title="bbox 169 442 1229 511">
     <span class='ocr_line' id='line_1_7' title="bbox 169 442 1229 485; baseline 0.002 -13"><span class='ocrx_word' id='word_1_49' title='bbox 169 453 221 473; x_wconf 89' lang='lat' dir='ltr'>vos</span> <span class='ocrx_word' id='word_1_50' title='bbox 239 443 284 473; x_wconf 87' lang='lat' dir='ltr'>vel</span> <span class='ocrx_word' id='word_1_51' title='bbox 297 443 388 474; x_wconf 70' lang='grc' dir='ltr'><strong>«111ἂο5</strong></span> <span class='ocrx_word' id='word_1_52' title='bbox 403 442 422 473; x_wconf 82' lang='lat' dir='ltr'>fi</span> <span class='ocrx_word' id='word_1_53' title='bbox 435 444 474 473; x_wconf 78' lang='lat' dir='ltr'>‘os</span> <span class='ocrx_word' id='word_1_54' title='bbox 498 442 622 481; x_wconf 85' lang='lat' dir='ltr'>vestros,</span> <span class='ocrx_word' id='word_1_55' title='bbox 640 453 690 480; x_wconf 84' lang='lat' dir='ltr'>per</span> <span class='ocrx_word' id='word_1_56' title='bbox 710 453 783 474; x_wconf 81' lang='lat' dir='ltr'>vram</span> <span class='ocrx_word' id='word_1_57' title='bbox 804 444 965 482; x_wconf 66' lang='lat' dir='ltr'>praetaCtarn</span> <span class='ocrx_word' id='word_1_58' title='bbox 979 468 989 484; x_wconf 84' lang='lat'>,</span> <span class='ocrx_word' id='word_1_59' title='bbox 1014 446 1112 485; x_wconf 87' lang='lat' dir='ltr'>impeti</span> <span class='ocrx_word' id='word_1_60' title='bbox 1126 445 1229 474; x_wconf 87' lang='lat' dir='ltr'>facere-</span> 
     </span>
     <span class='ocr_line' id='line_1_8' title="bbox 170 490 242 511; baseline 0.014 -1"><span class='ocrx_word' id='word_1_61' title='bbox 170 490 242 511; x_wconf 79' lang='lat' dir='ltr'>mus,</span> 
     </span>
    </p>
   </div>
   <div class='ocr_carea' id='block_1_6' title="bbox 171 619 1232 670">
    <p class='ocr_par' dir='ltr' id='par_1_6' title="bbox 171 619 1232 670">
     <span class='ocr_line' id='line_1_9' title="bbox 171 619 1232 670; baseline 0 -15"><span class='ocrx_word' id='word_1_62' title='bbox 171 623 278 656; x_wconf 78' lang='lat' dir='ltr'>Litera</span> <span class='ocrx_word' id='word_1_63' title='bbox 297 619 341 654; x_wconf 82' lang='lat' dir='ltr'>ad</span> <span class='ocrx_word' id='word_1_64' title='bbox 359 621 518 667; x_wconf 60' lang='lat' dir='ltr'>stammam</span> <span class='ocrx_word' id='word_1_65' title='bbox 541 621 732 666; x_wconf 71' lang='lat' dir='ltr'>Pontficem,</span> <span class='ocrx_word' id='word_1_66' title='bbox 758 621 838 668; x_wconf 81' lang='lat' dir='ltr'>quod</span> <span class='ocrx_word' id='word_1_67' title='bbox 856 624 993 670; x_wconf 79' lang='lat' dir='ltr'><em>aliquam</em></span> <span class='ocrx_word' id='word_1_68' title='bbox 1018 628 1105 656; x_wconf 80' lang='lat' dir='ltr'>viam</span> <span class='ocrx_word' id='word_1_69' title='bbox 1126 627 1232 668; x_wconf 84' lang='lat' dir='ltr'>provi-</span> 
     </span>
    </p>
   </div>
   <div class='ocr_carea' id='block_1_7' title="bbox 218 669 1230 764">
    <p class='ocr_par' dir='ltr' id='par_1_7' title="bbox 218 669 1230 764">
     <span class='ocr_line' id='line_1_10' title="bbox 218 669 1230 719; baseline 0.001 -16"><span class='ocrx_word' id='word_1_70' title='bbox 218 669 319 712; x_wconf 75' lang='lat' dir='ltr'>deret,</span> <span class='ocrx_word' id='word_1_71' title='bbox 344 682 405 715; x_wconf 71' lang='lat' dir='ltr'>qua</span> <span class='ocrx_word' id='word_1_72' title='bbox 429 673 576 716; x_wconf 74' lang='lat' dir='ltr'>negotium</span> <span class='ocrx_word' id='word_1_73' title='bbox 599 674 804 717; x_wconf 78' lang='lat' dir='ltr'>Margaretae‚</span> <span class='ocrx_word' id='word_1_74' title='bbox 832 674 953 704; x_wconf 78' lang='lat' dir='ltr'>Matris</span> <span class='ocrx_word' id='word_1_75' title='bbox 971 675 1057 719; x_wconf 78' lang='lat' dir='ltr'>Regis</span> <span class='ocrx_word' id='word_1_76' title='bbox 1080 675 1230 714; x_wconf 77' lang='lat' dir='ltr'>Franciae,</span> 
     </span>
     <span class='ocr_line' id='line_1_11' title="bbox 220 716 484 764; baseline -0.004 -12"><span class='ocrx_word' id='word_1_77' title='bbox 220 721 381 752; x_wconf 79' lang='lat' dir='ltr'>terminari</span> <span class='ocrx_word' id='word_1_78' title='bbox 391 716 484 764; x_wconf 83' lang='lat' dir='ltr'>poffit.</span> 
     </span>
    </p>
   </div>
   <div class='ocr_carea' id='block_1_8' title="bbox 23 805 1241 1159">
    <p class='ocr_par' dir='ltr' id='par_1_8' title="bbox 26 805 851 846">
     <span class='ocr_line' id='line_1_12' title="bbox 26 805 851 846; baseline -0.005 -5"><span class='ocrx_word' id='word_1_79' title='bbox 26 813 104 846; x_wconf 82' lang='lat' dir='ltr'>Ann.</span> <span class='ocrx_word' id='word_1_80' title='bbox 119 809 161 840; x_wconf 91' lang='lat' dir='ltr'>D.</span> <span class='ocrx_word' id='word_1_81' title='bbox 224 805 342 837; x_wconf 86' lang='lat' dir='ltr'>Ummo</span> <span class='ocrx_word' id='word_1_82' title='bbox 356 805 507 845; x_wconf 79' lang='lat' dir='ltr'>Pontifici,</span> <span class='ocrx_word' id='word_1_83' title='bbox 524 805 597 837; x_wconf 70' lang='lat' dir='ltr'>Rex.</span> <span class='ocrx_word' id='word_1_84' title='bbox 850 840 851 843; x_wconf 11' lang='grc' dir='ltr'><strong>Ἴ</strong></span> 
     </span>
    </p>

    <p class='ocr_par' dir='ltr' id='par_1_9' title="bbox 23 844 1241 1159">
     <span class='ocr_line' id='line_1_13' title="bbox 55 844 1235 886; baseline -0.003 -6"><span class='ocrx_word' id='word_1_85' title='bbox 55 851 139 881; x_wconf 85' lang='lat'>1281.</span> <span class='ocrx_word' id='word_1_86' title='bbox 256 845 338 875; x_wconf 89' lang='lat' dir='ltr'>Licet</span> <span class='ocrx_word' id='word_1_87' title='bbox 357 844 511 875; x_wconf 82' lang='lat' dir='ltr'>Matertera</span> <span class='ocrx_word' id='word_1_88' title='bbox 531 846 625 876; x_wconf 87' lang='lat' dir='ltr'>nostra</span> <span class='ocrx_word' id='word_1_89' title='bbox 647 845 798 885; x_wconf 77' lang='lat' dir='ltr'>karissima,</span> <span class='ocrx_word' id='word_1_90' title='bbox 822 846 870 876; x_wconf 91' lang='lat' dir='ltr'>M.</span> <span class='ocrx_word' id='word_1_91' title='bbox 890 846 1000 886; x_wconf 80' lang='lat' dir='ltr'>Regina</span> <span class='ocrx_word' id='word_1_92' title='bbox 1016 847 1142 878; x_wconf 79' lang='lat' dir='ltr'>Franciae</span> <span class='ocrx_word' id='word_1_93' title='bbox 1161 846 1235 876; x_wconf 50' lang='lat' dir='ltr'>illus*</span> 
     </span>
     <span class='ocr_line' id='line_1_14' title="bbox 27 883 1234 923; baseline -0.002 -6"><span class='ocrx_word' id='word_1_94' title='bbox 27 894 81 920; x_wconf 73' lang='lat' dir='ltr'>An.</span> <span class='ocrx_word' id='word_1_95' title='bbox 104 898 145 915; x_wconf 87' lang='lat'>10.</span> <span class='ocrx_word' id='word_1_96' title='bbox 180 884 242 920; x_wconf 79' lang='lat' dir='ltr'>tris,</span> <span class='ocrx_word' id='word_1_97' title='bbox 259 883 358 923; x_wconf 90' lang='lat' dir='ltr'>pluries</span> <span class='ocrx_word' id='word_1_98' title='bbox 370 893 421 913; x_wconf 91' lang='lat' dir='ltr'>nos</span> <span class='ocrx_word' id='word_1_99' title='bbox 435 883 552 922; x_wconf 69' lang='lat' dir='ltr'>rogasset</span> <span class='ocrx_word' id='word_1_100' title='bbox 564 884 639 923; x_wconf 89' lang='lat' dir='ltr'>quod</span> <span class='ocrx_word' id='word_1_101' title='bbox 649 908 657 922; x_wconf 82' lang='lat'>,</span> <span class='ocrx_word' id='word_1_102' title='bbox 674 886 708 916; x_wconf 86' lang='lat' dir='ltr'>ad</span> <span class='ocrx_word' id='word_1_103' title='bbox 730 884 947 923; x_wconf 80' lang='lat' dir='ltr'>perquirendum</span> <span class='ocrx_word' id='word_1_104' title='bbox 961 887 1004 923; x_wconf 79' lang='lat' dir='ltr'>jus</span> <span class='ocrx_word' id='word_1_105' title='bbox 1017 886 1096 916; x_wconf 88' lang='lat' dir='ltr'>suurn</span> <span class='ocrx_word' id='word_1_106' title='bbox 1111 886 1146 916; x_wconf 90' lang='lat' dir='ltr'>de</span> <span class='ocrx_word' id='word_1_107' title='bbox 1162 885 1234 915; x_wconf 89' lang='lat' dir='ltr'>Pro-</span> 
     </span>
     <span class='ocr_line' id='line_1_15' title="bbox 28 921 1235 962; baseline -0.002 -8"><span class='ocrx_word' id='word_1_108' title='bbox 28 933 58 957; x_wconf 75' lang='grc' dir='ltr'>Ε.</span> <span class='ocrx_word' id='word_1_109' title='bbox 82 937 105 954; x_wconf 86' lang='lat'>1.</span> <span class='ocrx_word' id='word_1_110' title='bbox 180 922 256 952; x_wconf 86' lang='lat' dir='ltr'>vinc.</span> <span class='ocrx_word' id='word_1_111' title='bbox 270 923 304 953; x_wconf 87' lang='lat'>&amp;</span> <span class='ocrx_word' id='word_1_112' title='bbox 318 921 506 959; x_wconf 81' lang='lat' dir='ltr'>Fulcharquer</span> <span class='ocrx_word' id='word_1_113' title='bbox 518 921 724 962; x_wconf 85' lang='lat' dir='ltr'>Comitatibus,</span> <span class='ocrx_word' id='word_1_114' title='bbox 740 924 831 954; x_wconf 88' lang='lat' dir='ltr'>eidem</span> <span class='ocrx_word' id='word_1_115' title='bbox 843 924 975 954; x_wconf 84' lang='lat' dir='ltr'>auxilium</span> <span class='ocrx_word' id='word_1_116' title='bbox 990 924 1142 954; x_wconf 83' lang='lat' dir='ltr'>faceremus</span> <span class='ocrx_word' id='word_1_117' title='bbox 1156 945 1166 962; x_wconf 84' lang='lat'>‚</span> <span class='ocrx_word' id='word_1_118' title='bbox 1184 933 1235 952; x_wconf 88' lang='lat' dir='ltr'>nos</span> 
     </span>
     <span class='ocr_line' id='line_1_16' title="bbox 28 960 1237 1002; baseline -0.002 -10"><span class='ocrx_word' id='word_1_119' title='bbox 28 970 109 995; x_wconf 77' lang='lat' dir='ltr'>Tran-</span> <span class='ocrx_word' id='word_1_120' title='bbox 181 965 292 998; x_wconf 82' lang='lat' dir='ltr'>tamen,</span> <span class='ocrx_word' id='word_1_121' title='bbox 310 969 369 990; x_wconf 88' lang='lat' dir='ltr'>non</span> <span class='ocrx_word' id='word_1_122' title='bbox 383 960 524 990; x_wconf 88' lang='lat' dir='ltr'>credentes</span> <span class='ocrx_word' id='word_1_123' title='bbox 539 961 614 999; x_wconf 86' lang='lat' dir='ltr'>quod</span> <span class='ocrx_word' id='word_1_124' title='bbox 628 961 700 992; x_wconf 86' lang='lat' dir='ltr'>istud</span> <span class='ocrx_word' id='word_1_125' title='bbox 722 962 864 1002; x_wconf 78' lang='lat' dir='ltr'>negotium</span> <span class='ocrx_word' id='word_1_126' title='bbox 879 962 913 992; x_wconf 84' lang='lat' dir='ltr'>ad</span> <span class='ocrx_word' id='word_1_127' title='bbox 929 961 1004 999; x_wconf 82' lang='lat' dir='ltr'>hoc,</span> <span class='ocrx_word' id='word_1_128' title='bbox 1022 962 1099 1000; x_wconf 86' lang='lat' dir='ltr'>quod</span> <span class='ocrx_word' id='word_1_129' title='bbox 1117 963 1176 999; x_wconf 85' lang='lat' dir='ltr'>jam</span> <span class='ocrx_word' id='word_1_130' title='bbox 1189 961 1237 991; x_wconf 79' lang='lat' dir='ltr'>de-</span> 
     </span>
     <span class='ocr_line' id='line_1_17' title="bbox 23 999 1240 1043; baseline -0.002 -12"><span class='ocrx_word' id='word_1_131' title='bbox 23 1006 114 1043; x_wconf 78' lang='lat' dir='ltr'>script.</span> <span class='ocrx_word' id='word_1_132' title='bbox 180 1000 273 1035; x_wconf 78' lang='lat' dir='ltr'>venit,</span> <span class='ocrx_word' id='word_1_133' title='bbox 291 999 327 1028; x_wconf 84' lang='lat' dir='ltr'>ita</span> <span class='ocrx_word' id='word_1_134' title='bbox 342 1007 455 1035; x_wconf 85' lang='lat' dir='ltr'>repente</span> <span class='ocrx_word' id='word_1_135' title='bbox 466 999 562 1029; x_wconf 90' lang='lat' dir='ltr'>venire</span> <span class='ocrx_word' id='word_1_136' title='bbox 576 999 703 1038; x_wconf 76' lang='lat' dir='ltr'>deberet,</span> <span class='ocrx_word' id='word_1_137' title='bbox 722 1002 820 1037; x_wconf 84' lang='lat' dir='ltr'>alicui,</span> <span class='ocrx_word' id='word_1_138' title='bbox 837 1010 888 1038; x_wconf 86' lang='lat' dir='ltr'>pro</span> <span class='ocrx_word' id='word_1_139' title='bbox 900 1001 1002 1031; x_wconf 86' lang='lat' dir='ltr'>codem</span> <span class='ocrx_word' id='word_1_140' title='bbox 1015 1000 1135 1031; x_wconf 85' lang='lat' dir='ltr'>sedando</span> <span class='ocrx_word' id='word_1_141' title='bbox 1149 1009 1240 1039; x_wconf 84' lang='lat' dir='ltr'>nego·-</span> 
     </span>
     <span class='ocr_line' id='line_1_18' title="bbox 31 1037 917 1078; baseline -0.001 -9"><span class='ocrx_word' id='word_1_142' title='bbox 31 1045 109 1070; x_wconf 65' lang='lat' dir='ltr'>Liter.</span> <span class='ocrx_word' id='word_1_143' title='bbox 123 1047 163 1068; x_wconf 88' lang='grc' dir='ltr'>ιο.</span> <span class='ocrx_word' id='word_1_144' title='bbox 181 1038 240 1075; x_wconf 87' lang='lat' dir='ltr'>tio,</span> <span class='ocrx_word' id='word_1_145' title='bbox 255 1037 432 1067; x_wconf 87' lang='lat' dir='ltr'>scribendum</span> <span class='ocrx_word' id='word_1_146' title='bbox 447 1047 507 1067; x_wconf 89' lang='lat' dir='ltr'>non</span> <span class='ocrx_word' id='word_1_147' title='bbox 522 1037 695 1068; x_wconf 79' lang='lat' dir='ltr'>decrevimus</span> <span class='ocrx_word' id='word_1_148' title='bbox 709 1039 825 1078; x_wconf 78' lang='lat' dir='ltr'>dignum</span> <span class='ocrx_word' id='word_1_149' title='bbox 841 1039 917 1077; x_wconf 74' lang='lat' dir='ltr'>fore,</span> 
     </span>
     <span class='ocr_line' id='line_1_19' title="bbox 30 1075 1240 1116; baseline -0.003 -8"><span class='ocrx_word' id='word_1_150' title='bbox 30 1085 61 1109; x_wconf 75' lang='grc' dir='ltr'>Ε.</span> <span class='ocrx_word' id='word_1_151' title='bbox 73 1089 95 1106; x_wconf 95' lang='grc' dir='ltr'>ι.</span> <span class='ocrx_word' id='word_1_152' title='bbox 105 1089 140 1107; x_wconf 85' lang='lat' dir='ltr'>m.</span> <span class='ocrx_word' id='word_1_153' title='bbox 220 1075 326 1107; x_wconf 89' lang='lat' dir='ltr'>Verum</span> <span class='ocrx_word' id='word_1_154' title='bbox 339 1084 437 1106; x_wconf 89' lang='lat' dir='ltr'>rumor</span> <span class='ocrx_word' id='word_1_155' title='bbox 450 1076 569 1115; x_wconf 83' lang='lat' dir='ltr'>subitus,</span> <span class='ocrx_word' id='word_1_156' title='bbox 586 1086 634 1116; x_wconf 86' lang='lat' dir='ltr'>per</span> <span class='ocrx_word' id='word_1_157' title='bbox 648 1077 752 1107; x_wconf 57' lang='lat' dir='ltr'>dietam</span> <span class='ocrx_word' id='word_1_158' title='bbox 768 1077 909 1107; x_wconf 71' lang='lat' dir='ltr'>Rcoinam</span> <span class='ocrx_word' id='word_1_159' title='bbox 919 1076 1043 1107; x_wconf 82' lang='lat' dir='ltr'>Franciae</span> <span class='ocrx_word' id='word_1_160' title='bbox 1059 1075 1140 1106; x_wconf 84' lang='lat' dir='ltr'>nobis</span> <span class='ocrx_word' id='word_1_161' title='bbox 1154 1075 1240 1112; x_wconf 83' lang='lat' dir='ltr'>scrip-</span> 
     </span>
     <span class='ocr_line' id='line_1_20' title="bbox 32 1100 1241 1159; baseline -0.002 -14"><span class='ocrx_word' id='word_1_162' title='bbox 32 1128 61 1155; x_wconf 78' lang='lat'>4.</span> <span class='ocrx_word' id='word_1_163' title='bbox 75 1118 101 1146; x_wconf 84' lang='lat' dir='ltr'>d.</span> <span class='ocrx_word' id='word_1_164' title='bbox 182 1121 241 1152; x_wconf 87' lang='lat' dir='ltr'>tus,</span> <span class='ocrx_word' id='word_1_165' title='bbox 256 1114 332 1152; x_wconf 81' lang='lat' dir='ltr'>quod</span> <span class='ocrx_word' id='word_1_166' title='bbox 345 1115 430 1145; x_wconf 86' lang='lat' dir='ltr'>amici</span> <span class='ocrx_word' id='word_1_167' title='bbox 444 1114 481 1144; x_wconf 90' lang='lat' dir='ltr'>sui</span> <span class='ocrx_word' id='word_1_168' title='bbox 500 1115 551 1144; x_wconf 78' lang='lat' dir='ltr'>fibi</span> <span class='ocrx_word' id='word_1_169' title='bbox 570 1115 774 1154; x_wconf 84' lang='lat' dir='ltr'>promiserant,</span> <span class='ocrx_word' id='word_1_170' title='bbox 796 1100 832 1146; x_wconf 55' lang='lat'>:23</span> <span class='ocrx_word' id='word_1_171' title='bbox 846 1116 890 1159; x_wconf 81' lang='lat' dir='ltr'>jus</span> <span class='ocrx_word' id='word_1_172' title='bbox 904 1115 1060 1155; x_wconf 69' lang='lat' dir='ltr'>huiusmodi</span> <span class='ocrx_word' id='word_1_173' title='bbox 1080 1114 1241 1154; x_wconf 88' lang='lat' dir='ltr'>perquiren-</span> 
     </span>
    </p>
   </div>
   <div class='ocr_carea' id='block_1_9' title="bbox 180 1151 1252 1919">
    <p class='ocr_par' dir='ltr' id='par_1_10' title="bbox 180 1151 1246 1535">
     <span class='ocr_line' id='line_1_21' title="bbox 181 1151 1241 1193; baseline -0.001 -11"><span class='ocrx_word' id='word_1_174' title='bbox 181 1152 251 1183; x_wconf 90' lang='lat' dir='ltr'>dum</span> <span class='ocrx_word' id='word_1_175' title='bbox 267 1151 415 1183; x_wconf 81' lang='lat' dir='ltr'>subsidium</span> <span class='ocrx_word' id='word_1_176' title='bbox 430 1153 456 1182; x_wconf 93' lang='lat' dir='ltr'>se</span> <span class='ocrx_word' id='word_1_177' title='bbox 472 1152 592 1183; x_wconf 62' lang='lat' dir='ltr'>facturos</span> <span class='ocrx_word' id='word_1_178' title='bbox 607 1175 616 1190; x_wconf 87' lang='lat'>‚</span> <span class='ocrx_word' id='word_1_179' title='bbox 639 1155 672 1184; x_wconf 90' lang='lat'>&amp;</span> <span class='ocrx_word' id='word_1_180' title='bbox 687 1155 740 1191; x_wconf 85' lang='lat' dir='ltr'>jam</span> <span class='ocrx_word' id='word_1_181' title='bbox 758 1153 791 1183; x_wconf 90' lang='lat' dir='ltr'>ad</span> <span class='ocrx_word' id='word_1_182' title='bbox 807 1153 997 1193; x_wconf 76' lang='lat' dir='ltr'>incipiendum</span> <span class='ocrx_word' id='word_1_183' title='bbox 1012 1152 1160 1183; x_wconf 79' lang='lat' dir='ltr'>statuerant</span> <span class='ocrx_word' id='word_1_184' title='bbox 1180 1161 1241 1182; x_wconf 90' lang='lat' dir='ltr'>cer-</span> 
     </span>
     <span class='ocr_line' id='line_1_22' title="bbox 181 1190 1240 1233; baseline -0.002 -12"><span class='ocrx_word' id='word_1_185' title='bbox 181 1199 243 1222; x_wconf 89' lang='lat' dir='ltr'>tum</span> <span class='ocrx_word' id='word_1_186' title='bbox 256 1191 355 1229; x_wconf 76' lang='lat' dir='ltr'>diem3</span> <span class='ocrx_word' id='word_1_187' title='bbox 383 1190 416 1221; x_wconf 91' lang='lat' dir='ltr'>ad</span> <span class='ocrx_word' id='word_1_188' title='bbox 432 1201 517 1231; x_wconf 89' lang='lat' dir='ltr'>quem</span> <span class='ocrx_word' id='word_1_189' title='bbox 538 1191 649 1229; x_wconf 86' lang='lat' dir='ltr'>petebat</span> <span class='ocrx_word' id='word_1_190' title='bbox 669 1191 725 1229; x_wconf 86' lang='lat' dir='ltr'>ipsa</span> <span class='ocrx_word' id='word_1_191' title='bbox 739 1192 851 1231; x_wconf 78' lang='lat' dir='ltr'>Regina</span> <span class='ocrx_word' id='word_1_192' title='bbox 872 1191 1001 1223; x_wconf 90' lang='lat' dir='ltr'>nostrum</span> <span class='ocrx_word' id='word_1_193' title='bbox 1023 1191 1170 1222; x_wconf 79' lang='lat' dir='ltr'>subsidium</span> <span class='ocrx_word' id='word_1_194' title='bbox 1190 1190 1240 1233; x_wconf 86' lang='lat' dir='ltr'>fibi</span> 
     </span>
     <span class='ocr_line' id='line_1_23' title="bbox 181 1227 1242 1269; baseline -0.003 -9"><span class='ocrx_word' id='word_1_195' title='bbox 181 1229 275 1267; x_wconf 66' lang='lat' dir='ltr'>mitti,</span> <span class='ocrx_word' id='word_1_196' title='bbox 294 1229 370 1267; x_wconf 90' lang='lat' dir='ltr'>quod</span> <span class='ocrx_word' id='word_1_197' title='bbox 384 1230 546 1269; x_wconf 69' lang='lat' dir='ltr'>excogitatis</span> <span class='ocrx_word' id='word_1_198' title='bbox 560 1228 770 1259; x_wconf 85' lang='lat' dir='ltr'>conditionibus</span> <span class='ocrx_word' id='word_1_199' title='bbox 779 1253 788 1268; x_wconf 90' lang='lat'>,</span> <span class='ocrx_word' id='word_1_200' title='bbox 803 1230 902 1268; x_wconf 83' lang='lat' dir='ltr'>quibus</span> <span class='ocrx_word' id='word_1_201' title='bbox 917 1230 1010 1260; x_wconf 85' lang='lat' dir='ltr'>eidem</span> <span class='ocrx_word' id='word_1_202' title='bbox 1025 1238 1152 1260; x_wconf 80' lang='lat' dir='ltr'>tenemur</span> <span class='ocrx_word' id='word_1_203' title='bbox 1166 1227 1242 1258; x_wconf 82' lang='lat' dir='ltr'>astri-</span> 
     </span>
     <span class='ocr_line' id='line_1_24' title="bbox 180 1265 1242 1306; baseline -0.003 -7"><span class='ocrx_word' id='word_1_204' title='bbox 180 1269 237 1305; x_wconf 69' lang='lat' dir='ltr'>&amp;i3</span> <span class='ocrx_word' id='word_1_205' title='bbox 258 1269 290 1299; x_wconf 88' lang='lat'>&amp;</span> <span class='ocrx_word' id='word_1_206' title='bbox 323 1267 380 1297; x_wconf 88' lang='lat' dir='ltr'>uod</span> <span class='ocrx_word' id='word_1_207' title='bbox 395 1268 469 1298; x_wconf 87' lang='lat' dir='ltr'>idem</span> <span class='ocrx_word' id='word_1_208' title='bbox 481 1269 645 1306; x_wconf 79' lang='lat' dir='ltr'>negotium,</span> <span class='ocrx_word' id='word_1_209' title='bbox 663 1277 722 1297; x_wconf 90' lang='lat' dir='ltr'>non</span> <span class='ocrx_word' id='word_1_210' title='bbox 737 1269 845 1305; x_wconf 87' lang='lat' dir='ltr'>minus,</span> <span class='ocrx_word' id='word_1_211' title='bbox 860 1277 944 1306; x_wconf 84' lang='lat' dir='ltr'>quam</span> <span class='ocrx_word' id='word_1_212' title='bbox 960 1267 1065 1305; x_wconf 88' lang='lat' dir='ltr'>ipsum,</span> <span class='ocrx_word' id='word_1_213' title='bbox 1082 1267 1168 1306; x_wconf 79' lang='lat' dir='ltr'>tangit</span> <span class='ocrx_word' id='word_1_214' title='bbox 1177 1265 1242 1296; x_wconf 87' lang='lat' dir='ltr'>Do-</span> 
     </span>
     <span class='ocr_line' id='line_1_25' title="bbox 181 1304 1242 1345; baseline -0.001 -10"><span class='ocrx_word' id='word_1_215' title='bbox 181 1307 287 1336; x_wconf 85' lang='lat' dir='ltr'>minam</span> <span class='ocrx_word' id='word_1_216' title='bbox 347 1313 434 1336; x_wconf 89' lang='lat' dir='ltr'>atrem</span> <span class='ocrx_word' id='word_1_217' title='bbox 454 1304 581 1335; x_wconf 86' lang='lat' dir='ltr'>nostram</span> <span class='ocrx_word' id='word_1_218' title='bbox 605 1306 668 1343; x_wconf 89' lang='lat' dir='ltr'>(cui</span> <span class='ocrx_word' id='word_1_219' title='bbox 692 1305 750 1344; x_wconf 87' lang='lat' dir='ltr'>plus</span> <span class='ocrx_word' id='word_1_220' title='bbox 771 1313 898 1335; x_wconf 86' lang='lat' dir='ltr'>tenemur</span> <span class='ocrx_word' id='word_1_221' title='bbox 918 1316 1002 1345; x_wconf 84' lang='lat' dir='ltr'>quam</span> <span class='ocrx_word' id='word_1_222' title='bbox 1028 1307 1135 1336; x_wconf 85' lang='lat' dir='ltr'>viventi</span> <span class='ocrx_word' id='word_1_223' title='bbox 1161 1305 1242 1334; x_wconf 86' lang='lat' dir='ltr'>alicui</span> 
     </span>
     <span class='ocr_line' id='line_1_26' title="bbox 183 1342 1243 1382; baseline -0.002 -8"><span class='ocrx_word' id='word_1_224' title='bbox 183 1344 329 1381; x_wconf 64' lang='lat' dir='ltr'>creaturae)</span> <span class='ocrx_word' id='word_1_225' title='bbox 345 1353 403 1373; x_wconf 90' lang='lat' dir='ltr'>non</span> <span class='ocrx_word' id='word_1_226' title='bbox 419 1344 560 1382; x_wconf 76' lang='lat' dir='ltr'>postumus</span> <span class='ocrx_word' id='word_1_227' title='bbox 574 1342 728 1382; x_wconf 81' lang='lat' dir='ltr'>denegare,</span> <span class='ocrx_word' id='word_1_228' title='bbox 743 1343 806 1373; x_wconf 88' lang='lat' dir='ltr'>licet</span> <span class='ocrx_word' id='word_1_229' title='bbox 829 1344 966 1374; x_wconf 85' lang='lat' dir='ltr'>honorem</span> <span class='ocrx_word' id='word_1_230' title='bbox 988 1345 1020 1374; x_wconf 84' lang='lat'>&amp;</span> <span class='ocrx_word' id='word_1_231' title='bbox 1037 1343 1195 1374; x_wconf 79' lang='lat' dir='ltr'>comodum</span> <span class='ocrx_word' id='word_1_232' title='bbox 1211 1342 1243 1372; x_wconf 90' lang='lat' dir='ltr'>il-</span> 
     </span>
     <span class='ocr_line' id='line_1_27' title="bbox 181 1381 1243 1421; baseline -0.003 -8"><span class='ocrx_word' id='word_1_233' title='bbox 181 1382 269 1413; x_wconf 85' lang='lat' dir='ltr'>lustris</span> <span class='ocrx_word' id='word_1_234' title='bbox 284 1382 370 1421; x_wconf 84' lang='lat' dir='ltr'>Regis</span> <span class='ocrx_word' id='word_1_235' title='bbox 378 1381 534 1420; x_wconf 90' lang='lat' dir='ltr'>Jerosolim.</span> <span class='ocrx_word' id='word_1_236' title='bbox 550 1382 582 1411; x_wconf 87' lang='lat'>&amp;</span> <span class='ocrx_word' id='word_1_237' title='bbox 598 1381 718 1420; x_wconf 75' lang='lat' dir='ltr'>Siciliae,</span> <span class='ocrx_word' id='word_1_238' title='bbox 738 1382 770 1412; x_wconf 65' lang='grc' dir='ltr'>ὃς</span> <span class='ocrx_word' id='word_1_239' title='bbox 785 1381 906 1411; x_wconf 81' lang='lat' dir='ltr'>filiorum</span> <span class='ocrx_word' id='word_1_240' title='bbox 923 1382 1053 1420; x_wconf 86' lang='lat' dir='ltr'>suorum,</span> <span class='ocrx_word' id='word_1_241' title='bbox 1072 1392 1142 1421; x_wconf 83' lang='lat' dir='ltr'>quos</span> <span class='ocrx_word' id='word_1_242' title='bbox 1156 1381 1243 1411; x_wconf 89' lang='lat' dir='ltr'>indis—</span> 
     </span>
     <span class='ocr_line' id='line_1_28' title="bbox 182 1419 1246 1459; baseline -0.002 -8"><span class='ocrx_word' id='word_1_243' title='bbox 182 1420 291 1451; x_wconf 86' lang='lat' dir='ltr'>solubili</span> <span class='ocrx_word' id='word_1_244' title='bbox 313 1420 449 1459; x_wconf 76' lang='lat' dir='ltr'>sanguinis</span> <span class='ocrx_word' id='word_1_245' title='bbox 471 1419 588 1451; x_wconf 87' lang='lat' dir='ltr'>vinculo</span> <span class='ocrx_word' id='word_1_246' title='bbox 610 1420 691 1449; x_wconf 87' lang='lat' dir='ltr'>nobis</span> <span class='ocrx_word' id='word_1_247' title='bbox 714 1427 808 1450; x_wconf 82' lang='lat' dir='ltr'>natura</span> <span class='ocrx_word' id='word_1_248' title='bbox 830 1421 975 1459; x_wconf 84' lang='lat' dir='ltr'>conjungit</span> <span class='ocrx_word' id='word_1_249' title='bbox 991 1443 1000 1459; x_wconf 89' lang='lat'>,</span> <span class='ocrx_word' id='word_1_250' title='bbox 1027 1427 1158 1457; x_wconf 86' lang='lat' dir='ltr'>tanquam</span> <span class='ocrx_word' id='word_1_251' title='bbox 1179 1430 1246 1459; x_wconf 83' lang='lat' dir='ltr'>pro-</span> 
     </span>
     <span class='ocr_line' id='line_1_29' title="bbox 183 1457 1246 1499; baseline -0.001 -11"><span class='ocrx_word' id='word_1_252' title='bbox 183 1460 275 1499; x_wconf 88' lang='lat' dir='ltr'>prium</span> <span class='ocrx_word' id='word_1_253' title='bbox 288 1457 465 1497; x_wconf 63' lang='lat' dir='ltr'>affectemus,</span> <span class='ocrx_word' id='word_1_254' title='bbox 486 1468 537 1488; x_wconf 89' lang='lat' dir='ltr'>nos</span> <span class='ocrx_word' id='word_1_255' title='bbox 551 1457 677 1495; x_wconf 84' lang='lat' dir='ltr'>inducit,</span> <span class='ocrx_word' id='word_1_256' title='bbox 695 1458 785 1488; x_wconf 85' lang='lat' dir='ltr'>immo</span> <span class='ocrx_word' id='word_1_257' title='bbox 801 1458 890 1488; x_wconf 74' lang='lat' dir='ltr'>verius</span> <span class='ocrx_word' id='word_1_258' title='bbox 903 1469 955 1489; x_wconf 90' lang='lat' dir='ltr'>nos</span> <span class='ocrx_word' id='word_1_259' title='bbox 970 1459 1122 1497; x_wconf 88' lang='lat' dir='ltr'>compellet</span> <span class='ocrx_word' id='word_1_260' title='bbox 1137 1457 1246 1488; x_wconf 60' lang='lat' dir='ltr'>Sancti-</span> 
     </span>
     <span class='ocr_line' id='line_1_30' title="bbox 185 1496 866 1535; baseline -0.001 -8"><span class='ocrx_word' id='word_1_261' title='bbox 185 1498 232 1528; x_wconf 85' lang='lat' dir='ltr'>tati</span> <span class='ocrx_word' id='word_1_262' title='bbox 249 1496 347 1526; x_wconf 81' lang='lat' dir='ltr'>vestrae</span> <span class='ocrx_word' id='word_1_263' title='bbox 360 1497 476 1535; x_wconf 86' lang='lat' dir='ltr'>dirigere</span> <span class='ocrx_word' id='word_1_264' title='bbox 489 1496 567 1534; x_wconf 87' lang='lat' dir='ltr'>super</span> <span class='ocrx_word' id='word_1_265' title='bbox 580 1497 637 1525; x_wconf 88' lang='lat' dir='ltr'>hoc</span> <span class='ocrx_word' id='word_1_266' title='bbox 650 1496 748 1534; x_wconf 84' lang='lat' dir='ltr'>scripta</span> <span class='ocrx_word' id='word_1_267' title='bbox 764 1497 866 1527; x_wconf 87' lang='lat' dir='ltr'>nostra.</span> 
     </span>
    </p>

    <p class='ocr_par' dir='ltr' id='par_1_11' title="bbox 185 1534 1252 1919">
     <span class='ocr_line' id='line_1_31' title="bbox 223 1534 1246 1575; baseline 0.002 -12"><span class='ocrx_word' id='word_1_268' title='bbox 223 1534 375 1573; x_wconf 87' lang='lat' dir='ltr'>Eapropter</span> <span class='ocrx_word' id='word_1_269' title='bbox 388 1534 487 1565; x_wconf 73' lang='lat' dir='ltr'>vestr-ae</span> <span class='ocrx_word' id='word_1_270' title='bbox 503 1535 615 1565; x_wconf 70' lang='lat' dir='ltr'>San6tae</span> <span class='ocrx_word' id='word_1_271' title='bbox 629 1534 803 1572; x_wconf 76' lang='lat' dir='ltr'>paternitati,</span> <span class='ocrx_word' id='word_1_272' title='bbox 818 1542 924 1575; x_wconf 85' lang='lat' dir='ltr'>quanto</span> <span class='ocrx_word' id='word_1_273' title='bbox 944 1534 1075 1565; x_wconf 77' lang='lat' dir='ltr'>humilius</span> <span class='ocrx_word' id='word_1_274' title='bbox 1088 1534 1246 1575; x_wconf 75' lang='lat' dir='ltr'>possumuS‚</span> 
     </span>
     <span class='ocr_line' id='line_1_32' title="bbox 185 1573 1247 1613; baseline 0.001 -11"><span class='ocrx_word' id='word_1_275' title='bbox 185 1573 370 1613; x_wconf 82' lang='lat' dir='ltr'>supplicamus</span> <span class='ocrx_word' id='word_1_276' title='bbox 383 1574 527 1611; x_wconf 84' lang='lat' dir='ltr'>quatinus,</span> <span class='ocrx_word' id='word_1_277' title='bbox 543 1573 675 1603; x_wconf 85' lang='lat' dir='ltr'>omnibus</span> <span class='ocrx_word' id='word_1_278' title='bbox 686 1573 898 1603; x_wconf 82' lang='lat' dir='ltr'>conditionibus</span> <span class='ocrx_word' id='word_1_279' title='bbox 912 1573 945 1604; x_wconf 89' lang='lat'>&amp;</span> <span class='ocrx_word' id='word_1_280' title='bbox 955 1573 1054 1612; x_wconf 79' lang='lat' dir='ltr'>causis,</span> <span class='ocrx_word' id='word_1_281' title='bbox 1073 1574 1171 1611; x_wconf 81' lang='lat' dir='ltr'>quibus</span> <span class='ocrx_word' id='word_1_282' title='bbox 1186 1584 1247 1610; x_wconf 88' lang='lat' dir='ltr'>par-</span> 
     </span>
     <span class='ocr_line' id='line_1_33' title="bbox 189 1611 1249 1651; baseline -0.001 -9"><span class='ocrx_word' id='word_1_283' title='bbox 189 1620 230 1642; x_wconf 90' lang='lat' dir='ltr'>tes</span> <span class='ocrx_word' id='word_1_284' title='bbox 243 1611 385 1649; x_wconf 70' lang='lat' dir='ltr'>praedi6³eae</span> <span class='ocrx_word' id='word_1_285' title='bbox 406 1612 456 1642; x_wconf 80' lang='lat' dir='ltr'>fibi</span> <span class='ocrx_word' id='word_1_286' title='bbox 472 1620 599 1642; x_wconf 88' lang='lat' dir='ltr'>tenentur</span> <span class='ocrx_word' id='word_1_287' title='bbox 618 1611 775 1642; x_wconf 86' lang='lat' dir='ltr'>adinvicem</span> <span class='ocrx_word' id='word_1_288' title='bbox 791 1624 801 1650; x_wconf 75' lang='lat'>3</span> <span class='ocrx_word' id='word_1_289' title='bbox 820 1622 933 1642; x_wconf 87' lang='lat' dir='ltr'>necnon</span> <span class='ocrx_word' id='word_1_290' title='bbox 953 1613 987 1644; x_wconf 87' lang='lat'>&amp;</span> <span class='ocrx_word' id='word_1_291' title='bbox 1006 1613 1148 1651; x_wconf 85' lang='lat' dir='ltr'>periculis,</span> <span class='ocrx_word' id='word_1_292' title='bbox 1167 1621 1249 1650; x_wconf 75' lang='lat' dir='ltr'>quae,</span> 
     </span>
     <span class='ocr_line' id='line_1_34' title="bbox 188 1649 1249 1690; baseline 0.001 -11"><span class='ocrx_word' id='word_1_293' title='bbox 188 1657 224 1680; x_wconf 80' lang='lat' dir='ltr'>ex</span> <span class='ocrx_word' id='word_1_294' title='bbox 239 1651 329 1679; x_wconf 86' lang='lat' dir='ltr'>forma</span> <span class='ocrx_word' id='word_1_295' title='bbox 342 1651 469 1690; x_wconf 83' lang='lat' dir='ltr'>incepta,</span> <span class='ocrx_word' id='word_1_296' title='bbox 484 1651 579 1680; x_wconf 82' lang='lat' dir='ltr'>amicis</span> <span class='ocrx_word' id='word_1_297' title='bbox 594 1650 796 1680; x_wconf 77' lang='lat' dir='ltr'>communibus</span> <span class='ocrx_word' id='word_1_298' title='bbox 811 1649 947 1688; x_wconf 85' lang='lat' dir='ltr'>utriusque</span> <span class='ocrx_word' id='word_1_299' title='bbox 959 1674 968 1687; x_wconf 91' lang='lat'>,</span> <span class='ocrx_word' id='word_1_300' title='bbox 996 1661 1110 1681; x_wconf 89' lang='lat' dir='ltr'>necnon</span> <span class='ocrx_word' id='word_1_301' title='bbox 1129 1652 1181 1680; x_wconf 81' lang='lat' dir='ltr'>toti</span> <span class='ocrx_word' id='word_1_302' title='bbox 1195 1660 1249 1688; x_wconf 86' lang='lat' dir='ltr'>po-</span> 
     </span>
     <span class='ocr_line' id='line_1_35' title="bbox 186 1687 1249 1726; baseline 0 -9"><span class='ocrx_word' id='word_1_303' title='bbox 186 1688 256 1726; x_wconf 85' lang='lat' dir='ltr'>pulo</span> <span class='ocrx_word' id='word_1_304' title='bbox 271 1687 432 1719; x_wconf 88' lang='lat' dir='ltr'>Christiano</span> <span class='ocrx_word' id='word_1_305' title='bbox 454 1697 586 1726; x_wconf 85' lang='lat' dir='ltr'>poterunt</span> <span class='ocrx_word' id='word_1_306' title='bbox 605 1690 717 1720; x_wconf 87' lang='lat' dir='ltr'>evenire</span> <span class='ocrx_word' id='word_1_307' title='bbox 731 1712 740 1726; x_wconf 91' lang='lat'>,</span> <span class='ocrx_word' id='word_1_308' title='bbox 763 1689 792 1718; x_wconf 90' lang='lat' dir='ltr'>in</span> <span class='ocrx_word' id='word_1_309' title='bbox 806 1689 932 1719; x_wconf 81' lang='lat' dir='ltr'>discretae</span> <span class='ocrx_word' id='word_1_310' title='bbox 952 1690 1102 1720; x_wconf 83' lang='lat' dir='ltr'>librationis</span> <span class='ocrx_word' id='word_1_311' title='bbox 1122 1689 1249 1719; x_wconf 82' lang='lat' dir='ltr'>examine</span> 
     </span>
     <span class='ocr_line' id='line_1_36' title="bbox 188 1726 1250 1767; baseline 0 -11"><span class='ocrx_word' id='word_1_312' title='bbox 188 1726 362 1765; x_wconf 72' lang='lat' dir='ltr'>ponderati53</span> <span class='ocrx_word' id='word_1_313' title='bbox 380 1728 551 1765; x_wconf 88' lang='lat' dir='ltr'>animarum,</span> <span class='ocrx_word' id='word_1_314' title='bbox 570 1736 633 1764; x_wconf 78' lang='lat' dir='ltr'>quoe</span> <span class='ocrx_word' id='word_1_315' title='bbox 648 1728 678 1757; x_wconf 92' lang='lat' dir='ltr'>in</span> <span class='ocrx_word' id='word_1_316' title='bbox 692 1726 887 1766; x_wconf 80' lang='lat' dir='ltr'>prosecutione</span> <span class='ocrx_word' id='word_1_317' title='bbox 901 1727 1061 1765; x_wconf 86' lang='lat' dir='ltr'>hujusmodi</span> <span class='ocrx_word' id='word_1_318' title='bbox 1082 1728 1186 1767; x_wconf 85' lang='lat' dir='ltr'>negotii</span> <span class='ocrx_word' id='word_1_319' title='bbox 1221 1737 1250 1756; x_wconf 93' lang='lat' dir='ltr'>e-</span> 
     </span>
     <span class='ocr_line' id='line_1_37' title="bbox 190 1765 1251 1806; baseline 0.002 -12"><span class='ocrx_word' id='word_1_320' title='bbox 190 1766 244 1794; x_wconf 83' lang='grc'><strong>1116</strong></span> <span class='ocrx_word' id='word_1_321' title='bbox 258 1765 395 1804; x_wconf 82' lang='lat' dir='ltr'>valerent,</span> <span class='ocrx_word' id='word_1_322' title='bbox 413 1765 488 1795; x_wconf 86' lang='lat' dir='ltr'>saluti</span> <span class='ocrx_word' id='word_1_323' title='bbox 502 1765 717 1803; x_wconf 87' lang='lat' dir='ltr'>prospicientes,</span> <span class='ocrx_word' id='word_1_324' title='bbox 735 1766 802 1795; x_wconf 85' lang='lat' dir='ltr'>ficut</span> <span class='ocrx_word' id='word_1_325' title='bbox 815 1766 950 1796; x_wconf 87' lang='lat' dir='ltr'>tenemini</span> <span class='ocrx_word' id='word_1_326' title='bbox 964 1788 974 1805; x_wconf 89' lang='lat'>,</span> <span class='ocrx_word' id='word_1_327' title='bbox 997 1766 1145 1806; x_wconf 87' lang='lat' dir='ltr'>providere</span> <span class='ocrx_word' id='word_1_328' title='bbox 1163 1775 1198 1796; x_wconf 88' lang='lat' dir='ltr'>ve</span> <span class='ocrx_word' id='word_1_329' title='bbox 1211 1766 1251 1796; x_wconf 89' lang='lat' dir='ltr'>itis</span> 
     </span>
     <span class='ocr_line' id='line_1_38' title="bbox 191 1802 1250 1843; baseline 0.001 -10"><span class='ocrx_word' id='word_1_330' title='bbox 191 1804 265 1833; x_wconf 77' lang='lat' dir='ltr'>viam</span> <span class='ocrx_word' id='word_1_331' title='bbox 287 1802 368 1833; x_wconf 86' lang='lat' dir='ltr'>aliam</span> <span class='ocrx_word' id='word_1_332' title='bbox 381 1826 391 1841; x_wconf 86' lang='lat'>‚</span> <span class='ocrx_word' id='word_1_333' title='bbox 414 1813 464 1842; x_wconf 89' lang='lat' dir='ltr'>per</span> <span class='ocrx_word' id='word_1_334' title='bbox 483 1813 566 1842; x_wconf 84' lang='lat' dir='ltr'>quam</span> <span class='ocrx_word' id='word_1_335' title='bbox 580 1826 590 1841; x_wconf 83' lang='lat'><em>‚</em></span> <span class='ocrx_word' id='word_1_336' title='bbox 614 1803 648 1833; x_wconf 88' lang='lat' dir='ltr'>ad</span> <span class='ocrx_word' id='word_1_337' title='bbox 670 1804 811 1834; x_wconf 88' lang='lat' dir='ltr'>honorem</span> <span class='ocrx_word' id='word_1_338' title='bbox 835 1805 867 1835; x_wconf 88' lang='lat'>&amp;</span> <span class='ocrx_word' id='word_1_339' title='bbox 884 1804 1077 1835; x_wconf 87' lang='lat' dir='ltr'>commodum</span> <span class='ocrx_word' id='word_1_340' title='bbox 1098 1804 1250 1843; x_wconf 80' lang='lat' dir='ltr'>utriusque,</span> 
     </span>
     <span class='ocr_line' id='line_1_39' title="bbox 191 1840 1252 1882; baseline 0.003 -12"><span class='ocrx_word' id='word_1_341' title='bbox 191 1840 275 1878; x_wconf 81' lang='lat' dir='ltr'>poffit</span> <span class='ocrx_word' id='word_1_342' title='bbox 289 1841 465 1879; x_wconf 82' lang='lat' dir='ltr'>praelibatum</span> <span class='ocrx_word' id='word_1_343' title='bbox 479 1843 626 1880; x_wconf 80' lang='lat' dir='ltr'>negotium</span> <span class='ocrx_word' id='word_1_344' title='bbox 640 1843 796 1881; x_wconf 75' lang='lat' dir='ltr'>terminari,</span> <span class='ocrx_word' id='word_1_345' title='bbox 816 1851 869 1882; x_wconf 87' lang='lat' dir='ltr'>pro</span> <span class='ocrx_word' id='word_1_346' title='bbox 887 1851 966 1873; x_wconf 91' lang='lat' dir='ltr'>certo</span> <span class='ocrx_word' id='word_1_347' title='bbox 981 1851 1106 1873; x_wconf 88' lang='lat' dir='ltr'>tenentes</span> <span class='ocrx_word' id='word_1_348' title='bbox 1119 1843 1213 1882; x_wconf 85' lang='lat' dir='ltr'>quod,</span> <span class='ocrx_word' id='word_1_349' title='bbox 1232 1843 1252 1873; x_wconf 89' lang='lat' dir='ltr'>fi</span> 
     </span>
     <span class='ocr_line' id='line_1_40' title="bbox 192 1879 1251 1919; baseline 0.002 -11"><span class='ocrx_word' id='word_1_350' title='bbox 192 1879 277 1918; x_wconf 87' lang='lat' dir='ltr'>illud,</span> <span class='ocrx_word' id='word_1_351' title='bbox 297 1879 375 1918; x_wconf 87' lang='lat' dir='ltr'>quod</span> <span class='ocrx_word' id='word_1_352' title='bbox 384 1879 443 1918; x_wconf 85' lang='lat' dir='ltr'>jam</span> <span class='ocrx_word' id='word_1_353' title='bbox 455 1880 575 1918; x_wconf 85' lang='lat' dir='ltr'>accidit,</span> <span class='ocrx_word' id='word_1_354' title='bbox 592 1879 640 1910; x_wconf 91' lang='lat' dir='ltr'>diu</span> <span class='ocrx_word' id='word_1_355' title='bbox 653 1880 695 1911; x_wconf 90' lang='lat' dir='ltr'>est</span> <span class='ocrx_word' id='word_1_356' title='bbox 709 1880 885 1919; x_wconf 67' lang='lat' dir='ltr'>sperassemus</span> <span class='ocrx_word' id='word_1_357' title='bbox 900 1904 910 1919; x_wconf 83' lang='lat'>,</span> <span class='ocrx_word' id='word_1_358' title='bbox 935 1881 969 1911; x_wconf 94' lang='lat' dir='ltr'>ad</span> <span class='ocrx_word' id='word_1_359' title='bbox 984 1881 1040 1911; x_wconf 91' lang='lat' dir='ltr'>hoc</span> <span class='ocrx_word' id='word_1_360' title='bbox 1052 1904 1062 1918; x_wconf 86' lang='lat'>,</span> <span class='ocrx_word' id='word_1_361' title='bbox 1078 1882 1155 1919; x_wconf 84' lang='lat' dir='ltr'>quod</span> <span class='ocrx_word' id='word_1_362' title='bbox 1176 1890 1251 1911; x_wconf 90' lang='lat' dir='ltr'>nunc</span> 
     </span>
    </p>
   </div>
   <div class='ocr_carea' id='block_1_10' title="bbox 191 1918 1253 1988">
    <p class='ocr_par' dir='ltr' id='par_1_12' title="bbox 191 1918 1253 1988">
     <span class='ocr_line' id='line_1_41' title="bbox 191 1918 1253 1986; baseline 0.002 -38"><span class='ocrx_word' id='word_1_363' title='bbox 191 1919 311 1986; x_wconf 47' lang='lat' dir='ltr'>pffticmus</span> <span class='ocrx_word' id='word_1_364' title='bbox 326 1942 335 1956; x_wconf 94' lang='lat'>,</span> <span class='ocrx_word' id='word_1_365' title='bbox 363 1920 436 1956; x_wconf 87' lang='lat' dir='ltr'>prius</span> <span class='ocrx_word' id='word_1_366' title='bbox 457 1918 638 1950; x_wconf 65' lang='lat' dir='ltr'>Sanctitatem</span> <span class='ocrx_word' id='word_1_367' title='bbox 659 1918 778 1950; x_wconf 80' lang='lat' dir='ltr'>vestram</span> <span class='ocrx_word' id='word_1_368' title='bbox 798 1919 989 1951; x_wconf 70' lang='lat' dir='ltr'>invitassemus</span> <span class='ocrx_word' id='word_1_369' title='bbox 1010 1919 1253 1959; x_wconf 81' lang='lat' dir='ltr'>supplicationibus</span> 
     </span>
     <span class='ocr_line' id='line_1_42' title="bbox 192 1966 330 1988; baseline 0 -2"><span class='ocrx_word' id='word_1_370' title='bbox 192 1966 206 1986; x_wconf 73' lang='lat' dir='ltr'>a</span> <span class='ocrx_word' id='word_1_371' title='bbox 226 1967 330 1988; x_wconf 44' lang='lat' dir='ltr'>ChthlS.</span> 
     </span>
    </p>
   </div>
   <div class='ocr_carea' id='block_1_11' title="bbox 192 2038 1250 2059">
    <p class='ocr_par' dir='ltr' id='par_1_13' title="bbox 192 2038 1250 2059">
     <span class='ocr_line' id='line_1_43' title="bbox 192 2038 1250 2059; baseline 0 2202"><span class='ocrx_word' id='word_1_372' title='bbox 192 2038 1250 2059; x_wconf 95' lang='lat' dir='ltr'> </span> 
     </span>
    </p>
   </div>
   <div class='ocr_carea' id='block_1_12' title="bbox 44 2097 1255 2182">
    <p class='ocr_par' dir='ltr' id='par_1_14' title="bbox 44 2097 1255 2182">
     <span class='ocr_line' id='line_1_44' title="bbox 44 2097 1255 2149; baseline 0.005 -20"><span class='ocrx_word' id='word_1_373' title='bbox 44 2097 226 2135; x_wconf 65' lang='lat' dir='ltr'>*11,183.=Jt=</span> <span class='ocrx_word' id='word_1_374' title='bbox 251 2099 357 2131; x_wconf 79' lang='lat' dir='ltr'>Lirem</span> <span class='ocrx_word' id='word_1_375' title='bbox 382 2098 486 2131; x_wconf 78' lang='lat' dir='ltr'>Carolo</span> <span class='ocrx_word' id='word_1_376' title='bbox 513 2102 645 2146; x_wconf 80' lang='lat' dir='ltr'>Principi</span> <span class='ocrx_word' id='word_1_377' title='bbox 674 2101 792 2134; x_wconf 81' lang='lat' dir='ltr'>Salern.</span> <span class='ocrx_word' id='word_1_378' title='bbox 823 2098 955 2145; x_wconf 77' lang='lat' dir='ltr'>ejusdem</span> <span class='ocrx_word' id='word_1_379' title='bbox 973 2100 1042 2145; x_wconf 84' lang='lat' dir='ltr'>fere</span> <span class='ocrx_word' id='word_1_380' title='bbox 1065 2112 1133 2134; x_wconf 81' lang='lat' dir='ltr'>cum</span> <span class='ocrx_word' id='word_1_381' title='bbox 1154 2106 1255 2149; x_wconf 85' lang='lat' dir='ltr'>priore</span> 
     </span>
     <span class='ocr_line' id='line_1_45' title="bbox 666 2157 784 2182; baseline 0.017 -2"><span class='ocrx_word' id='word_1_382' title='bbox 666 2157 784 2182; x_wconf 76' lang='lat' dir='ltr'>tenorzs.</span> 
     </span>
    </p>
   </div>
   <div class='ocr_carea' id='block_1_13' title="bbox 48 2231 1257 2318">
    <p class='ocr_par' dir='ltr' id='par_1_15' title="bbox 48 2231 1257 2318">
     <span class='ocr_line' id='line_1_46' title="bbox 48 2231 1103 2296; baseline 0.002 -15"><span class='ocrx_word' id='word_1_383' title='bbox 48 2250 125 2281; x_wconf 77' lang='lat' dir='ltr'>Ann.</span> <span class='ocrx_word' id='word_1_384' title='bbox 139 2248 180 2279; x_wconf 89' lang='lat' dir='ltr'>D.</span> <span class='ocrx_word' id='word_1_385' title='bbox 199 2231 238 2296; x_wconf 76' lang='lat' dir='ltr'>S</span> <span class='ocrx_word' id='word_1_386' title='bbox 248 2235 330 2266; x_wconf 78' lang='lat' dir='ltr'>Aiuz.</span> <span class='ocrx_word' id='word_1_387' title='bbox 374 2279 377 2281; x_wconf 15' lang='grc' dir='ltr'><strong>Α</strong></span> <span class='ocrx_word' id='word_1_388' title='bbox 828 2272 831 2273; x_wconf 22' lang='lat'><em>⁷</em></span> <span class='ocrx_word' id='word_1_389' title='bbox 1098 2278 1103 2283; x_wconf 94' lang='lat'>.</span> 
     </span>
     <span class='ocr_line' id='line_1_47' title="bbox 78 2274 1257 2318; baseline 0.007 -15"><span class='ocrx_word' id='word_1_390' title='bbox 78 2288 162 2318; x_wconf 39' lang='lat'>1281·</span> <span class='ocrx_word' id='word_1_391' title='bbox 276 2274 429 2305; x_wconf 80' lang='lat' dir='ltr'>Treschere</span> <span class='ocrx_word' id='word_1_392' title='bbox 443 2275 519 2305; x_wconf 75' lang='lat' dir='ltr'>cosin</span> <span class='ocrx_word' id='word_1_393' title='bbox 529 2299 538 2314; x_wconf 82' lang='lat'>,</span> <span class='ocrx_word' id='word_1_394' title='bbox 557 2285 608 2305; x_wconf 82' lang='lat' dir='ltr'>nus</span> <span class='ocrx_word' id='word_1_395' title='bbox 622 2283 749 2306; x_wconf 86' lang='lat' dir='ltr'>recumes</span> <span class='ocrx_word' id='word_1_396' title='bbox 764 2285 814 2306; x_wconf 92' lang='lat' dir='ltr'>vos</span> <span class='ocrx_word' id='word_1_397' title='bbox 827 2275 918 2307; x_wconf 85' lang='lat' dir='ltr'>lettres</span> <span class='ocrx_word' id='word_1_398' title='bbox 931 2276 956 2306; x_wconf 99' lang='grc'>16</span> <span class='ocrx_word' id='word_1_399' title='bbox 971 2276 1104 2307; x_wconf 79' lang='lat' dir='ltr'>vendredr</span> <span class='ocrx_word' id='word_1_400' title='bbox 1117 2277 1221 2310; x_wconf 82' lang='lat' dir='ltr'>devant</span> <span class='ocrx_word' id='word_1_401' title='bbox 1232 2279 1257 2311; x_wconf 90' lang='lat' dir='ltr'>la</span> 
     </span>
    </p>
   </div>
   <div class='ocr_carea' id='block_1_14' title="bbox 49 2312 1259 2356">
    <p class='ocr_par' dir='ltr' id='par_1_16' title="bbox 49 2312 1259 2356">
     <span class='ocr_line' id='line_1_48' title="bbox 49 2312 1259 2356; baseline 0.004 -14"><span class='ocrx_word' id='word_1_402' title='bbox 49 2331 99 2356; x_wconf 38' lang='lat' dir='ltr'>A„-</span> <span class='ocrx_word' id='word_1_403' title='bbox 120 2337 161 2354; x_wconf 44' lang='grc' dir='ltr'>ιο,</span> <span class='ocrx_word' id='word_1_404' title='bbox 201 2312 278 2343; x_wconf 87' lang='lat' dir='ltr'>Seint</span> <span class='ocrx_word' id='word_1_405' title='bbox 287 2313 375 2344; x_wconf 83' lang='lat' dir='ltr'>Andr.</span> <span class='ocrx_word' id='word_1_406' title='bbox 385 2324 419 2344; x_wconf 87' lang='lat' dir='ltr'>en</span> <span class='ocrx_word' id='word_1_407' title='bbox 429 2314 464 2343; x_wconf 77' lang='lat' dir='ltr'>les</span> <span class='ocrx_word' id='word_1_408' title='bbox 478 2315 569 2354; x_wconf 71' lang='lat' dir='ltr'>queles</span> <span class='ocrx_word' id='word_1_409' title='bbox 583 2325 634 2344; x_wconf 81' lang='lat' dir='ltr'>vus</span> <span class='ocrx_word' id='word_1_410' title='bbox 646 2324 698 2345; x_wconf 89' lang='lat' dir='ltr'>nus</span> <span class='ocrx_word' id='word_1_411' title='bbox 712 2313 824 2353; x_wconf 82' lang='lat' dir='ltr'>priastes</span> <span class='ocrx_word' id='word_1_412' title='bbox 836 2313 870 2344; x_wconf 87' lang='lat' dir='ltr'>ke</span> <span class='ocrx_word' id='word_1_413' title='bbox 885 2325 935 2345; x_wconf 80' lang='grc'><strong>11115</strong></span> <span class='ocrx_word' id='word_1_414' title='bbox 951 2326 1001 2345; x_wconf 84' lang='grc' dir='ltr'><strong>ν115</strong></span> <span class='ocrx_word' id='word_1_415' title='bbox 1016 2315 1128 2346; x_wconf 83' lang='lat' dir='ltr'>feiffons</span> <span class='ocrx_word' id='word_1_416' title='bbox 1141 2327 1156 2346; x_wconf 85' lang='lat' dir='ltr'>a</span> <span class='ocrx_word' id='word_1_417' title='bbox 1171 2318 1259 2348; x_wconf 87' lang='lat' dir='ltr'>savoir</span> 
     </span>
    </p>
   </div>
   <div class='ocr_carea' id='block_1_15' title="bbox 44 2351 1262 2554">
    <p class='ocr_par' dir='ltr' id='par_1_17' title="bbox 44 2351 1260 2479">
     <span class='ocr_line' id='line_1_49' title="bbox 50 2351 1260 2393; baseline 0.005 -12"><span class='ocrx_word' id='word_1_418' title='bbox 50 2371 71 2393; x_wconf 79' lang='lat' dir='ltr'>E</span> <span class='ocrx_word' id='word_1_419' title='bbox 105 2375 113 2393; x_wconf 50' lang='grc' dir='ltr'>ι</span> <span class='ocrx_word' id='word_1_420' title='bbox 203 2351 297 2382; x_wconf 88' lang='lat' dir='ltr'>nostre</span> <span class='ocrx_word' id='word_1_421' title='bbox 309 2352 392 2383; x_wconf 83' lang='lat' dir='ltr'>estat:</span> <span class='ocrx_word' id='word_1_422' title='bbox 412 2353 444 2384; x_wconf 72' lang='grc' dir='ltr'>ὃ(</span> <span class='ocrx_word' id='word_1_423' title='bbox 459 2363 506 2391; x_wconf 79' lang='lat' dir='ltr'>par</span> <span class='ocrx_word' id='word_1_424' title='bbox 522 2353 559 2382; x_wconf 81' lang='lat' dir='ltr'>les</span> <span class='ocrx_word' id='word_1_425' title='bbox 574 2353 668 2391; x_wconf 80' lang='lat' dir='ltr'>queles</span> <span class='ocrx_word' id='word_1_426' title='bbox 681 2364 733 2384; x_wconf 86' lang='lat' dir='ltr'>vus</span> <span class='ocrx_word' id='word_1_427' title='bbox 745 2363 797 2383; x_wconf 89' lang='lat' dir='ltr'>nus</span> <span class='ocrx_word' id='word_1_428' title='bbox 813 2353 902 2384; x_wconf 86' lang='lat' dir='ltr'>feistes</span> <span class='ocrx_word' id='word_1_429' title='bbox 920 2353 995 2384; x_wconf 84' lang='lat' dir='ltr'>sauer</span> <span class='ocrx_word' id='word_1_430' title='bbox 1008 2376 1018 2392; x_wconf 84' lang='lat'>,</span> <span class='ocrx_word' id='word_1_431' title='bbox 1043 2354 1078 2384; x_wconf 90' lang='lat' dir='ltr'>ke</span> <span class='ocrx_word' id='word_1_432' title='bbox 1097 2364 1164 2392; x_wconf 86' lang='lat' dir='ltr'>vus,</span> <span class='ocrx_word' id='word_1_433' title='bbox 1182 2356 1260 2387; x_wconf 87' lang='lat' dir='ltr'>Dieu</span> 
     </span>
     <span class='ocr_line' id='line_1_50' title="bbox 50 2388 1260 2432; baseline 0.003 -13"><span class='ocrx_word' id='word_1_434' title='bbox 50 2388 129 2432; x_wconf 50' lang='lat' dir='ltr'>ijj</span> <span class='ocrx_word' id='word_1_435' title='bbox 203 2391 292 2420; x_wconf 79' lang='lat' dir='ltr'>merci</span> <span class='ocrx_word' id='word_1_436' title='bbox 307 2413 316 2427; x_wconf 77' lang='grc'><strong>,</strong></span> <span class='ocrx_word' id='word_1_437' title='bbox 340 2391 445 2421; x_wconf 80' lang='lat' dir='ltr'>estoiez</span> <span class='ocrx_word' id='word_1_438' title='bbox 461 2391 529 2421; x_wconf 88' lang='lat' dir='ltr'>seins</span> <span class='ocrx_word' id='word_1_439' title='bbox 545 2392 577 2421; x_wconf 73' lang='grc' dir='ltr'>ὃ(</span> <span class='ocrx_word' id='word_1_440' title='bbox 593 2390 695 2421; x_wconf 78' lang='lat' dir='ltr'>heitie&#39;z.</span> <span class='ocrx_word' id='word_1_441' title='bbox 710 2414 720 2430; x_wconf 90' lang='lat'>,</span> <span class='ocrx_word' id='word_1_442' title='bbox 742 2391 778 2421; x_wconf 81' lang='lat' dir='ltr'>de</span> <span class='ocrx_word' id='word_1_443' title='bbox 792 2393 840 2430; x_wconf 86' lang='lat' dir='ltr'>qui</span> <span class='ocrx_word' id='word_1_444' title='bbox 855 2402 907 2422; x_wconf 86' lang='lat' dir='ltr'>nus</span> <span class='ocrx_word' id='word_1_445' title='bbox 926 2391 1018 2422; x_wconf 86' lang='lat' dir='ltr'>fumes</span> <span class='ocrx_word' id='word_1_446' title='bbox 1032 2392 1104 2423; x_wconf 84' lang='lat' dir='ltr'>mult</span> <span class='ocrx_word' id='word_1_447' title='bbox 1117 2393 1178 2423; x_wconf 80' lang='lat' dir='ltr'>leez</span> <span class='ocrx_word' id='word_1_448' title='bbox 1192 2417 1201 2432; x_wconf 86' lang='lat'>,</span> <span class='ocrx_word' id='word_1_449' title='bbox 1226 2396 1260 2426; x_wconf 88' lang='lat'>&amp;</span> 
     </span>
     <span class='ocr_line' id='line_1_51' title="bbox 44 2428 892 2479; baseline -0.001 -20"><span class='ocrx_word' id='word_1_450' title='bbox 44 2443 134 2479; x_wconf 43' lang='lat' dir='ltr'>scrip·</span> <span class='ocrx_word' id='word_1_451' title='bbox 203 2428 275 2459; x_wconf 88' lang='lat' dir='ltr'>dunt</span> <span class='ocrx_word' id='word_1_452' title='bbox 289 2439 340 2458; x_wconf 92' lang='lat' dir='ltr'>nus</span> <span class='ocrx_word' id='word_1_453' title='bbox 353 2439 404 2459; x_wconf 83' lang='lat' dir='ltr'>vus</span> <span class='ocrx_word' id='word_1_454' title='bbox 419 2431 559 2459; x_wconf 86' lang='lat' dir='ltr'>merciom</span> <span class='ocrx_word' id='word_1_455' title='bbox 574 2439 647 2468; x_wconf 84' lang='lat' dir='ltr'>quan</span> <span class='ocrx_word' id='word_1_456' title='bbox 658 2429 693 2458; x_wconf 97' lang='lat' dir='ltr'>ke</span> <span class='ocrx_word' id='word_1_457' title='bbox 706 2439 778 2458; x_wconf 86' lang='lat' dir='ltr'>nous</span> <span class='ocrx_word' id='word_1_458' title='bbox 792 2439 892 2469; x_wconf 85' lang='lat' dir='ltr'>peons.</span> 
     </span>
    </p>

    <p class='ocr_par' dir='ltr' id='par_1_18' title="bbox 51 2466 1262 2554">
     <span class='ocr_line' id='line_1_52' title="bbox 51 2466 1262 2507; baseline 0.004 -11"><span class='ocrx_word' id='word_1_459' title='bbox 51 2483 120 2507; x_wconf 67' lang='lat' dir='ltr'>Lim</span> <span class='ocrx_word' id='word_1_460' title='bbox 146 2489 184 2507; x_wconf 48' lang='lat' dir='ltr'>m·</span> <span class='ocrx_word' id='word_1_461' title='bbox 240 2466 400 2506; x_wconf 84' lang='lat' dir='ltr'>Derechef,</span> <span class='ocrx_word' id='word_1_462' title='bbox 420 2478 471 2497; x_wconf 82' lang='lat' dir='ltr'>nus</span> <span class='ocrx_word' id='word_1_463' title='bbox 484 2466 574 2497; x_wconf 85' lang='lat' dir='ltr'>feistes</span> <span class='ocrx_word' id='word_1_464' title='bbox 587 2478 602 2497; x_wconf 87' lang='lat' dir='ltr'>a</span> <span class='ocrx_word' id='word_1_465' title='bbox 616 2467 704 2497; x_wconf 87' lang='lat' dir='ltr'>savoir</span> <span class='ocrx_word' id='word_1_466' title='bbox 719 2467 768 2505; x_wconf 88' lang='lat' dir='ltr'>ke,</span> <span class='ocrx_word' id='word_1_467' title='bbox 787 2477 832 2497; x_wconf 88' lang='lat' dir='ltr'>ma</span> <span class='ocrx_word' id='word_1_468' title='bbox 846 2467 941 2498; x_wconf 85' lang='lat' dir='ltr'>Darne</span> <span class='ocrx_word' id='word_1_469' title='bbox 954 2467 990 2498; x_wconf 91' lang='lat' dir='ltr'>de</span> <span class='ocrx_word' id='word_1_470' title='bbox 1004 2468 1027 2497; x_wconf 91' lang='lat' dir='ltr'>F</span> <span class='ocrx_word' id='word_1_471' title='bbox 1029 2478 1147 2507; x_wconf 85' lang='lat' dir='ltr'>raunce,</span> <span class='ocrx_word' id='word_1_472' title='bbox 1166 2470 1262 2502; x_wconf 86' lang='lat' dir='ltr'>nostre</span> 
     </span>
     <span class='ocr_line' id='line_1_53' title="bbox 55 2502 1262 2554; baseline 0.003 -18"><span class='ocrx_word' id='word_1_473' title='bbox 55 2527 82 2554; x_wconf 48' lang='lat'>3·</span> <span class='ocrx_word' id='word_1_474' title='bbox 95 2502 129 2546; x_wconf 45' lang='grc' dir='ltr'>,μ’</span> <span class='ocrx_word' id='word_1_475' title='bbox 204 2513 300 2536; x_wconf 77' lang='lat' dir='ltr'>munte</span> <span class='ocrx_word' id='word_1_476' title='bbox 314 2506 346 2536; x_wconf 87' lang='lat'>&amp;</span> <span class='ocrx_word' id='word_1_477' title='bbox 361 2507 386 2536; x_wconf 85' lang='lat' dir='ltr'>la</span> <span class='ocrx_word' id='word_1_478' title='bbox 399 2505 494 2536; x_wconf 86' lang='lat' dir='ltr'>vostre</span> <span class='ocrx_word' id='word_1_479' title='bbox 507 2529 516 2545; x_wconf 91' lang='lat'>,</span> <span class='ocrx_word' id='word_1_480' title='bbox 538 2507 614 2536; x_wconf 85' lang='lat' dir='ltr'>avoit</span> <span class='ocrx_word' id='word_1_481' title='bbox 629 2514 696 2536; x_wconf 87' lang='lat' dir='ltr'>tenu</span> <span class='ocrx_word' id='word_1_482' title='bbox 715 2505 890 2543; x_wconf 86' lang='lat' dir='ltr'>Parlement,</span> <span class='ocrx_word' id='word_1_483' title='bbox 908 2517 923 2536; x_wconf 90' lang='grc'>3</span> <span class='ocrx_word' id='word_1_484' title='bbox 940 2505 1087 2545; x_wconf 82' lang='lat' dir='ltr'>Mascous,</span> <span class='ocrx_word' id='word_1_485' title='bbox 1104 2508 1146 2538; x_wconf 92' lang='lat' dir='ltr'>od</span> <span class='ocrx_word' id='word_1_486' title='bbox 1158 2509 1197 2538; x_wconf 83' lang='lat' dir='ltr'>les</span> <span class='ocrx_word' id='word_1_487' title='bbox 1209 2509 1262 2540; x_wconf 79' lang='lat' dir='ltr'>Ba-</span> 
     </span>
    </p>
   </div>
   <div class='ocr_carea' id='block_1_16' title="bbox 203 2543 1268 3199">
    <p class='ocr_par' dir='ltr' id='par_1_19' title="bbox 203 2543 1263 2661">
     <span class='ocr_line' id='line_1_54' title="bbox 204 2543 1263 2585; baseline 0.005 -12"><span class='ocrx_word' id='word_1_488' title='bbox 204 2553 270 2573; x_wconf 90' lang='lat' dir='ltr'>rons</span> <span class='ocrx_word' id='word_1_489' title='bbox 283 2543 318 2573; x_wconf 88' lang='lat' dir='ltr'>de</span> <span class='ocrx_word' id='word_1_490' title='bbox 338 2544 478 2583; x_wconf 77' lang='lat' dir='ltr'>Burgoine</span> <span class='ocrx_word' id='word_1_491' title='bbox 493 2567 502 2582; x_wconf 91' lang='lat'>,</span> <span class='ocrx_word' id='word_1_492' title='bbox 527 2545 560 2575; x_wconf 87' lang='lat'>&amp;</span> <span class='ocrx_word' id='word_1_493' title='bbox 581 2544 657 2574; x_wconf 80' lang='lat' dir='ltr'>avoit</span> <span class='ocrx_word' id='word_1_494' title='bbox 677 2545 765 2582; x_wconf 79' lang='lat' dir='ltr'>requis</span> <span class='ocrx_word' id='word_1_495' title='bbox 783 2544 852 2583; x_wconf 84' lang='lat' dir='ltr'>ayde</span> <span class='ocrx_word' id='word_1_496' title='bbox 871 2544 908 2574; x_wconf 90' lang='lat' dir='ltr'>de</span> <span class='ocrx_word' id='word_1_497' title='bbox 925 2544 962 2574; x_wconf 85' lang='lat' dir='ltr'>ses</span> <span class='ocrx_word' id='word_1_498' title='bbox 981 2555 1056 2584; x_wconf 83' lang='lat' dir='ltr'>amys</span> <span class='ocrx_word' id='word_1_499' title='bbox 1075 2557 1089 2576; x_wconf 90' lang='lat' dir='ltr'>a</span> <span class='ocrx_word' id='word_1_500' title='bbox 1108 2547 1263 2585; x_wconf 84' lang='lat' dir='ltr'>purchacer</span> 
     </span>
     <span class='ocr_line' id='line_1_55' title="bbox 203 2582 1263 2622; baseline 0.005 -10"><span class='ocrx_word' id='word_1_501' title='bbox 203 2582 271 2612; x_wconf 91' lang='lat' dir='ltr'>soun</span> <span class='ocrx_word' id='word_1_502' title='bbox 285 2583 371 2620; x_wconf 83' lang='lat' dir='ltr'>dreit,</span> <span class='ocrx_word' id='word_1_503' title='bbox 389 2584 426 2613; x_wconf 89' lang='lat' dir='ltr'>de</span> <span class='ocrx_word' id='word_1_504' title='bbox 440 2583 477 2612; x_wconf 73' lang='lat' dir='ltr'>lec</span> <span class='ocrx_word' id='word_1_505' title='bbox 492 2582 627 2612; x_wconf 80' lang='lat' dir='ltr'>Counrez</span> <span class='ocrx_word' id='word_1_506' title='bbox 639 2582 673 2613; x_wconf 91' lang='lat' dir='ltr'>de</span> <span class='ocrx_word' id='word_1_507' title='bbox 691 2582 826 2613; x_wconf 87' lang='lat' dir='ltr'>Proviuc.</span> <span class='ocrx_word' id='word_1_508' title='bbox 841 2584 874 2614; x_wconf 91' lang='lat'>&amp;</span> <span class='ocrx_word' id='word_1_509' title='bbox 891 2583 926 2613; x_wconf 91' lang='lat' dir='ltr'>de</span> <span class='ocrx_word' id='word_1_510' title='bbox 946 2583 1119 2622; x_wconf 66' lang='lat' dir='ltr'>Folcalquan</span> <span class='ocrx_word' id='word_1_511' title='bbox 1135 2585 1176 2616; x_wconf 88' lang='lat' dir='ltr'>sus</span> <span class='ocrx_word' id='word_1_512' title='bbox 1197 2596 1263 2617; x_wconf 87' lang='lat' dir='ltr'>vos-</span> 
     </span>
     <span class='ocr_line' id='line_1_56' title="bbox 204 2620 655 2661; baseline -0.002 -10"><span class='ocrx_word' id='word_1_513' title='bbox 204 2629 245 2651; x_wconf 88' lang='lat' dir='ltr'>tre</span> <span class='ocrx_word' id='word_1_514' title='bbox 262 2620 332 2650; x_wconf 88' lang='lat' dir='ltr'>Pere</span> <span class='ocrx_word' id='word_1_515' title='bbox 343 2622 367 2651; x_wconf 93' lang='grc'>16</span> <span class='ocrx_word' id='word_1_516' title='bbox 386 2621 470 2661; x_wconf 83' lang='lat' dir='ltr'>Roy,</span> <span class='ocrx_word' id='word_1_517' title='bbox 487 2621 519 2651; x_wconf 85' lang='lat'>&amp;</span> <span class='ocrx_word' id='word_1_518' title='bbox 537 2621 578 2651; x_wconf 83' lang='lat' dir='ltr'>sus</span> <span class='ocrx_word' id='word_1_519' title='bbox 591 2630 655 2652; x_wconf 84' lang='lat' dir='ltr'>vus:</span> 
     </span>
    </p>

    <p class='ocr_par' dir='ltr' id='par_1_20' title="bbox 203 2657 1264 2774">
     <span class='ocr_line' id='line_1_57' title="bbox 241 2657 1263 2701; baseline 0.004 -12"><span class='ocrx_word' id='word_1_520' title='bbox 241 2658 279 2689; x_wconf 87' lang='lat' dir='ltr'>Et</span> <span class='ocrx_word' id='word_1_521' title='bbox 292 2659 334 2689; x_wconf 89' lang='lat' dir='ltr'>sus</span> <span class='ocrx_word' id='word_1_522' title='bbox 350 2669 387 2689; x_wconf 91' lang='lat' dir='ltr'>co</span> <span class='ocrx_word' id='word_1_523' title='bbox 405 2659 439 2689; x_wconf 88' lang='lat' dir='ltr'>ke</span> <span class='ocrx_word' id='word_1_524' title='bbox 455 2669 505 2690; x_wconf 86' lang='lat' dir='ltr'>vus</span> <span class='ocrx_word' id='word_1_525' title='bbox 520 2657 558 2689; x_wconf 89' lang='lat' dir='ltr'>lui</span> <span class='ocrx_word' id='word_1_526' title='bbox 582 2660 661 2690; x_wconf 81' lang='lat' dir='ltr'>aviez</span> <span class='ocrx_word' id='word_1_527' title='bbox 682 2658 766 2690; x_wconf 77' lang='lat' dir='ltr'>offert</span> <span class='ocrx_word' id='word_1_528' title='bbox 781 2682 790 2697; x_wconf 87' lang='lat'>,</span> <span class='ocrx_word' id='word_1_529' title='bbox 816 2659 851 2689; x_wconf 88' lang='lat' dir='ltr'>ke</span> <span class='ocrx_word' id='word_1_530' title='bbox 870 2659 936 2689; x_wconf 89' lang='lat' dir='ltr'>bien</span> <span class='ocrx_word' id='word_1_531' title='bbox 952 2660 1066 2699; x_wconf 86' lang='lat' dir='ltr'>voliez,</span> <span class='ocrx_word' id='word_1_532' title='bbox 1086 2661 1121 2691; x_wconf 89' lang='lat' dir='ltr'>ke</span> <span class='ocrx_word' id='word_1_533' title='bbox 1140 2662 1230 2701; x_wconf 89' lang='lat' dir='ltr'>celui,</span> <span class='ocrx_word' id='word_1_534' title='bbox 1247 2673 1263 2693; x_wconf 86' lang='lat' dir='ltr'>a</span> 
     </span>
     <span class='ocr_line' id='line_1_58' title="bbox 203 2697 1264 2739; baseline 0.003 -11"><span class='ocrx_word' id='word_1_535' title='bbox 203 2698 255 2736; x_wconf 73' lang='lat' dir='ltr'>qui</span> <span class='ocrx_word' id='word_1_536' title='bbox 264 2697 290 2727; x_wconf 92' lang='grc'>16</span> <span class='ocrx_word' id='word_1_537' title='bbox 305 2697 473 2728; x_wconf 86' lang='lat' dir='ltr'>conisaunce</span> <span class='ocrx_word' id='word_1_538' title='bbox 486 2697 521 2727; x_wconf 91' lang='lat' dir='ltr'>de</span> <span class='ocrx_word' id='word_1_539' title='bbox 536 2708 581 2728; x_wconf 89' lang='grc'>665</span> <span class='ocrx_word' id='word_1_540' title='bbox 593 2697 688 2728; x_wconf 79' lang='lat' dir='ltr'>choses</span> <span class='ocrx_word' id='word_1_541' title='bbox 700 2706 883 2738; x_wconf 86' lang='lat' dir='ltr'>apurtenent,</span> <span class='ocrx_word' id='word_1_542' title='bbox 901 2708 938 2728; x_wconf 89' lang='lat' dir='ltr'>en</span> <span class='ocrx_word' id='word_1_543' title='bbox 953 2698 1056 2729; x_wconf 89' lang='lat' dir='ltr'>conust</span> <span class='ocrx_word' id='word_1_544' title='bbox 1069 2709 1116 2739; x_wconf 84' lang='lat' dir='ltr'>par</span> <span class='ocrx_word' id='word_1_545' title='bbox 1127 2700 1201 2731; x_wconf 85' lang='lat' dir='ltr'>droit</span> <span class='ocrx_word' id='word_1_546' title='bbox 1214 2711 1264 2731; x_wconf 90' lang='lat' dir='ltr'>en-</span> 
     </span>
     <span class='ocr_line' id='line_1_59' title="bbox 207 2735 711 2774; baseline -0.004 -7"><span class='ocrx_word' id='word_1_547' title='bbox 207 2745 250 2767; x_wconf 89' lang='lat' dir='ltr'>tre</span> <span class='ocrx_word' id='word_1_548' title='bbox 265 2735 322 2774; x_wconf 83' lang='grc'><strong>1111,</strong></span> <span class='ocrx_word' id='word_1_549' title='bbox 337 2737 371 2767; x_wconf 87' lang='lat'>&amp;</span> <span class='ocrx_word' id='word_1_550' title='bbox 385 2736 480 2767; x_wconf 84' lang='lat' dir='ltr'>vostre</span> <span class='ocrx_word' id='word_1_551' title='bbox 494 2746 577 2774; x_wconf 88' lang='lat' dir='ltr'>pere,</span> <span class='ocrx_word' id='word_1_552' title='bbox 594 2737 627 2766; x_wconf 86' lang='lat'>&amp;</span> <span class='ocrx_word' id='word_1_553' title='bbox 642 2746 711 2774; x_wconf 79' lang='lat' dir='ltr'>vus3</span> 
     </span>
    </p>

    <p class='ocr_par' dir='ltr' id='par_1_21' title="bbox 206 2772 1265 2851">
     <span class='ocr_line' id='line_1_60' title="bbox 241 2772 1265 2814; baseline 0.005 -10"><span class='ocrx_word' id='word_1_554' title='bbox 241 2772 266 2804; x_wconf 92' lang='lat' dir='ltr'><strong>E</strong></span> <span class='ocrx_word' id='word_1_555' title='bbox 279 2774 314 2804; x_wconf 88' lang='lat' dir='ltr'>ke</span> <span class='ocrx_word' id='word_1_556' title='bbox 327 2785 378 2805; x_wconf 87' lang='lat' dir='ltr'>vus</span> <span class='ocrx_word' id='word_1_557' title='bbox 392 2775 521 2813; x_wconf 84' lang='lat' dir='ltr'>mettriez</span> <span class='ocrx_word' id='word_1_558' title='bbox 532 2774 625 2804; x_wconf 83' lang='lat' dir='ltr'>vostre</span> <span class='ocrx_word' id='word_1_559' title='bbox 640 2776 738 2814; x_wconf 82' lang='lat' dir='ltr'>peine,</span> <span class='ocrx_word' id='word_1_560' title='bbox 756 2784 817 2805; x_wconf 91' lang='lat' dir='ltr'>vers</span> <span class='ocrx_word' id='word_1_561' title='bbox 830 2774 925 2806; x_wconf 91' lang='lat' dir='ltr'>vostre</span> <span class='ocrx_word' id='word_1_562' title='bbox 931 2774 1018 2814; x_wconf 80' lang='lat' dir='ltr'>Fere,</span> <span class='ocrx_word' id='word_1_563' title='bbox 1036 2776 1071 2807; x_wconf 89' lang='lat' dir='ltr'>ke</span> <span class='ocrx_word' id='word_1_564' title='bbox 1084 2786 1100 2806; x_wconf 93' lang='lat' dir='ltr'>a</span> <span class='ocrx_word' id='word_1_565' title='bbox 1114 2776 1139 2808; x_wconf 89' lang='grc'>13</span> <span class='ocrx_word' id='word_1_566' title='bbox 1152 2777 1265 2809; x_wconf 87' lang='lat' dir='ltr'>volente</span> 
     </span>
     <span class='ocr_line' id='line_1_61' title="bbox 206 2812 717 2851; baseline 0 -8"><span class='ocrx_word' id='word_1_567' title='bbox 206 2812 323 2843; x_wconf 80' lang='lat' dir='ltr'>mesmes</span> <span class='ocrx_word' id='word_1_568' title='bbox 339 2812 400 2843; x_wconf 90' lang='lat' dir='ltr'>cele</span> <span class='ocrx_word' id='word_1_569' title='bbox 412 2812 507 2843; x_wconf 82' lang='lat' dir='ltr'>Dame</span> <span class='ocrx_word' id='word_1_570' title='bbox 523 2822 558 2842; x_wconf 91' lang='lat' dir='ltr'>en</span> <span class='ocrx_word' id='word_1_571' title='bbox 575 2812 631 2843; x_wconf 88' lang='lat' dir='ltr'>fust</span> <span class='ocrx_word' id='word_1_572' title='bbox 646 2813 717 2851; x_wconf 67' lang='lat' dir='ltr'>sete,</span> 
     </span>
    </p>

    <p class='ocr_par' dir='ltr' id='par_1_22' title="bbox 203 2848 1266 2958">
     <span class='ocr_line' id='line_1_62' title="bbox 243 2848 1266 2894; baseline 0.003 -13"><span class='ocrx_word' id='word_1_573' title='bbox 243 2850 268 2881; x_wconf 90' lang='lat' dir='ltr'>E</span> <span class='ocrx_word' id='word_1_574' title='bbox 284 2851 327 2881; x_wconf 89' lang='lat' dir='ltr'>ele</span> <span class='ocrx_word' id='word_1_575' title='bbox 343 2851 424 2881; x_wconf 78' lang='lat' dir='ltr'>leffee</span> <span class='ocrx_word' id='word_1_576' title='bbox 437 2850 460 2881; x_wconf 89' lang='lat' dir='ltr'>la</span> <span class='ocrx_word' id='word_1_577' title='bbox 481 2861 555 2891; x_wconf 84' lang='lat' dir='ltr'>voye</span> <span class='ocrx_word' id='word_1_578' title='bbox 570 2851 605 2881; x_wconf 86' lang='lat' dir='ltr'>de</span> <span class='ocrx_word' id='word_1_579' title='bbox 626 2860 689 2890; x_wconf 89' lang='lat' dir='ltr'>pees</span> <span class='ocrx_word' id='word_1_580' title='bbox 702 2852 736 2882; x_wconf 84' lang='lat'>&amp;</span> <span class='ocrx_word' id='word_1_581' title='bbox 750 2850 787 2881; x_wconf 90' lang='lat' dir='ltr'>de</span> <span class='ocrx_word' id='word_1_582' title='bbox 801 2848 893 2889; x_wconf 80' lang='lat' dir='ltr'>dreit,</span> <span class='ocrx_word' id='word_1_583' title='bbox 917 2851 1017 2883; x_wconf 76' lang='lat' dir='ltr'>s&#39;esteit</span> <span class='ocrx_word' id='word_1_584' title='bbox 1033 2852 1101 2890; x_wconf 87' lang='lat' dir='ltr'>prise</span> <span class='ocrx_word' id='word_1_585' title='bbox 1115 2865 1131 2884; x_wconf 98' lang='grc'>3</span> <span class='ocrx_word' id='word_1_586' title='bbox 1150 2854 1174 2884; x_wconf 88' lang='grc'>13</span> <span class='ocrx_word' id='word_1_587' title='bbox 1192 2864 1266 2894; x_wconf 92' lang='lat' dir='ltr'>voye</span> 
     </span>
     <span class='ocr_line' id='line_1_63' title="bbox 203 2887 1266 2958; baseline 0.004 -39"><span class='ocrx_word' id='word_1_588' title='bbox 203 2888 257 2958; x_wconf 47' lang='lat' dir='ltr'>dest?</span> <span class='ocrx_word' id='word_1_589' title='bbox 257 2897 355 2929; x_wconf 82' lang='lat' dir='ltr'>guerre</span> <span class='ocrx_word' id='word_1_590' title='bbox 375 2887 409 2920; x_wconf 65' lang='grc' dir='ltr'>ὃς</span> <span class='ocrx_word' id='word_1_591' title='bbox 427 2890 558 2928; x_wconf 84' lang='lat' dir='ltr'>d&#39;armes,</span> <span class='ocrx_word' id='word_1_592' title='bbox 575 2890 640 2921; x_wconf 83' lang='lat' dir='ltr'>sanz</span> <span class='ocrx_word' id='word_1_593' title='bbox 655 2888 713 2920; x_wconf 89' lang='lat' dir='ltr'>fere</span> <span class='ocrx_word' id='word_1_594' title='bbox 731 2890 780 2920; x_wconf 85' lang='lat' dir='ltr'>nul</span> <span class='ocrx_word' id='word_1_595' title='bbox 794 2890 904 2931; x_wconf 82' lang='lat' dir='ltr'>respons</span> <span class='ocrx_word' id='word_1_596' title='bbox 919 2901 935 2921; x_wconf 86' lang='grc'>3</span> <span class='ocrx_word' id='word_1_597' title='bbox 950 2900 988 2921; x_wconf 91' lang='grc'>60</span> <span class='ocrx_word' id='word_1_598' title='bbox 1004 2891 1039 2921; x_wconf 85' lang='lat' dir='ltr'>ke</span> <span class='ocrx_word' id='word_1_599' title='bbox 1060 2902 1112 2923; x_wconf 89' lang='lat' dir='ltr'>vus</span> <span class='ocrx_word' id='word_1_600' title='bbox 1132 2892 1170 2923; x_wconf 87' lang='lat' dir='ltr'>lui</span> <span class='ocrx_word' id='word_1_601' title='bbox 1185 2895 1266 2923; x_wconf 81' lang='lat' dir='ltr'>auiez</span> 
     </span>
     <span class='ocr_line' id='line_1_64' title="bbox 208 2935 950 2958; baseline 0.003 0"><span class='ocrx_word' id='word_1_602' title='bbox 208 2935 229 2958; x_wconf 87' lang='grc'>0</span> <span class='ocrx_word' id='word_1_603' title='bbox 253 2935 309 2958; x_wconf 92' lang='lat' dir='ltr'>ert·</span> <span class='ocrx_word' id='word_1_604' title='bbox 818 2938 823 2940; x_wconf 68' lang='grc'><strong><em>’</em></strong></span> <span class='ocrx_word' id='word_1_605' title='bbox 944 2935 950 2945; x_wconf 59' lang='lat'>⁸</span> 
     </span>
    </p>

    <p class='ocr_par' dir='ltr' id='par_1_23' title="bbox 208 2950 1267 3043">
     <span class='ocr_line' id='line_1_65' title="bbox 244 2950 1267 3006; baseline 0.005 -11"><span class='ocrx_word' id='word_1_606' title='bbox 244 2965 270 2995; x_wconf 92' lang='lat' dir='ltr'>E</span> <span class='ocrx_word' id='word_1_607' title='bbox 289 2950 325 2995; x_wconf 68' lang='lat' dir='ltr'>k⁷e</span> <span class='ocrx_word' id='word_1_608' title='bbox 344 2964 387 2994; x_wconf 89' lang='lat' dir='ltr'>ele</span> <span class='ocrx_word' id='word_1_609' title='bbox 408 2974 461 2994; x_wconf 90' lang='lat' dir='ltr'>nus</span> <span class='ocrx_word' id='word_1_610' title='bbox 480 2973 565 3004; x_wconf 87' lang='lat' dir='ltr'>avoyt</span> <span class='ocrx_word' id='word_1_611' title='bbox 585 2976 652 3006; x_wconf 81' lang='lat' dir='ltr'>prye</span> <span class='ocrx_word' id='word_1_612' title='bbox 674 2965 770 3006; x_wconf 81' lang='lat' dir='ltr'>d&#39;ayde</span> <span class='ocrx_word' id='word_1_613' title='bbox 784 2990 794 3005; x_wconf 87' lang='lat'>‚</span> <span class='ocrx_word' id='word_1_614' title='bbox 818 2968 851 2998; x_wconf 92' lang='lat'>&amp;</span> <span class='ocrx_word' id='word_1_615' title='bbox 866 2976 917 2997; x_wconf 84' lang='lat' dir='ltr'>nus</span> <span class='ocrx_word' id='word_1_616' title='bbox 932 2966 971 2996; x_wconf 90' lang='lat' dir='ltr'>lui</span> <span class='ocrx_word' id='word_1_617' title='bbox 992 2968 1100 2998; x_wconf 88' lang='lat' dir='ltr'>avioms</span> <span class='ocrx_word' id='word_1_618' title='bbox 1120 2969 1267 3000; x_wconf 87' lang='lat' dir='ltr'>abandone</span> 
     </span>
     <span class='ocr_line' id='line_1_66' title="bbox 208 3002 1136 3043; baseline 0.002 -8"><span class='ocrx_word' id='word_1_619' title='bbox 208 3003 303 3035; x_wconf 85' lang='lat' dir='ltr'>nostre</span> <span class='ocrx_word' id='word_1_620' title='bbox 316 3012 387 3033; x_wconf 89' lang='lat' dir='ltr'>terre</span> <span class='ocrx_word' id='word_1_621' title='bbox 402 3002 437 3033; x_wconf 87' lang='lat' dir='ltr'>de</span> <span class='ocrx_word' id='word_1_622' title='bbox 452 3002 630 3043; x_wconf 83' lang='lat' dir='ltr'>Gascoigne,</span> <span class='ocrx_word' id='word_1_623' title='bbox 647 3003 718 3036; x_wconf 82' lang='lat' dir='ltr'>dunt</span> <span class='ocrx_word' id='word_1_624' title='bbox 733 3016 784 3036; x_wconf 72' lang='lat' dir='ltr'>vus</span> <span class='ocrx_word' id='word_1_625' title='bbox 797 3005 883 3035; x_wconf 88' lang='lat' dir='ltr'>estiez</span> <span class='ocrx_word' id='word_1_626' title='bbox 895 3005 968 3035; x_wconf 87' lang='lat' dir='ltr'>mult</span> <span class='ocrx_word' id='word_1_627' title='bbox 984 3007 1136 3037; x_wconf 89' lang='lat' dir='ltr'>merveille.</span> 
     </span>
    </p>

    <p class='ocr_par' dir='ltr' id='par_1_24' title="bbox 207 3040 1268 3199">
     <span class='ocr_line' id='line_1_67' title="bbox 245 3040 1267 3084; baseline 0.007 -14"><span class='ocrx_word' id='word_1_628' title='bbox 245 3040 270 3071; x_wconf 90' lang='lat' dir='ltr'><strong>E</strong></span> <span class='ocrx_word' id='word_1_629' title='bbox 286 3051 354 3071; x_wconf 91' lang='lat' dir='ltr'>cum</span> <span class='ocrx_word' id='word_1_630' title='bbox 371 3051 422 3071; x_wconf 90' lang='lat' dir='ltr'>nus</span> <span class='ocrx_word' id='word_1_631' title='bbox 438 3041 567 3071; x_wconf 81' lang='lat' dir='ltr'>fuiflums</span> <span class='ocrx_word' id='word_1_632' title='bbox 585 3041 670 3073; x_wconf 90' lang='lat' dir='ltr'>l&#39;ome</span> <span class='ocrx_word' id='word_1_633' title='bbox 691 3043 734 3073; x_wconf 91' lang='lat' dir='ltr'>del</span> <span class='ocrx_word' id='word_1_634' title='bbox 756 3043 883 3074; x_wconf 86' lang='lat' dir='ltr'>mounde</span> <span class='ocrx_word' id='word_1_635' title='bbox 898 3066 908 3082; x_wconf 92' lang='lat'>,</span> <span class='ocrx_word' id='word_1_636' title='bbox 927 3053 1004 3082; x_wconf 81' lang='lat' dir='ltr'>apres</span> <span class='ocrx_word' id='word_1_637' title='bbox 1022 3045 1117 3076; x_wconf 86' lang='lat' dir='ltr'>vostre</span> <span class='ocrx_word' id='word_1_638' title='bbox 1132 3056 1213 3084; x_wconf 89' lang='lat' dir='ltr'>pere,</span> <span class='ocrx_word' id='word_1_639' title='bbox 1231 3055 1267 3076; x_wconf 86' lang='lat' dir='ltr'>en</span> 
     </span>
     <span class='ocr_line' id='line_1_68' title="bbox 207 3079 1268 3122; baseline 0.006 -13"><span class='ocrx_word' id='word_1_640' title='bbox 207 3080 257 3119; x_wconf 84' lang='lat' dir='ltr'>qui</span> <span class='ocrx_word' id='word_1_641' title='bbox 271 3089 322 3109; x_wconf 85' lang='lat' dir='ltr'>vus</span> <span class='ocrx_word' id='word_1_642' title='bbox 336 3080 415 3109; x_wconf 81' lang='lat' dir='ltr'>auiez</span> <span class='ocrx_word' id='word_1_643' title='bbox 433 3079 493 3117; x_wconf 87' lang='lat' dir='ltr'>plus</span> <span class='ocrx_word' id='word_1_644' title='bbox 508 3079 543 3109; x_wconf 89' lang='lat' dir='ltr'>de</span> <span class='ocrx_word' id='word_1_645' title='bbox 562 3079 671 3111; x_wconf 85' lang='lat' dir='ltr'>fiaunce</span> <span class='ocrx_word' id='word_1_646' title='bbox 688 3105 697 3119; x_wconf 95' lang='lat'>,</span> <span class='ocrx_word' id='word_1_647' title='bbox 722 3083 755 3112; x_wconf 89' lang='lat'>&amp;</span> <span class='ocrx_word' id='word_1_648' title='bbox 774 3083 823 3121; x_wconf 83' lang='lat' dir='ltr'>qui</span> <span class='ocrx_word' id='word_1_649' title='bbox 837 3082 897 3122; x_wconf 86' lang='lat' dir='ltr'>plus</span> <span class='ocrx_word' id='word_1_650' title='bbox 911 3082 967 3112; x_wconf 81' lang='lat' dir='ltr'>tost</span> <span class='ocrx_word' id='word_1_651' title='bbox 984 3084 1121 3121; x_wconf 88' lang='lat' dir='ltr'>requiriez</span> <span class='ocrx_word' id='word_1_652' title='bbox 1142 3096 1156 3114; x_wconf 87' lang='grc'>3</span> <span class='ocrx_word' id='word_1_653' title='bbox 1177 3084 1268 3115; x_wconf 85' lang='lat' dir='ltr'>vostre</span> 
     </span>
     <span class='ocr_line' id='line_1_69' title="bbox 208 3118 1267 3163; baseline 0.006 -16"><span class='ocrx_word' id='word_1_654' title='bbox 208 3118 362 3161; x_wconf 75' lang='lat' dir='ltr'>bosoigne,</span> <span class='ocrx_word' id='word_1_655' title='bbox 377 3128 391 3148; x_wconf 85' lang='lat' dir='ltr'>a</span> <span class='ocrx_word' id='word_1_656' title='bbox 406 3119 455 3158; x_wconf 87' lang='lat' dir='ltr'>qui</span> <span class='ocrx_word' id='word_1_657' title='bbox 466 3127 517 3147; x_wconf 85' lang='lat' dir='ltr'>vus</span> <span class='ocrx_word' id='word_1_658' title='bbox 530 3120 685 3149; x_wconf 87' lang='lat' dir='ltr'>trouerium</span> <span class='ocrx_word' id='word_1_659' title='bbox 700 3121 761 3159; x_wconf 85' lang='lat' dir='ltr'>plus</span> <span class='ocrx_word' id='word_1_660' title='bbox 780 3121 968 3151; x_wconf 80' lang='lat' dir='ltr'>abaundonne</span> <span class='ocrx_word' id='word_1_661' title='bbox 981 3132 996 3152; x_wconf 88' lang='lat' dir='ltr'>a</span> <span class='ocrx_word' id='word_1_662' title='bbox 1011 3122 1105 3153; x_wconf 88' lang='lat' dir='ltr'>vostre</span> <span class='ocrx_word' id='word_1_663' title='bbox 1120 3123 1267 3163; x_wconf 85' lang='lat' dir='ltr'>besoigne,</span> 
     </span>
     <span class='ocr_line' id='line_1_70' title="bbox 209 3155 1268 3199; baseline 0.005 -12"><span class='ocrx_word' id='word_1_664' title='bbox 209 3157 244 3187; x_wconf 90' lang='lat'>&amp;</span> <span class='ocrx_word' id='word_1_665' title='bbox 257 3159 310 3187; x_wconf 75' lang='lat' dir='ltr'>auli</span> <span class='ocrx_word' id='word_1_666' title='bbox 326 3155 415 3186; x_wconf 81' lang='lat' dir='ltr'>ferrez</span> <span class='ocrx_word' id='word_1_667' title='bbox 430 3166 481 3186; x_wconf 88' lang='lat' dir='ltr'>vus</span> <span class='ocrx_word' id='word_1_668' title='bbox 497 3166 548 3186; x_wconf 86' lang='lat' dir='ltr'>nus</span> <span class='ocrx_word' id='word_1_669' title='bbox 563 3157 671 3187; x_wconf 79' lang='lat' dir='ltr'>sicome</span> <span class='ocrx_word' id='word_1_670' title='bbox 693 3159 856 3189; x_wconf 87' lang='lat' dir='ltr'>maintefoiz</span> <span class='ocrx_word' id='word_1_671' title='bbox 879 3169 931 3190; x_wconf 91' lang='lat' dir='ltr'>vus</span> <span class='ocrx_word' id='word_1_672' title='bbox 949 3160 1045 3190; x_wconf 82' lang='lat' dir='ltr'>aviorn</span> <span class='ocrx_word' id='word_1_673' title='bbox 1085 3163 1194 3199; x_wconf 64' lang='lat' dir='ltr'>romis,</span> <span class='ocrx_word' id='word_1_674' title='bbox 1217 3172 1268 3192; x_wconf 81' lang='lat' dir='ltr'>vus</span> 
     </span>
    </p>
   </div>
   <div class='ocr_carea' id='block_1_17' title="bbox 210 3194 1270 3350">
    <p class='ocr_par' dir='ltr' id='par_1_25' title="bbox 210 3194 1270 3301">
     <span class='ocr_line' id='line_1_71' title="bbox 210 3194 1270 3239; baseline 0.005 -14"><span class='ocrx_word' id='word_1_675' title='bbox 210 3205 266 3225; x_wconf 91' lang='lat' dir='ltr'>nus</span> <span class='ocrx_word' id='word_1_676' title='bbox 281 3195 420 3233; x_wconf 86' lang='lat' dir='ltr'>requiriez</span> <span class='ocrx_word' id='word_1_677' title='bbox 433 3194 468 3224; x_wconf 88' lang='lat' dir='ltr'>ke</span> <span class='ocrx_word' id='word_1_678' title='bbox 483 3204 534 3224; x_wconf 92' lang='lat' dir='ltr'>nus</span> <span class='ocrx_word' id='word_1_679' title='bbox 550 3195 594 3224; x_wconf 91' lang='lat' dir='ltr'>cel</span> <span class='ocrx_word' id='word_1_680' title='bbox 613 3196 717 3226; x_wconf 89' lang='lat' dir='ltr'>conseil</span> <span class='ocrx_word' id='word_1_681' title='bbox 737 3197 866 3228; x_wconf 79' lang='lat' dir='ltr'>meiffom</span> <span class='ocrx_word' id='word_1_682' title='bbox 882 3222 891 3237; x_wconf 93' lang='lat'>,</span> <span class='ocrx_word' id='word_1_683' title='bbox 917 3208 952 3228; x_wconf 89' lang='lat' dir='ltr'>en</span> <span class='ocrx_word' id='word_1_684' title='bbox 971 3198 1047 3228; x_wconf 90' lang='lat' dir='ltr'>ceste</span> <span class='ocrx_word' id='word_1_685' title='bbox 1088 3201 1215 3239; x_wconf 84' lang='lat' dir='ltr'>osoigne,</span> <span class='ocrx_word' id='word_1_686' title='bbox 1234 3201 1270 3230; x_wconf 91' lang='lat' dir='ltr'>ke</span> 
     </span>
     <span class='ocr_line' id='line_1_72' title="bbox 211 3232 1269 3277; baseline 0.007 -15"><span class='ocrx_word' id='word_1_687' title='bbox 211 3243 251 3263; x_wconf 92' lang='lat' dir='ltr'>co</span> <span class='ocrx_word' id='word_1_688' title='bbox 263 3255 274 3271; x_wconf 83' lang='lat'>,</span> <span class='ocrx_word' id='word_1_689' title='bbox 293 3234 328 3263; x_wconf 87' lang='lat' dir='ltr'>ke</span> <span class='ocrx_word' id='word_1_690' title='bbox 342 3241 409 3270; x_wconf 86' lang='lat' dir='ltr'>puet</span> <span class='ocrx_word' id='word_1_691' title='bbox 428 3232 500 3262; x_wconf 88' lang='lat' dir='ltr'>estre</span> <span class='ocrx_word' id='word_1_692' title='bbox 517 3232 674 3264; x_wconf 86' lang='lat' dir='ltr'>determine</span> <span class='ocrx_word' id='word_1_693' title='bbox 689 3245 735 3274; x_wconf 82' lang='lat' dir='ltr'>par</span> <span class='ocrx_word' id='word_1_694' title='bbox 755 3236 828 3267; x_wconf 91' lang='lat' dir='ltr'>droit</span> <span class='ocrx_word' id='word_1_695' title='bbox 848 3238 881 3268; x_wconf 88' lang='lat'>&amp;</span> <span class='ocrx_word' id='word_1_696' title='bbox 896 3236 960 3267; x_wconf 83' lang='lat' dir='ltr'>sanz</span> <span class='ocrx_word' id='word_1_697' title='bbox 978 3238 1047 3275; x_wconf 85' lang='lat' dir='ltr'>peril</span> <span class='ocrx_word' id='word_1_698' title='bbox 1061 3262 1071 3277; x_wconf 87' lang='lat'>,</span> <span class='ocrx_word' id='word_1_699' title='bbox 1093 3249 1129 3269; x_wconf 90' lang='lat' dir='ltr'>ne</span> <span class='ocrx_word' id='word_1_700' title='bbox 1143 3239 1198 3269; x_wconf 85' lang='lat' dir='ltr'>fust</span> <span class='ocrx_word' id='word_1_701' title='bbox 1212 3240 1269 3269; x_wconf 89' lang='lat' dir='ltr'>mie</span> 
     </span>
     <span class='ocr_line' id='line_1_73' title="bbox 212 3271 542 3301; baseline -0.003 0"><span class='ocrx_word' id='word_1_702' title='bbox 212 3272 265 3301; x_wconf 89' lang='lat' dir='ltr'>mis</span> <span class='ocrx_word' id='word_1_703' title='bbox 277 3281 313 3300; x_wconf 89' lang='lat' dir='ltr'>en</span> <span class='ocrx_word' id='word_1_704' title='bbox 326 3272 404 3301; x_wconf 82' lang='lat' dir='ltr'>force</span> <span class='ocrx_word' id='word_1_705' title='bbox 419 3271 542 3301; x_wconf 82' lang='lat' dir='ltr'>d&#39;armes.</span> 
     </span>
    </p>

    <p class='ocr_par' dir='ltr' id='par_1_26' title="bbox 252 3308 1267 3350">
     <span class='ocr_line' id='line_1_74' title="bbox 252 3308 1267 3350; baseline 0.008 -12"><span class='ocrx_word' id='word_1_706' title='bbox 252 3308 276 3339; x_wconf 80' lang='lat' dir='ltr'>A</span> <span class='ocrx_word' id='word_1_707' title='bbox 290 3309 315 3339; x_wconf 91' lang='grc'>13</span> <span class='ocrx_word' id='word_1_708' title='bbox 326 3319 400 3348; x_wconf 90' lang='lat' dir='ltr'>queu</span> <span class='ocrx_word' id='word_1_709' title='bbox 416 3308 499 3339; x_wconf 80' lang='lat' dir='ltr'>chose</span> <span class='ocrx_word' id='word_1_710' title='bbox 509 3320 559 3339; x_wconf 81' lang='lat' dir='ltr'>nus</span> <span class='ocrx_word' id='word_1_711' title='bbox 573 3321 624 3340; x_wconf 77' lang='lat' dir='ltr'>vus</span> <span class='ocrx_word' id='word_1_712' title='bbox 638 3310 806 3350; x_wconf 86' lang='lat' dir='ltr'>responons,</span> <span class='ocrx_word' id='word_1_713' title='bbox 820 3312 854 3343; x_wconf 89' lang='lat' dir='ltr'>ke</span> <span class='ocrx_word' id='word_1_714' title='bbox 871 3322 913 3344; x_wconf 90' lang='lat' dir='ltr'>tut</span> <span class='ocrx_word' id='word_1_715' title='bbox 926 3313 978 3344; x_wconf 87' lang='lat' dir='ltr'>soit</span> <span class='ocrx_word' id='word_1_716' title='bbox 991 3325 1029 3345; x_wconf 93' lang='grc'>60</span> <span class='ocrx_word' id='word_1_717' title='bbox 1043 3317 1103 3345; x_wconf 92' lang='lat' dir='ltr'>voir</span> <span class='ocrx_word' id='word_1_718' title='bbox 1114 3316 1148 3346; x_wconf 87' lang='lat' dir='ltr'>ke</span> <span class='ocrx_word' id='word_1_719' title='bbox 1162 3326 1212 3345; x_wconf 85' lang='lat' dir='ltr'>nus</span> <span class='ocrx_word' id='word_1_720' title='bbox 1226 3316 1267 3345; x_wconf 86' lang='lat' dir='ltr'>fe-</span> 
     </span>
    </p>
   </div>
   <div class='ocr_carea' id='block_1_18' title="bbox 210 3353 1267 3424">
    <p class='ocr_par' dir='ltr' id='par_1_27' title="bbox 210 3353 1267 3424">
     <span class='ocr_line' id='line_1_75' title="bbox 210 3353 1267 3393; baseline 0.009 -16"><span class='ocrx_word' id='word_1_721' title='bbox 210 3357 274 3378; x_wconf 89' lang='lat' dir='ltr'>rum</span> <span class='ocrx_word' id='word_1_722' title='bbox 289 3357 340 3388; x_wconf 86' lang='lat' dir='ltr'>pur</span> <span class='ocrx_word' id='word_1_723' title='bbox 354 3358 403 3378; x_wconf 82' lang='lat' dir='ltr'>vus</span> <span class='ocrx_word' id='word_1_724' title='bbox 416 3356 509 3378; x_wconf 72' lang='lat' dir='ltr'>amant</span> <span class='ocrx_word' id='word_1_725' title='bbox 521 3358 604 3379; x_wconf 85' lang='lat' dir='ltr'>come</span> <span class='ocrx_word' id='word_1_726' title='bbox 625 3359 676 3379; x_wconf 85' lang='lat' dir='ltr'>nus</span> <span class='ocrx_word' id='word_1_727' title='bbox 697 3360 814 3388; x_wconf 85' lang='lat' dir='ltr'>purrum</span> <span class='ocrx_word' id='word_1_728' title='bbox 830 3361 882 3389; x_wconf 86' lang='lat' dir='ltr'>pur</span> <span class='ocrx_word' id='word_1_729' title='bbox 896 3353 946 3383; x_wconf 87' lang='lat' dir='ltr'>nul</span> <span class='ocrx_word' id='word_1_730' title='bbox 961 3363 1038 3384; x_wconf 76' lang='lat' dir='ltr'>autre</span> <span class='ocrx_word' id='word_1_731' title='bbox 1056 3355 1144 3385; x_wconf 88' lang='lat' dir='ltr'>home</span> <span class='ocrx_word' id='word_1_732' title='bbox 1155 3378 1164 3392; x_wconf 85' lang='lat'>,</span> <span class='ocrx_word' id='word_1_733' title='bbox 1187 3365 1201 3385; x_wconf 85' lang='lat' dir='ltr'>a</span> <span class='ocrx_word' id='word_1_734' title='bbox 1218 3356 1267 3393; x_wconf 85' lang='lat' dir='ltr'>qui</span> 
     </span>
     <span class='ocr_line' id='line_1_76' title="bbox 215 3385 535 3424; baseline -0.003 -8"><span class='ocrx_word' id='word_1_735' title='bbox 215 3393 251 3417; x_wconf 85' lang='lat' dir='ltr'>ne</span> <span class='ocrx_word' id='word_1_736' title='bbox 264 3385 356 3416; x_wconf 85' lang='lat' dir='ltr'>fusum</span> <span class='ocrx_word' id='word_1_737' title='bbox 371 3385 432 3424; x_wconf 77' lang='lat' dir='ltr'>pius</span> <span class='ocrx_word' id='word_1_738' title='bbox 447 3395 535 3424; x_wconf 71' lang='lat' dir='ltr'>tenu3</span> 
     </span>
    </p>
   </div>
   <div class='ocr_carea' id='block_1_19' title="bbox 209 3423 1273 4079">
    <p class='ocr_par' dir='ltr' id='par_1_28' title="bbox 209 3423 1267 3648">
     <span class='ocr_line' id='line_1_77' title="bbox 250 3423 1267 3471; baseline 0.007 -17"><span class='ocrx_word' id='word_1_739' title='bbox 250 3424 293 3455; x_wconf 85' lang='lat' dir='ltr'>Le</span> <span class='ocrx_word' id='word_1_740' title='bbox 310 3423 420 3462; x_wconf 86' lang='lat' dir='ltr'>Mardi,</span> <span class='ocrx_word' id='word_1_741' title='bbox 439 3425 561 3454; x_wconf 77' lang='lat' dir='ltr'>devaunt</span> <span class='ocrx_word' id='word_1_742' title='bbox 574 3434 611 3454; x_wconf 95' lang='grc'>60</span> <span class='ocrx_word' id='word_1_743' title='bbox 627 3425 662 3454; x_wconf 88' lang='lat' dir='ltr'>ke</span> <span class='ocrx_word' id='word_1_744' title='bbox 675 3431 726 3455; x_wconf 82' lang='lat' dir='ltr'>nus</span> <span class='ocrx_word' id='word_1_745' title='bbox 741 3433 866 3458; x_wconf 81' lang='lat' dir='ltr'>recumes</span> <span class='ocrx_word' id='word_1_746' title='bbox 879 3438 930 3459; x_wconf 89' lang='lat' dir='ltr'>vos</span> <span class='ocrx_word' id='word_1_747' title='bbox 943 3429 1049 3471; x_wconf 73' lang='lat' dir='ltr'>lettres,</span> <span class='ocrx_word' id='word_1_748' title='bbox 1068 3443 1118 3462; x_wconf 88' lang='lat' dir='ltr'>nus</span> <span class='ocrx_word' id='word_1_749' title='bbox 1137 3431 1267 3462; x_wconf 89' lang='lat' dir='ltr'>vindrent</span> 
     </span>
     <span class='ocr_line' id='line_1_78' title="bbox 212 3463 1266 3509; baseline 0.007 -17"><span class='ocrx_word' id='word_1_750' title='bbox 212 3463 248 3493; x_wconf 78' lang='lat' dir='ltr'>les</span> <span class='ocrx_word' id='word_1_751' title='bbox 263 3463 353 3493; x_wconf 72' lang='lat' dir='ltr'>lettres</span> <span class='ocrx_word' id='word_1_752' title='bbox 371 3463 511 3493; x_wconf 85' lang='lat' dir='ltr'>lavantdiz</span> <span class='ocrx_word' id='word_1_753' title='bbox 534 3463 626 3494; x_wconf 80' lang='lat' dir='ltr'>nostre</span> <span class='ocrx_word' id='word_1_754' title='bbox 645 3464 782 3504; x_wconf 73' lang='lat' dir='ltr'>Taunte3</span> <span class='ocrx_word' id='word_1_755' title='bbox 805 3475 852 3502; x_wconf 86' lang='lat' dir='ltr'>par</span> <span class='ocrx_word' id='word_1_756' title='bbox 871 3466 908 3497; x_wconf 92' lang='lat' dir='ltr'>les</span> <span class='ocrx_word' id='word_1_757' title='bbox 927 3470 1019 3507; x_wconf 80' lang='lat' dir='ltr'>queles</span> <span class='ocrx_word' id='word_1_758' title='bbox 1036 3472 1076 3501; x_wconf 81' lang='lat' dir='ltr'>ele</span> <span class='ocrx_word' id='word_1_759' title='bbox 1096 3481 1146 3501; x_wconf 86' lang='lat' dir='ltr'>nus</span> <span class='ocrx_word' id='word_1_760' title='bbox 1165 3470 1266 3509; x_wconf 85' lang='lat' dir='ltr'>requist</span> 
     </span>
     <span class='ocr_line' id='line_1_79' title="bbox 209 3501 1266 3549; baseline 0.006 -17"><span class='ocrx_word' id='word_1_761' title='bbox 209 3501 304 3532; x_wconf 87' lang='lat' dir='ltr'>nostre</span> <span class='ocrx_word' id='word_1_762' title='bbox 316 3501 386 3542; x_wconf 89' lang='lat' dir='ltr'>ayde</span> <span class='ocrx_word' id='word_1_763' title='bbox 399 3511 435 3531; x_wconf 88' lang='lat' dir='ltr'>en</span> <span class='ocrx_word' id='word_1_764' title='bbox 448 3502 470 3531; x_wconf 88' lang='lat' dir='ltr'>la</span> <span class='ocrx_word' id='word_1_765' title='bbox 485 3501 619 3541; x_wconf 81' lang='lat' dir='ltr'>bosoigne</span> <span class='ocrx_word' id='word_1_766' title='bbox 631 3501 776 3544; x_wconf 76' lang='lat' dir='ltr'>desusdite3</span> <span class='ocrx_word' id='word_1_767' title='bbox 794 3504 865 3534; x_wconf 77' lang='lat' dir='ltr'>dunt</span> <span class='ocrx_word' id='word_1_768' title='bbox 875 3515 927 3535; x_wconf 88' lang='lat' dir='ltr'>nus</span> <span class='ocrx_word' id='word_1_769' title='bbox 938 3507 1029 3538; x_wconf 80' lang='lat' dir='ltr'>fumes</span> <span class='ocrx_word' id='word_1_770' title='bbox 1041 3520 1076 3539; x_wconf 89' lang='lat' dir='ltr'>en</span> <span class='ocrx_word' id='word_1_771' title='bbox 1090 3517 1169 3549; x_wconf 80' lang='lat' dir='ltr'>grant</span> <span class='ocrx_word' id='word_1_772' title='bbox 1181 3510 1266 3539; x_wconf 69' lang='lat' dir='ltr'>eliver</span> 
     </span>
     <span class='ocr_line' id='line_1_80' title="bbox 210 3539 1266 3585; baseline 0.008 -16"><span class='ocrx_word' id='word_1_773' title='bbox 210 3539 247 3570; x_wconf 79' lang='lat' dir='ltr'>ke</span> <span class='ocrx_word' id='word_1_774' title='bbox 259 3547 309 3570; x_wconf 81' lang='lat' dir='ltr'>nus</span> <span class='ocrx_word' id='word_1_775' title='bbox 323 3543 358 3569; x_wconf 83' lang='lat' dir='ltr'>en</span> <span class='ocrx_word' id='word_1_776' title='bbox 374 3539 494 3579; x_wconf 81' lang='lat' dir='ltr'>puiffons</span> <span class='ocrx_word' id='word_1_777' title='bbox 509 3540 566 3569; x_wconf 79' lang='lat' dir='ltr'>fere</span> <span class='ocrx_word' id='word_1_778' title='bbox 581 3540 644 3570; x_wconf 88' lang='lat' dir='ltr'>sanz</span> <span class='ocrx_word' id='word_1_779' title='bbox 656 3540 773 3571; x_wconf 85' lang='lat' dir='ltr'>meffere</span> <span class='ocrx_word' id='word_1_780' title='bbox 788 3551 838 3572; x_wconf 82' lang='lat' dir='ltr'>nus</span> <span class='ocrx_word' id='word_1_781' title='bbox 852 3553 890 3573; x_wconf 89' lang='lat' dir='ltr'>ou</span> <span class='ocrx_word' id='word_1_782' title='bbox 906 3553 967 3575; x_wconf 87' lang='lat' dir='ltr'>vers</span> <span class='ocrx_word' id='word_1_783' title='bbox 980 3547 1019 3577; x_wconf 90' lang='lat' dir='ltr'>lui</span> <span class='ocrx_word' id='word_1_784' title='bbox 1035 3558 1075 3578; x_wconf 92' lang='lat' dir='ltr'>ou</span> <span class='ocrx_word' id='word_1_785' title='bbox 1090 3557 1149 3578; x_wconf 88' lang='lat' dir='ltr'>vers</span> <span class='ocrx_word' id='word_1_786' title='bbox 1166 3557 1233 3585; x_wconf 82' lang='lat' dir='ltr'>vus,</span> <span class='ocrx_word' id='word_1_787' title='bbox 1251 3557 1266 3577; x_wconf 89' lang='lat' dir='ltr'>a</span> 
     </span>
     <span class='ocr_line' id='line_1_81' title="bbox 210 3578 1267 3625; baseline 0.006 -16"><span class='ocrx_word' id='word_1_788' title='bbox 210 3578 260 3625; x_wconf 71' lang='lat' dir='ltr'>qui</span> <span class='ocrx_word' id='word_1_789' title='bbox 273 3586 326 3609; x_wconf 77' lang='lat' dir='ltr'>nus</span> <span class='ocrx_word' id='word_1_790' title='bbox 338 3578 426 3609; x_wconf 84' lang='lat' dir='ltr'>sumes</span> <span class='ocrx_word' id='word_1_791' title='bbox 441 3586 500 3609; x_wconf 85' lang='lat' dir='ltr'>tant</span> <span class='ocrx_word' id='word_1_792' title='bbox 510 3587 593 3618; x_wconf 83' lang='lat' dir='ltr'>tenu,</span> <span class='ocrx_word' id='word_1_793' title='bbox 611 3588 696 3609; x_wconf 87' lang='lat' dir='ltr'>corne</span> <span class='ocrx_word' id='word_1_794' title='bbox 707 3588 759 3609; x_wconf 85' lang='lat' dir='ltr'>nus</span> <span class='ocrx_word' id='word_1_795' title='bbox 771 3589 862 3617; x_wconf 86' lang='lat' dir='ltr'>poons</span> <span class='ocrx_word' id='word_1_796' title='bbox 874 3581 946 3614; x_wconf 90' lang='lat' dir='ltr'>estre</span> <span class='ocrx_word' id='word_1_797' title='bbox 959 3593 975 3614; x_wconf 90' lang='lat' dir='ltr'>a</span> <span class='ocrx_word' id='word_1_798' title='bbox 990 3587 1039 3616; x_wconf 87' lang='lat' dir='ltr'>nul</span> <span class='ocrx_word' id='word_1_799' title='bbox 1053 3587 1139 3617; x_wconf 83' lang='lat' dir='ltr'>horne</span> <span class='ocrx_word' id='word_1_800' title='bbox 1154 3587 1202 3624; x_wconf 89' lang='lat' dir='ltr'>qui</span> <span class='ocrx_word' id='word_1_801' title='bbox 1217 3594 1267 3615; x_wconf 90' lang='lat' dir='ltr'>ore</span> 
     </span>
     <span class='ocr_line' id='line_1_82' title="bbox 211 3624 286 3648; baseline -0.013 0"><span class='ocrx_word' id='word_1_802' title='bbox 211 3624 286 3648; x_wconf 64' lang='grc' dir='ltr'>ΜΕ.</span> 
     </span>
    </p>

    <p class='ocr_par' dir='ltr' id='par_1_29' title="bbox 210 3653 1269 4001">
     <span class='ocr_line' id='line_1_83' title="bbox 247 3653 1268 3695; baseline 0.007 -9"><span class='ocrx_word' id='word_1_803' title='bbox 247 3655 292 3694; x_wconf 87' lang='grc' dir='ltr'>Ε,</span> <span class='ocrx_word' id='word_1_804' title='bbox 309 3664 324 3684; x_wconf 90' lang='grc'>3</span> <span class='ocrx_word' id='word_1_805' title='bbox 338 3653 363 3685; x_wconf 77' lang='lat' dir='ltr'>la</span> <span class='ocrx_word' id='word_1_806' title='bbox 375 3654 432 3694; x_wconf 85' lang='lat' dir='ltr'>fin,</span> <span class='ocrx_word' id='word_1_807' title='bbox 449 3655 576 3695; x_wconf 83' lang='lat' dir='ltr'>regardee</span> <span class='ocrx_word' id='word_1_808' title='bbox 595 3655 730 3694; x_wconf 82' lang='lat' dir='ltr'>l&#39;amour‚</span> <span class='ocrx_word' id='word_1_809' title='bbox 749 3655 786 3686; x_wconf 89' lang='lat' dir='ltr'>ke</span> <span class='ocrx_word' id='word_1_810' title='bbox 803 3656 971 3691; x_wconf 87' lang='lat' dir='ltr'>lauauntdite</span> <span class='ocrx_word' id='word_1_811' title='bbox 986 3661 1081 3691; x_wconf 86' lang='lat' dir='ltr'>nostre</span> <span class='ocrx_word' id='word_1_812' title='bbox 1095 3660 1190 3692; x_wconf 82' lang='lat' dir='ltr'>Taunt</span> <span class='ocrx_word' id='word_1_813' title='bbox 1205 3672 1219 3692; x_wconf 85' lang='lat' dir='ltr'>a</span> <span class='ocrx_word' id='word_1_814' title='bbox 1233 3671 1268 3693; x_wconf 91' lang='lat' dir='ltr'>eu</span> 
     </span>
     <span class='ocr_line' id='line_1_84' title="bbox 211 3694 1267 3739; baseline 0.008 -16"><span class='ocrx_word' id='word_1_815' title='bbox 211 3698 264 3724; x_wconf 71' lang='lat' dir='ltr'>{uz</span> <span class='ocrx_word' id='word_1_816' title='bbox 277 3695 330 3732; x_wconf 71' lang='lat' dir='ltr'>jurs</span> <span class='ocrx_word' id='word_1_817' title='bbox 341 3704 357 3723; x_wconf 79' lang='lat' dir='ltr'>a</span> <span class='ocrx_word' id='word_1_818' title='bbox 370 3703 436 3724; x_wconf 70' lang='lat' dir='ltr'>nus:</span> <span class='ocrx_word' id='word_1_819' title='bbox 453 3704 469 3724; x_wconf 95' lang='lat' dir='ltr'>e</span> <span class='ocrx_word' id='word_1_820' title='bbox 481 3694 618 3734; x_wconf 84' lang='lat' dir='ltr'>regardees</span> <span class='ocrx_word' id='word_1_821' title='bbox 632 3694 669 3724; x_wconf 80' lang='lat' dir='ltr'>les</span> <span class='ocrx_word' id='word_1_822' title='bbox 681 3695 794 3732; x_wconf 66' lang='lat' dir='ltr'>ennuis,</span> <span class='ocrx_word' id='word_1_823' title='bbox 812 3695 847 3725; x_wconf 88' lang='lat' dir='ltr'>ke</span> <span class='ocrx_word' id='word_1_824' title='bbox 859 3696 900 3727; x_wconf 88' lang='lat' dir='ltr'>ele</span> <span class='ocrx_word' id='word_1_825' title='bbox 915 3701 992 3729; x_wconf 88' lang='lat' dir='ltr'>avoit</span> <span class='ocrx_word' id='word_1_826' title='bbox 1004 3709 1055 3738; x_wconf 86' lang='lat' dir='ltr'>pur</span> <span class='ocrx_word' id='word_1_827' title='bbox 1070 3710 1135 3730; x_wconf 79' lang='lat' dir='ltr'>nus:</span> <span class='ocrx_word' id='word_1_828' title='bbox 1155 3701 1188 3731; x_wconf 90' lang='lat'>&amp;</span> <span class='ocrx_word' id='word_1_829' title='bbox 1203 3700 1267 3739; x_wconf 84' lang='lat' dir='ltr'>l‘ay-</span> 
     </span>
     <span class='ocr_line' id='line_1_85' title="bbox 210 3731 1268 3777; baseline 0.008 -16"><span class='ocrx_word' id='word_1_830' title='bbox 210 3731 266 3771; x_wconf 91' lang='lat' dir='ltr'>de,</span> <span class='ocrx_word' id='word_1_831' title='bbox 286 3733 321 3762; x_wconf 89' lang='lat' dir='ltr'>ke</span> <span class='ocrx_word' id='word_1_832' title='bbox 333 3733 376 3762; x_wconf 89' lang='lat' dir='ltr'>ele</span> <span class='ocrx_word' id='word_1_833' title='bbox 390 3742 441 3762; x_wconf 89' lang='lat' dir='ltr'>nus</span> <span class='ocrx_word' id='word_1_834' title='bbox 459 3732 504 3762; x_wconf 85' lang='lat' dir='ltr'>fist</span> <span class='ocrx_word' id='word_1_835' title='bbox 520 3741 579 3763; x_wconf 86' lang='lat' dir='ltr'>tant</span> <span class='ocrx_word' id='word_1_836' title='bbox 600 3742 667 3763; x_wconf 90' lang='lat' dir='ltr'>corn</span> <span class='ocrx_word' id='word_1_837' title='bbox 686 3742 736 3762; x_wconf 81' lang='lat' dir='ltr'>nus</span> <span class='ocrx_word' id='word_1_838' title='bbox 752 3732 842 3762; x_wconf 83' lang='lat' dir='ltr'>fumes</span> <span class='ocrx_word' id='word_1_839' title='bbox 863 3743 899 3764; x_wconf 92' lang='lat' dir='ltr'>en</span> <span class='ocrx_word' id='word_1_840' title='bbox 940 3737 1107 3769; x_wconf 89' lang='lat' dir='ltr'>ersecutions</span> <span class='ocrx_word' id='word_1_841' title='bbox 1121 3749 1138 3768; x_wconf 91' lang='lat' dir='ltr'>e</span> <span class='ocrx_word' id='word_1_842' title='bbox 1153 3741 1268 3777; x_wconf 71' lang='lat' dir='ltr'>ennuis,</span> 
     </span>
     <span class='ocr_line' id='line_1_86' title="bbox 211 3770 1267 3815; baseline 0.009 -16"><span class='ocrx_word' id='word_1_843' title='bbox 211 3778 231 3799; x_wconf 82' lang='lat' dir='ltr'>e</span> <span class='ocrx_word' id='word_1_844' title='bbox 241 3771 370 3810; x_wconf 73' lang='lat' dir='ltr'>regardee</span> <span class='ocrx_word' id='word_1_845' title='bbox 383 3770 418 3800; x_wconf 88' lang='lat' dir='ltr'>ke</span> <span class='ocrx_word' id='word_1_846' title='bbox 429 3770 453 3801; x_wconf 91' lang='lat' dir='ltr'>le</span> <span class='ocrx_word' id='word_1_847' title='bbox 465 3770 598 3801; x_wconf 74' lang='lat' dir='ltr'>besoione</span> <span class='ocrx_word' id='word_1_848' title='bbox 612 3770 696 3801; x_wconf 87' lang='lat' dir='ltr'>tuche</span> <span class='ocrx_word' id='word_1_849' title='bbox 711 3771 765 3800; x_wconf 76' lang='lat' dir='ltr'>ausi</span> <span class='ocrx_word' id='word_1_850' title='bbox 779 3771 845 3801; x_wconf 89' lang='lat' dir='ltr'>bien</span> <span class='ocrx_word' id='word_1_851' title='bbox 865 3781 904 3802; x_wconf 91' lang='lat' dir='ltr'>no</span> <span class='ocrx_word' id='word_1_852' title='bbox 931 3785 959 3804; x_wconf 88' lang='lat' dir='ltr'>re</span> <span class='ocrx_word' id='word_1_853' title='bbox 974 3775 1070 3807; x_wconf 86' lang='lat' dir='ltr'>Darne</span> <span class='ocrx_word' id='word_1_854' title='bbox 1084 3778 1117 3807; x_wconf 89' lang='lat'>&amp;</span> <span class='ocrx_word' id='word_1_855' title='bbox 1134 3776 1234 3815; x_wconf 88' lang='lat' dir='ltr'>Mere,</span> <span class='ocrx_word' id='word_1_856' title='bbox 1253 3789 1267 3808; x_wconf 89' lang='lat' dir='ltr'>a</span> 
     </span>
     <span class='ocr_line' id='line_1_87' title="bbox 210 3796 1268 3851; baseline 0.008 -13"><span class='ocrx_word' id='word_1_857' title='bbox 210 3809 258 3846; x_wconf 81' lang='lat' dir='ltr'>qui</span> <span class='ocrx_word' id='word_1_858' title='bbox 276 3819 329 3840; x_wconf 73' lang='lat' dir='ltr'>nus</span> <span class='ocrx_word' id='word_1_859' title='bbox 347 3810 454 3847; x_wconf 78' lang='lat' dir='ltr'>sumeS,</span> <span class='ocrx_word' id='word_1_860' title='bbox 472 3810 532 3847; x_wconf 86' lang='lat' dir='ltr'>puis</span> <span class='ocrx_word' id='word_1_861' title='bbox 544 3796 582 3840; x_wconf 64' lang='lat' dir='ltr'>ke</span> <span class='ocrx_word' id='word_1_862' title='bbox 598 3809 691 3839; x_wconf 72' lang='lat' dir='ltr'>nost-re</span> <span class='ocrx_word' id='word_1_863' title='bbox 714 3819 779 3846; x_wconf 84' lang='lat' dir='ltr'>pere</span> <span class='ocrx_word' id='word_1_864' title='bbox 800 3819 883 3840; x_wconf 84' lang='lat' dir='ltr'>morz</span> <span class='ocrx_word' id='word_1_865' title='bbox 898 3834 907 3849; x_wconf 92' lang='lat'>,</span> <span class='ocrx_word' id='word_1_866' title='bbox 931 3813 990 3851; x_wconf 83' lang='lat' dir='ltr'>plus</span> <span class='ocrx_word' id='word_1_867' title='bbox 1007 3823 1094 3845; x_wconf 88' lang='lat' dir='ltr'>tenuz</span> <span class='ocrx_word' id='word_1_868' title='bbox 1112 3817 1148 3846; x_wconf 89' lang='lat' dir='ltr'>ke</span> <span class='ocrx_word' id='word_1_869' title='bbox 1162 3827 1176 3846; x_wconf 91' lang='lat' dir='ltr'>a</span> <span class='ocrx_word' id='word_1_870' title='bbox 1193 3817 1268 3847; x_wconf 89' lang='lat' dir='ltr'>nulle</span> 
     </span>
     <span class='ocr_line' id='line_1_88' title="bbox 212 3847 1268 3892; baseline 0.01 -18"><span class='ocrx_word' id='word_1_871' title='bbox 212 3851 338 3878; x_wconf 66' lang='lat' dir='ltr'>creature</span> <span class='ocrx_word' id='word_1_872' title='bbox 349 3848 398 3885; x_wconf 83' lang='lat' dir='ltr'>qui</span> <span class='ocrx_word' id='word_1_873' title='bbox 411 3849 491 3885; x_wconf 84' lang='lat' dir='ltr'>viue,</span> <span class='ocrx_word' id='word_1_874' title='bbox 509 3858 559 3878; x_wconf 90' lang='lat' dir='ltr'>nus</span> <span class='ocrx_word' id='word_1_875' title='bbox 575 3857 611 3878; x_wconf 91' lang='lat' dir='ltr'>ne</span> <span class='ocrx_word' id='word_1_876' title='bbox 625 3847 672 3887; x_wconf 89' lang='lat' dir='ltr'>luy</span> <span class='ocrx_word' id='word_1_877' title='bbox 694 3857 811 3886; x_wconf 69' lang='lat' dir='ltr'>porimes</span> <span class='ocrx_word' id='word_1_878' title='bbox 824 3847 976 3880; x_wconf 87' lang='lat' dir='ltr'>escoundre</span> <span class='ocrx_word' id='word_1_879' title='bbox 990 3852 1015 3882; x_wconf 93' lang='lat' dir='ltr'>sa</span> <span class='ocrx_word' id='word_1_880' title='bbox 1030 3855 1137 3892; x_wconf 87' lang='lat' dir='ltr'>priere,</span> <span class='ocrx_word' id='word_1_881' title='bbox 1154 3856 1219 3884; x_wconf 88' lang='lat' dir='ltr'>ainz</span> <span class='ocrx_word' id='word_1_882' title='bbox 1233 3865 1268 3885; x_wconf 87' lang='lat' dir='ltr'>ne</span> 
     </span>
     <span class='ocr_line' id='line_1_89' title="bbox 212 3882 1269 3925; baseline 0.009 -10"><span class='ocrx_word' id='word_1_883' title='bbox 212 3882 455 3922; x_wconf 67' lang='lat' dir='ltr'>hry‘gmuntasmoe</span> <span class='ocrx_word' id='word_1_884' title='bbox 467 3886 579 3925; x_wconf 90' lang='lat' dir='ltr'>d&#39;ayder</span> <span class='ocrx_word' id='word_1_885' title='bbox 594 3886 634 3924; x_wconf 86' lang='grc'>13,</span> <span class='ocrx_word' id='word_1_886' title='bbox 650 3895 700 3924; x_wconf 88' lang='lat' dir='ltr'>pur</span> <span class='ocrx_word' id='word_1_887' title='bbox 715 3895 753 3915; x_wconf 93' lang='grc'>60</span> <span class='ocrx_word' id='word_1_888' title='bbox 767 3885 801 3916; x_wconf 87' lang='lat' dir='ltr'>ke</span> <span class='ocrx_word' id='word_1_889' title='bbox 814 3896 864 3916; x_wconf 89' lang='lat' dir='ltr'>nus</span> <span class='ocrx_word' id='word_1_890' title='bbox 879 3897 914 3917; x_wconf 88' lang='lat' dir='ltr'>ne</span> <span class='ocrx_word' id='word_1_891' title='bbox 929 3887 1044 3920; x_wconf 79' lang='lat' dir='ltr'>fuissons</span> <span class='ocrx_word' id='word_1_892' title='bbox 1062 3900 1129 3922; x_wconf 88' lang='lat' dir='ltr'>tenu</span> <span class='ocrx_word' id='word_1_893' title='bbox 1143 3903 1158 3922; x_wconf 88' lang='lat' dir='ltr'>a</span> <span class='ocrx_word' id='word_1_894' title='bbox 1173 3892 1269 3923; x_wconf 82' lang='grc'><strong>(161113-</strong></span> 
     </span>
     <span class='ocr_line' id='line_1_90' title="bbox 210 3924 1269 3970; baseline 0.011 -20"><span class='ocrx_word' id='word_1_895' title='bbox 210 3928 319 3960; x_wconf 75' lang='lat' dir='ltr'>turcus3</span> <span class='ocrx_word' id='word_1_896' title='bbox 333 3929 376 3954; x_wconf 80' lang='lat' dir='ltr'>tut</span> <span class='ocrx_word' id='word_1_897' title='bbox 387 3924 444 3954; x_wconf 78' lang='lat' dir='ltr'>fust</span> <span class='ocrx_word' id='word_1_898' title='bbox 456 3935 494 3955; x_wconf 94' lang='lat' dir='ltr'>co</span> <span class='ocrx_word' id='word_1_899' title='bbox 508 3933 607 3955; x_wconf 88' lang='lat' dir='ltr'>contre</span> <span class='ocrx_word' id='word_1_900' title='bbox 620 3924 713 3953; x_wconf 83' lang='lat' dir='ltr'>nostre</span> <span class='ocrx_word' id='word_1_901' title='bbox 731 3933 794 3963; x_wconf 86' lang='lat' dir='ltr'>gre,</span> <span class='ocrx_word' id='word_1_902' title='bbox 810 3924 843 3954; x_wconf 91' lang='lat'>&amp;</span> <span class='ocrx_word' id='word_1_903' title='bbox 857 3934 993 3958; x_wconf 89' lang='lat' dir='ltr'>encontre</span> <span class='ocrx_word' id='word_1_904' title='bbox 1005 3929 1100 3960; x_wconf 88' lang='lat' dir='ltr'>nostre</span> <span class='ocrx_word' id='word_1_905' title='bbox 1114 3940 1199 3970; x_wconf 88' lang='lat' dir='ltr'>cuer,</span> <span class='ocrx_word' id='word_1_906' title='bbox 1217 3941 1269 3970; x_wconf 88' lang='lat' dir='ltr'>pur</span> 
     </span>
     <span class='ocr_line' id='line_1_91' title="bbox 211 3958 729 4001; baseline 0.006 -13"><span class='ocrx_word' id='word_1_907' title='bbox 211 3958 328 3999; x_wconf 63' lang='lat' dir='ltr'>ramur,</span> <span class='ocrx_word' id='word_1_908' title='bbox 342 3968 397 4001; x_wconf 82' lang='lat' dir='ltr'>que</span> <span class='ocrx_word' id='word_1_909' title='bbox 409 3962 452 3992; x_wconf 83' lang='lat' dir='ltr'>est</span> <span class='ocrx_word' id='word_1_910' title='bbox 463 3971 542 3994; x_wconf 91' lang='lat' dir='ltr'>entre</span> <span class='ocrx_word' id='word_1_911' title='bbox 556 3973 607 3993; x_wconf 83' lang='lat' dir='ltr'>nus</span> <span class='ocrx_word' id='word_1_912' title='bbox 623 3963 654 3993; x_wconf 91' lang='lat'>&amp;</span> <span class='ocrx_word' id='word_1_913' title='bbox 670 3972 729 3992; x_wconf 85' lang='lat' dir='ltr'>vus.</span> 
     </span>
    </p>

    <p class='ocr_par' dir='ltr' id='par_1_30' title="bbox 209 3996 1273 4079">
     <span class='ocr_line' id='line_1_92' title="bbox 250 3996 1270 4044; baseline 0.011 -18"><span class='ocrx_word' id='word_1_914' title='bbox 250 3996 306 4027; x_wconf 84' lang='lat' dir='ltr'>Pur</span> <span class='ocrx_word' id='word_1_915' title='bbox 319 4000 387 4037; x_wconf 79' lang='lat' dir='ltr'>quoi</span> <span class='ocrx_word' id='word_1_916' title='bbox 405 4010 456 4030; x_wconf 88' lang='lat' dir='ltr'>nus</span> <span class='ocrx_word' id='word_1_917' title='bbox 476 4012 527 4032; x_wconf 87' lang='lat' dir='ltr'>vus</span> <span class='ocrx_word' id='word_1_918' title='bbox 542 4003 637 4041; x_wconf 79' lang='lat' dir='ltr'>prioris</span> <span class='ocrx_word' id='word_1_919' title='bbox 657 4001 690 4030; x_wconf 89' lang='lat' dir='ltr'>ke</span> <span class='ocrx_word' id='word_1_920' title='bbox 705 4010 754 4031; x_wconf 85' lang='lat' dir='ltr'>vus</span> <span class='ocrx_word' id='word_1_921' title='bbox 774 4011 810 4031; x_wconf 90' lang='lat' dir='ltr'>ne</span> <span class='ocrx_word' id='word_1_922' title='bbox 825 4002 957 4041; x_wconf 80' lang='lat' dir='ltr'>preignez</span> <span class='ocrx_word' id='word_1_923' title='bbox 974 4012 990 4033; x_wconf 89' lang='lat' dir='ltr'>a</span> <span class='ocrx_word' id='word_1_924' title='bbox 1009 4004 1065 4035; x_wconf 87' lang='lat' dir='ltr'>mal</span> <span class='ocrx_word' id='word_1_925' title='bbox 1079 4005 1154 4036; x_wconf 88' lang='lat' dir='ltr'>ceste</span> <span class='ocrx_word' id='word_1_926' title='bbox 1167 4006 1270 4044; x_wconf 74' lang='lat' dir='ltr'>chose,</span> 
     </span>
     <span class='ocr_line' id='line_1_93' title="bbox 209 4039 1273 4079; baseline 0.008 -14"><span class='ocrx_word' id='word_1_927' title='bbox 209 4043 257 4066; x_wconf 72' lang='lat' dir='ltr'>ear</span> <span class='ocrx_word' id='word_1_928' title='bbox 270 4044 323 4067; x_wconf 76' lang='lat' dir='ltr'>nus</span> <span class='ocrx_word' id='word_1_929' title='bbox 335 4044 456 4075; x_wconf 68' lang='lat' dir='ltr'>prenom</span> <span class='ocrx_word' id='word_1_930' title='bbox 468 4039 547 4071; x_wconf 84' lang='lat' dir='ltr'>Dieu</span> <span class='ocrx_word' id='word_1_931' title='bbox 560 4050 575 4072; x_wconf 83' lang='lat' dir='ltr'>a</span> <span class='ocrx_word' id='word_1_932' title='bbox 587 4039 728 4079; x_wconf 86' lang='lat' dir='ltr'>tesmoign</span> <span class='ocrx_word' id='word_1_933' title='bbox 743 4039 794 4078; x_wconf 83' lang='lat' dir='ltr'>ke,</span> <span class='ocrx_word' id='word_1_934' title='bbox 812 4039 832 4070; x_wconf 84' lang='lat' dir='ltr'>sl</span> <span class='ocrx_word' id='word_1_935' title='bbox 847 4039 871 4071; x_wconf 85' lang='lat' dir='ltr'>la</span> <span class='ocrx_word' id='word_1_936' title='bbox 886 4040 972 4072; x_wconf 85' lang='lat' dir='ltr'>chose</span> <span class='ocrx_word' id='word_1_937' title='bbox 986 4051 1023 4073; x_wconf 89' lang='lat' dir='ltr'>ne</span> <span class='ocrx_word' id='word_1_938' title='bbox 1036 4043 1147 4075; x_wconf 87' lang='lat' dir='ltr'>tuchast</span> <span class='ocrx_word' id='word_1_939' title='bbox 1163 4055 1224 4077; x_wconf 86' lang='lat' dir='ltr'>mes</span> <span class='ocrx_word' id='word_1_940' title='bbox 1236 4045 1273 4076; x_wconf 90' lang='lat' dir='ltr'>ke</span> 
     </span>
    </p>
   </div>
   <div class='ocr_carea' id='block_1_20' title="bbox 1287 166 2337 229">
    <p class='ocr_par' dir='ltr' id='par_1_31' title="bbox 1287 166 2337 229">
     <span class='ocr_line' id='line_1_94' title="bbox 1287 166 2337 229; baseline 0.009 -22"><span class='ocrx_word' id='word_1_941' title='bbox 1287 166 1751 214; x_wconf 76' lang='lat' dir='ltr'><strong>PUBLICA.</strong></span> <span class='ocrx_word' id='word_1_942' title='bbox 2259 183 2337 229; x_wconf 84' lang='lat'>197</span> 
     </span>
    </p>
   </div>
   <div class='ocr_carea' id='block_1_21' title="bbox 1271 255 2474 568">
    <p class='ocr_par' dir='ltr' id='par_1_32' title="bbox 1271 255 2474 359">
     <span class='ocr_line' id='line_1_95' title="bbox 1271 255 2474 299; baseline 0.007 -17"><span class='ocrx_word' id='word_1_943' title='bbox 1271 263 1287 283; x_wconf 87' lang='lat' dir='ltr'>a</span> <span class='ocrx_word' id='word_1_944' title='bbox 1301 262 1370 292; x_wconf 84' lang='grc'><strong>11115,</strong></span> <span class='ocrx_word' id='word_1_945' title='bbox 1387 255 1510 298; x_wconf 75' lang='lat' dir='ltr'>nusn&#39;en</span> <span class='ocrx_word' id='word_1_946' title='bbox 1525 256 1638 287; x_wconf 85' lang='lat' dir='ltr'>fcissons</span> <span class='ocrx_word' id='word_1_947' title='bbox 1651 259 1709 288; x_wconf 88' lang='lat' dir='ltr'>rien</span> <span class='ocrx_word' id='word_1_948' title='bbox 1722 259 1778 289; x_wconf 88' lang='lat' dir='ltr'>fors</span> <span class='ocrx_word' id='word_1_949' title='bbox 1789 259 1885 290; x_wconf 87' lang='lat' dir='ltr'>vostre</span> <span class='ocrx_word' id='word_1_950' title='bbox 1901 260 2053 296; x_wconf 77' lang='lat' dir='ltr'>voluntee3</span> <span class='ocrx_word' id='word_1_951' title='bbox 2070 268 2134 299; x_wconf 89' lang='lat' dir='ltr'>car,</span> <span class='ocrx_word' id='word_1_952' title='bbox 2173 269 2205 290; x_wconf 89' lang='lat' dir='ltr'>ur</span> <span class='ocrx_word' id='word_1_953' title='bbox 2218 270 2257 291; x_wconf 90' lang='lat' dir='ltr'>un</span> <span class='ocrx_word' id='word_1_954' title='bbox 2273 261 2328 292; x_wconf 88' lang='lat' dir='ltr'>ho-</span> <span class='ocrx_word' id='word_1_955' title='bbox 2342 259 2416 290; x_wconf 84' lang='lat' dir='ltr'>Ann.</span> <span class='ocrx_word' id='word_1_956' title='bbox 2432 260 2474 291; x_wconf 85' lang='lat' dir='ltr'>D.</span> 
     </span>
     <span class='ocr_line' id='line_1_96' title="bbox 1272 293 2447 359; baseline 0.011 -40"><span class='ocrx_word' id='word_1_957' title='bbox 1272 301 1348 359; x_wconf 59' lang='lat' dir='ltr'>rsiurei</span> <span class='ocrx_word' id='word_1_958' title='bbox 1354 293 1388 335; x_wconf 82' lang='lat' dir='ltr'>ke</span> <span class='ocrx_word' id='word_1_959' title='bbox 1403 293 1480 323; x_wconf 78' lang='lat' dir='ltr'>Dxeu</span> <span class='ocrx_word' id='word_1_960' title='bbox 1496 305 1546 325; x_wconf 89' lang='lat' dir='ltr'>vus</span> <span class='ocrx_word' id='word_1_961' title='bbox 1560 305 1575 325; x_wconf 92' lang='lat' dir='ltr'>a</span> <span class='ocrx_word' id='word_1_962' title='bbox 1590 295 1667 326; x_wconf 89' lang='lat' dir='ltr'>done</span> <span class='ocrx_word' id='word_1_963' title='bbox 1684 307 1720 327; x_wconf 85' lang='lat' dir='ltr'>en</span> <span class='ocrx_word' id='word_1_964' title='bbox 1741 297 1799 328; x_wconf 89' lang='lat' dir='ltr'>cest</span> <span class='ocrx_word' id='word_1_965' title='bbox 1816 298 1886 329; x_wconf 88' lang='lat' dir='ltr'>secle</span> <span class='ocrx_word' id='word_1_966' title='bbox 1899 324 1909 337; x_wconf 80' lang='lat'>,</span> <span class='ocrx_word' id='word_1_967' title='bbox 1933 309 1985 330; x_wconf 82' lang='lat' dir='ltr'>nus</span> <span class='ocrx_word' id='word_1_968' title='bbox 1999 299 2140 330; x_wconf 87' lang='lat' dir='ltr'>voudrons</span> <span class='ocrx_word' id='word_1_969' title='bbox 2173 308 2189 328; x_wconf 91' lang='lat' dir='ltr'>e</span> <span class='ocrx_word' id='word_1_970' title='bbox 2202 309 2253 331; x_wconf 88' lang='lat' dir='ltr'>vus</span> <span class='ocrx_word' id='word_1_971' title='bbox 2267 309 2328 331; x_wconf 83' lang='lat' dir='ltr'>eus—</span> <span class='ocrx_word' id='word_1_972' title='bbox 2359 298 2430 328; x_wconf 80' lang='lat'><em>1281</em></span> <span class='ocrx_word' id='word_1_973' title='bbox 2440 322 2447 327; x_wconf 89' lang='lat'>-</span> 
     </span>
     <span class='ocr_line' id='line_1_97' title="bbox 1285 338 1379 359; baseline 0.011 -1"><span class='ocrx_word' id='word_1_974' title='bbox 1285 338 1320 358; x_wconf 69' lang='grc' dir='ltr'>ΕΖ</span> <span class='ocrx_word' id='word_1_975' title='bbox 1351 341 1379 359; x_wconf 78' lang='grc'>18.</span> 
     </span>
    </p>

    <p class='ocr_par' dir='ltr' id='par_1_33' title="bbox 1274 367 2330 485">
     <span class='ocr_line' id='line_1_98' title="bbox 1309 367 2330 414; baseline 0.01 -17"><span class='ocrx_word' id='word_1_976' title='bbox 1309 367 1474 400; x_wconf 82' lang='lat' dir='ltr'>Enekedant</span> <span class='ocrx_word' id='word_1_977' title='bbox 1484 380 1535 400; x_wconf 87' lang='lat' dir='ltr'>nus</span> <span class='ocrx_word' id='word_1_978' title='bbox 1549 380 1636 401; x_wconf 88' lang='lat' dir='ltr'>avons</span> <span class='ocrx_word' id='word_1_979' title='bbox 1652 373 1711 409; x_wconf 91' lang='lat' dir='ltr'>prie</span> <span class='ocrx_word' id='word_1_980' title='bbox 1726 373 1819 404; x_wconf 89' lang='lat' dir='ltr'>nostre</span> <span class='ocrx_word' id='word_1_981' title='bbox 1834 373 1948 405; x_wconf 84' lang='lat' dir='ltr'>Taunte</span> <span class='ocrx_word' id='word_1_982' title='bbox 1962 376 2137 413; x_wconf 87' lang='lat' dir='ltr'>avauntdite,</span> <span class='ocrx_word' id='word_1_983' title='bbox 2150 374 2186 405; x_wconf 90' lang='lat' dir='ltr'>ke</span> <span class='ocrx_word' id='word_1_984' title='bbox 2199 375 2226 406; x_wconf 90' lang='lat' dir='ltr'>le</span> <span class='ocrx_word' id='word_1_985' title='bbox 2239 378 2295 414; x_wconf 85' lang='lat' dir='ltr'>prei</span> <span class='ocrx_word' id='word_1_986' title='bbox 2316 395 2330 401; x_wconf 92' lang='lat'>-</span> 
     </span>
     <span class='ocr_line' id='line_1_99' title="bbox 1274 386 2329 454; baseline 0.011 -19"><span class='ocrx_word' id='word_1_987' title='bbox 1274 415 1312 435; x_wconf 87' lang='lat' dir='ltr'>ne</span> <span class='ocrx_word' id='word_1_988' title='bbox 1325 407 1446 445; x_wconf 87' lang='lat' dir='ltr'>mcsure,</span> <span class='ocrx_word' id='word_1_989' title='bbox 1461 409 1480 438; x_wconf 88' lang='lat' dir='ltr'>s1</span> <span class='ocrx_word' id='word_1_990' title='bbox 1497 409 1567 439; x_wconf 90' lang='lat' dir='ltr'>hom</span> <span class='ocrx_word' id='word_1_991' title='bbox 1582 410 1606 439; x_wconf 86' lang='grc'>13</span> <span class='ocrx_word' id='word_1_992' title='bbox 1619 410 1707 440; x_wconf 83' lang='lat' dir='ltr'>litient</span> <span class='ocrx_word' id='word_1_993' title='bbox 1722 423 1732 448; x_wconf 62' lang='grc' dir='ltr'><strong>ς</strong></span> <span class='ocrx_word' id='word_1_994' title='bbox 1759 421 1775 441; x_wconf 88' lang='grc'>6</span> <span class='ocrx_word' id='word_1_995' title='bbox 1789 413 1844 442; x_wconf 79' lang='grc'><strong>31111</strong></span> <span class='ocrx_word' id='word_1_996' title='bbox 1860 423 1874 443; x_wconf 88' lang='lat' dir='ltr'>a</span> <span class='ocrx_word' id='word_1_997' title='bbox 1888 413 1983 445; x_wconf 88' lang='lat' dir='ltr'>vostre</span> <span class='ocrx_word' id='word_1_998' title='bbox 1997 414 2068 444; x_wconf 90' lang='lat' dir='ltr'>Pere</span> <span class='ocrx_word' id='word_1_999' title='bbox 2082 437 2092 453; x_wconf 90' lang='lat'>,</span> <span class='ocrx_word' id='word_1_1000' title='bbox 2115 414 2184 454; x_wconf 91' lang='lat' dir='ltr'>q&#39;uil</span> <span class='ocrx_word' id='word_1_1001' title='bbox 2197 415 2280 446; x_wconf 87' lang='lat' dir='ltr'>tende</span> <span class='ocrx_word' id='word_1_1002' title='bbox 2294 386 2329 447; x_wconf 61' lang='grc' dir='ltr'>ἐς</span> 
     </span>
     <span class='ocr_line' id='line_1_100' title="bbox 1275 443 1875 485; baseline 0.01 -11"><span class='ocrx_word' id='word_1_1003' title='bbox 1275 443 1337 474; x_wconf 87' lang='lat' dir='ltr'>face</span> <span class='ocrx_word' id='word_1_1004' title='bbox 1352 445 1473 484; x_wconf 85' lang='lat' dir='ltr'>mesure,</span> <span class='ocrx_word' id='word_1_1005' title='bbox 1491 447 1524 477; x_wconf 90' lang='lat'>&amp;</span> <span class='ocrx_word' id='word_1_1006' title='bbox 1538 456 1661 485; x_wconf 88' lang='lat' dir='ltr'>enquere</span> <span class='ocrx_word' id='word_1_1007' title='bbox 1674 450 1766 485; x_wconf 90' lang='lat' dir='ltr'>prium</span> <span class='ocrx_word' id='word_1_1008' title='bbox 1782 460 1797 480; x_wconf 92' lang='lat' dir='ltr'>a</span> <span class='ocrx_word' id='word_1_1009' title='bbox 1811 460 1875 480; x_wconf 87' lang='lat' dir='ltr'>vus:</span> 
     </span>
    </p>

    <p class='ocr_par' dir='ltr' id='par_1_34' title="bbox 1276 482 2332 568">
     <span class='ocr_line' id='line_1_101' title="bbox 1311 482 2331 529; baseline 0.011 -17"><span class='ocrx_word' id='word_1_1010' title='bbox 1311 482 1355 522; x_wconf 88' lang='lat' dir='ltr'>E,</span> <span class='ocrx_word' id='word_1_1011' title='bbox 1371 484 1442 514; x_wconf 89' lang='lat' dir='ltr'>estre</span> <span class='ocrx_word' id='word_1_1012' title='bbox 1455 494 1510 523; x_wconf 90' lang='lat' dir='ltr'>co,</span> <span class='ocrx_word' id='word_1_1013' title='bbox 1529 486 1622 523; x_wconf 86' lang='lat' dir='ltr'>priom</span> <span class='ocrx_word' id='word_1_1014' title='bbox 1636 496 1652 516; x_wconf 86' lang='lat' dir='ltr'>a</span> <span class='ocrx_word' id='word_1_1015' title='bbox 1671 487 1864 526; x_wconf 82' lang='lat' dir='ltr'>l&#39;Apostoille,</span> <span class='ocrx_word' id='word_1_1016' title='bbox 1881 489 1948 529; x_wconf 90' lang='lat' dir='ltr'>q’uil</span> <span class='ocrx_word' id='word_1_1017' title='bbox 1961 490 1987 520; x_wconf 91' lang='lat' dir='ltr'>se</span> <span class='ocrx_word' id='word_1_1018' title='bbox 2003 491 2087 521; x_wconf 90' lang='lat' dir='ltr'>voille</span> <span class='ocrx_word' id='word_1_1019' title='bbox 2100 498 2279 522; x_wconf 86' lang='lat' dir='ltr'>entremettre</span> <span class='ocrx_word' id='word_1_1020' title='bbox 2293 492 2331 522; x_wconf 89' lang='lat' dir='ltr'>ke</span> 
     </span>
     <span class='ocr_line' id='line_1_102' title="bbox 1276 521 2332 568; baseline 0.009 -17"><span class='ocrx_word' id='word_1_1021' title='bbox 1276 521 1350 552; x_wconf 86' lang='lat' dir='ltr'>ceste</span> <span class='ocrx_word' id='word_1_1022' title='bbox 1364 522 1448 552; x_wconf 91' lang='lat' dir='ltr'>chose</span> <span class='ocrx_word' id='word_1_1023' title='bbox 1462 523 1535 560; x_wconf 79' lang='lat' dir='ltr'>paffe</span> <span class='ocrx_word' id='word_1_1024' title='bbox 1550 533 1598 561; x_wconf 88' lang='lat' dir='ltr'>par</span> <span class='ocrx_word' id='word_1_1025' title='bbox 1617 533 1693 555; x_wconf 88' lang='lat' dir='ltr'>autre</span> <span class='ocrx_word' id='word_1_1026' title='bbox 1708 535 1765 565; x_wconf 92' lang='lat' dir='ltr'>voy</span> <span class='ocrx_word' id='word_1_1027' title='bbox 1775 548 1784 563; x_wconf 90' lang='lat'>,</span> <span class='ocrx_word' id='word_1_1028' title='bbox 1804 526 1840 556; x_wconf 90' lang='lat' dir='ltr'>ke</span> <span class='ocrx_word' id='word_1_1029' title='bbox 1858 537 1906 566; x_wconf 86' lang='lat' dir='ltr'>par</span> <span class='ocrx_word' id='word_1_1030' title='bbox 1919 528 1979 558; x_wconf 91' lang='lat' dir='ltr'>cele</span> <span class='ocrx_word' id='word_1_1031' title='bbox 1993 529 2028 558; x_wconf 91' lang='lat' dir='ltr'>ke</span> <span class='ocrx_word' id='word_1_1032' title='bbox 2044 530 2084 559; x_wconf 92' lang='lat' dir='ltr'>est</span> <span class='ocrx_word' id='word_1_1033' title='bbox 2106 531 2275 568; x_wconf 75' lang='lat' dir='ltr'>comencie3</span> <span class='ocrx_word' id='word_1_1034' title='bbox 2298 540 2332 568; x_wconf 89' lang='grc'>6,</span> 
     </span>
    </p>
   </div>
   <div class='ocr_carea' id='block_1_22' title="bbox 1275 559 2332 638">
    <p class='ocr_par' dir='ltr' id='par_1_35' title="bbox 1275 559 2332 638">
     <span class='ocr_line' id='line_1_103' title="bbox 1275 559 2332 603; baseline 0.009 -14"><span class='ocrx_word' id='word_1_1035' title='bbox 1275 561 1295 590; x_wconf 82' lang='lat' dir='ltr'>si</span> <span class='ocrx_word' id='word_1_1036' title='bbox 1304 559 1373 590; x_wconf 86' lang='lat' dir='ltr'>hom</span> <span class='ocrx_word' id='word_1_1037' title='bbox 1388 560 1468 598; x_wconf 88' lang='lat' dir='ltr'>peust</span> <span class='ocrx_word' id='word_1_1038' title='bbox 1481 569 1576 593; x_wconf 93' lang='lat' dir='ltr'>trover</span> <span class='ocrx_word' id='word_1_1039' title='bbox 1591 570 1668 592; x_wconf 91' lang='lat' dir='ltr'>autre</span> <span class='ocrx_word' id='word_1_1040' title='bbox 1681 573 1754 603; x_wconf 91' lang='lat' dir='ltr'>voye</span> <span class='ocrx_word' id='word_1_1041' title='bbox 1767 565 1895 603; x_wconf 81' lang='lat' dir='ltr'>renable,</span> <span class='ocrx_word' id='word_1_1042' title='bbox 1914 568 1985 596; x_wconf 90' lang='lat' dir='ltr'>nusi</span> <span class='ocrx_word' id='word_1_1043' title='bbox 1999 576 2135 598; x_wconf 91' lang='lat' dir='ltr'>mettrom</span> <span class='ocrx_word' id='word_1_1044' title='bbox 2149 568 2332 600; x_wconf 80' lang='lat' dir='ltr'>volentiersle</span> 
     </span>
     <span class='ocr_line' id='line_1_104' title="bbox 1276 594 1640 638; baseline 0.005 -10"><span class='ocrx_word' id='word_1_1045' title='bbox 1276 594 1381 629; x_wconf 75' lang='lat' dir='ltr'>cbnseil</span> <span class='ocrx_word' id='word_1_1046' title='bbox 1396 599 1432 630; x_wconf 92' lang='lat' dir='ltr'>ke</span> <span class='ocrx_word' id='word_1_1047' title='bbox 1446 611 1498 631; x_wconf 88' lang='lat' dir='ltr'>nus</span> <span class='ocrx_word' id='word_1_1048' title='bbox 1514 610 1640 638; x_wconf 78' lang='lat' dir='ltr'>porrum.</span> 
     </span>
    </p>
   </div>
   <div class='ocr_carea' id='block_1_23' title="bbox 2338 339 2454 366">
    <p class='ocr_par' dir='ltr' id='par_1_36' title="bbox 2338 339 2454 366">
     <span class='ocr_line' id='line_1_105' title="bbox 2338 339 2454 366; baseline -0.026 0"><span class='ocrx_word' id='word_1_1049' title='bbox 2338 339 2406 366; x_wconf 81' lang='lat' dir='ltr'>Edv.</span> <span class='ocrx_word' id='word_1_1050' title='bbox 2428 345 2454 365; x_wconf 84' lang='lat'>1.</span> 
     </span>
    </p>
   </div>
   <div class='ocr_carea' id='block_1_24' title="bbox 1277 680 2332 698">
    <p class='ocr_par' dir='ltr' id='par_1_37' title="bbox 1277 680 2332 698">
     <span class='ocr_line' id='line_1_106' title="bbox 1277 680 2332 698; baseline 0 3563"><span class='ocrx_word' id='word_1_1051' title='bbox 1277 680 2332 698; x_wconf 95' lang='lat' dir='ltr'> </span> 
     </span>
    </p>
   </div>
   <div class='ocr_carea' id='block_1_25' title="bbox 1277 732 2333 784">
    <p class='ocr_par' dir='ltr' id='par_1_38' title="bbox 1277 732 2333 784">
     <span class='ocr_line' id='line_1_107' title="bbox 1277 732 2333 784; baseline 0.008 -22"><span class='ocrx_word' id='word_1_1052' title='bbox 1277 732 1384 763; x_wconf 71' lang='lat' dir='ltr'>Lirem</span> <span class='ocrx_word' id='word_1_1053' title='bbox 1409 733 1483 777; x_wconf 81' lang='lat' dir='ltr'>Regi</span> <span class='ocrx_word' id='word_1_1054' title='bbox 1506 733 1635 765; x_wconf 79' lang='lat' dir='ltr'>Franciae</span> <span class='ocrx_word' id='word_1_1055' title='bbox 1660 732 1836 778; x_wconf 76' lang='lat' dir='ltr'>responftria</span> <span class='ocrx_word' id='word_1_1056' title='bbox 1853 733 1944 781; x_wconf 72' lang='lat' dir='ltr'>sitper</span> <span class='ocrx_word' id='word_1_1057' title='bbox 1970 748 2000 768; x_wconf 86' lang='lat' dir='ltr'>eo</span> <span class='ocrx_word' id='word_1_1058' title='bbox 2025 737 2105 783; x_wconf 86' lang='lat' dir='ltr'>quod</span> <span class='ocrx_word' id='word_1_1059' title='bbox 2128 742 2211 784; x_wconf 83' lang='lat' dir='ltr'>Papa</span> <span class='ocrx_word' id='word_1_1060' title='bbox 2231 747 2333 784; x_wconf 75' lang='lat' dir='ltr'>partes</span> 
     </span>
    </p>
   </div>
   <div class='ocr_carea' id='block_1_26' title="bbox 1318 778 2335 868">
    <p class='ocr_par' dir='ltr' id='par_1_39' title="bbox 1318 778 2335 868">
     <span class='ocr_line' id='line_1_108' title="bbox 1318 778 2335 868; baseline 0.009 -59"><span class='ocrx_word' id='word_1_1061' title='bbox 1318 778 1395 868; x_wconf 53' lang='lat' dir='ltr'>scitcylz</span> <span class='ocrx_word' id='word_1_1062' title='bbox 1412 781 1583 858; x_wconf 60' lang='lat' dir='ltr'>Zatcrpofiaeit</span> <span class='ocrx_word' id='word_1_1063' title='bbox 1602 784 1682 813; x_wconf 81' lang='lat' dir='ltr'>circa</span> <span class='ocrx_word' id='word_1_1064' title='bbox 1701 782 1782 814; x_wconf 84' lang='lat' dir='ltr'>litem</span> <span class='ocrx_word' id='word_1_1065' title='bbox 1808 786 1884 816; x_wconf 82' lang='lat' dir='ltr'>inter</span> <span class='ocrx_word' id='word_1_1066' title='bbox 1909 782 2023 817; x_wconf 62' lang='lat' dir='ltr'>ditium</span> <span class='ocrx_word' id='word_1_1067' title='bbox 2044 790 2151 833; x_wconf 85' lang='lat' dir='ltr'>Regem</span> <span class='ocrx_word' id='word_1_1068' title='bbox 2174 789 2210 825; x_wconf 67' lang='lat' dir='ltr'>(ly</span> <span class='ocrx_word' id='word_1_1069' title='bbox 2226 789 2335 832; x_wconf 78' lang='lat' dir='ltr'>Regem</span> 
     </span>
     <span class='ocr_line' id='line_1_109' title="bbox 1352 838 1949 860; baseline 0.013 -3"><span class='ocrx_word' id='word_1_1070' title='bbox 1352 838 1371 857; x_wconf 80' lang='lat' dir='ltr'>a</span> <span class='ocrx_word' id='word_1_1071' title='bbox 1396 839 1410 858; x_wconf 80' lang='lat' dir='ltr'>e</span> <span class='ocrx_word' id='word_1_1072' title='bbox 1435 840 1464 860; x_wconf 65' lang='grc' dir='ltr'>ε.</span> <span class='ocrx_word' id='word_1_1073' title='bbox 1948 846 1949 849; x_wconf 64' lang='grc'>’</span> 
     </span>
    </p>
   </div>
   <div class='ocr_carea' id='block_1_27' title="bbox 1333 914 1412 945">
    <p class='ocr_par' dir='ltr' id='par_1_40' title="bbox 1333 914 1412 945">
     <span class='ocr_line' id='line_1_110' title="bbox 1333 914 1412 945; baseline 0.013 -1"><span class='ocrx_word' id='word_1_1074' title='bbox 1333 914 1412 945; x_wconf 85' lang='lat' dir='ltr'>Aluz.</span> 
     </span>
    </p>
   </div>
   <div class='ocr_carea' id='block_1_28' title="bbox 1282 953 2492 1494">
    <p class='ocr_par' dir='ltr' id='par_1_41' title="bbox 1282 953 2490 1220">
     <span class='ocr_line' id='line_1_111' title="bbox 1364 953 2483 997; baseline 0.008 -15"><span class='ocrx_word' id='word_1_1075' title='bbox 1364 953 1451 983; x_wconf 90' lang='lat' dir='ltr'>Nous</span> <span class='ocrx_word' id='word_1_1076' title='bbox 1470 964 1597 985; x_wconf 87' lang='lat' dir='ltr'>recumes</span> <span class='ocrx_word' id='word_1_1077' title='bbox 1618 964 1677 986; x_wconf 90' lang='lat' dir='ltr'>voz</span> <span class='ocrx_word' id='word_1_1078' title='bbox 1702 956 1791 988; x_wconf 85' lang='lat' dir='ltr'>lettres</span> <span class='ocrx_word' id='word_1_1079' title='bbox 1814 959 1839 988; x_wconf 87' lang='lat' dir='ltr'>le</span> <span class='ocrx_word' id='word_1_1080' title='bbox 1863 958 2005 990; x_wconf 88' lang='lat' dir='ltr'>Vendredi</span> <span class='ocrx_word' id='word_1_1081' title='bbox 2030 960 2167 997; x_wconf 89' lang='lat' dir='ltr'>prochein</span> <span class='ocrx_word' id='word_1_1082' title='bbox 2188 960 2291 991; x_wconf 89' lang='lat' dir='ltr'>devant</span> <span class='ocrx_word' id='word_1_1083' title='bbox 2308 959 2334 990; x_wconf 94' lang='lat' dir='ltr'>le</span> <span class='ocrx_word' id='word_1_1084' title='bbox 2352 961 2427 992; x_wconf 88' lang='lat' dir='ltr'>Ann.</span> <span class='ocrx_word' id='word_1_1085' title='bbox 2443 960 2483 992; x_wconf 87' lang='lat' dir='ltr'>D.</span> 
     </span>
     <span class='ocr_line' id='line_1_112' title="bbox 1282 990 2460 1036; baseline 0.006 -14"><span class='ocrx_word' id='word_1_1086' title='bbox 1282 990 1364 1022; x_wconf 90' lang='lat' dir='ltr'>Noel</span> <span class='ocrx_word' id='word_1_1087' title='bbox 1380 1003 1390 1029; x_wconf 75' lang='lat'>3</span> <span class='ocrx_word' id='word_1_1088' title='bbox 1404 1001 1461 1029; x_wconf 18' lang='lat' dir='ltr'>,par</span> <span class='ocrx_word' id='word_1_1089' title='bbox 1475 993 1513 1022; x_wconf 83' lang='lat' dir='ltr'>les</span> <span class='ocrx_word' id='word_1_1090' title='bbox 1531 994 1622 1032; x_wconf 89' lang='lat' dir='ltr'>queles</span> <span class='ocrx_word' id='word_1_1091' title='bbox 1642 1004 1692 1024; x_wconf 90' lang='lat' dir='ltr'>nus</span> <span class='ocrx_word' id='word_1_1092' title='bbox 1711 1005 1798 1025; x_wconf 84' lang='lat' dir='ltr'>avons</span> <span class='ocrx_word' id='word_1_1093' title='bbox 1821 997 1941 1027; x_wconf 89' lang='lat' dir='ltr'>entendu</span> <span class='ocrx_word' id='word_1_1094' title='bbox 1960 998 1995 1027; x_wconf 89' lang='lat' dir='ltr'>ke</span> <span class='ocrx_word' id='word_1_1095' title='bbox 2009 998 2185 1035; x_wconf 89' lang='lat' dir='ltr'>l&#39;Apostoille</span> <span class='ocrx_word' id='word_1_1096' title='bbox 2197 1022 2206 1036; x_wconf 93' lang='lat'>,</span> <span class='ocrx_word' id='word_1_1097' title='bbox 2230 1008 2277 1036; x_wconf 87' lang='lat' dir='ltr'>par</span> <span class='ocrx_word' id='word_1_1098' title='bbox 2296 998 2335 1028; x_wconf 87' lang='lat' dir='ltr'>ses</span> <span class='ocrx_word' id='word_1_1099' title='bbox 2378 1001 2460 1029; x_wconf 87' lang='lat'><em>1281.</em></span> 
     </span>
     <span class='ocr_line' id='line_1_113' title="bbox 1284 1029 2468 1073; baseline 0.004 -13"><span class='ocrx_word' id='word_1_1100' title='bbox 1284 1029 1423 1068; x_wconf 79' lang='lat' dir='ltr'>Meffages</span> <span class='ocrx_word' id='word_1_1101' title='bbox 1456 1041 1505 1060; x_wconf 84' lang='lat' dir='ltr'>vus</span> <span class='ocrx_word' id='word_1_1102' title='bbox 1517 1041 1532 1060; x_wconf 98' lang='grc'>3</span> <span class='ocrx_word' id='word_1_1103' title='bbox 1544 1033 1601 1069; x_wconf 87' lang='lat' dir='ltr'>prie</span> <span class='ocrx_word' id='word_1_1104' title='bbox 1617 1032 1652 1061; x_wconf 89' lang='lat' dir='ltr'>ke</span> <span class='ocrx_word' id='word_1_1105' title='bbox 1670 1043 1720 1063; x_wconf 90' lang='lat' dir='ltr'>vus</span> <span class='ocrx_word' id='word_1_1106' title='bbox 1738 1034 1841 1064; x_wconf 83' lang='lat' dir='ltr'>vousez</span> <span class='ocrx_word' id='word_1_1107' title='bbox 1856 1044 1943 1073; x_wconf 91' lang='lat' dir='ltr'>tryvve</span> <span class='ocrx_word' id='word_1_1108' title='bbox 1955 1044 2082 1073; x_wconf 85' lang='lat' dir='ltr'>graunter</span> <span class='ocrx_word' id='word_1_1109' title='bbox 2101 1046 2177 1067; x_wconf 87' lang='lat' dir='ltr'>entre</span> <span class='ocrx_word' id='word_1_1110' title='bbox 2197 1048 2247 1067; x_wconf 88' lang='lat' dir='ltr'>vus</span> <span class='ocrx_word' id='word_1_1111' title='bbox 2262 1037 2294 1067; x_wconf 73' lang='grc' dir='ltr'>δί</span> <span class='ocrx_word' id='word_1_1112' title='bbox 2310 1036 2336 1066; x_wconf 89' lang='grc'>16</span> <span class='ocrx_word' id='word_1_1113' title='bbox 2355 1042 2406 1066; x_wconf 70' lang='lat' dir='ltr'>Aa.</span> <span class='ocrx_word' id='word_1_1114' title='bbox 2426 1049 2468 1066; x_wconf 74' lang='grc' dir='ltr'>ιο,</span> 
     </span>
     <span class='ocr_line' id='line_1_114' title="bbox 1283 1052 2429 1110; baseline 0.005 -12"><span class='ocrx_word' id='word_1_1115' title='bbox 1283 1068 1352 1108; x_wconf 87' lang='lat' dir='ltr'>Roy</span> <span class='ocrx_word' id='word_1_1116' title='bbox 1371 1069 1407 1098; x_wconf 92' lang='lat' dir='ltr'>de</span> <span class='ocrx_word' id='word_1_1117' title='bbox 1422 1052 1543 1098; x_wconf 62' lang='lat' dir='ltr'>&amp;astelle</span> <span class='ocrx_word' id='word_1_1118' title='bbox 1558 1081 1568 1107; x_wconf 75' lang='grc' dir='ltr'>ι,</span> <span class='ocrx_word' id='word_1_1119' title='bbox 1592 1077 1627 1099; x_wconf 83' lang='grc'>611</span> <span class='ocrx_word' id='word_1_1120' title='bbox 1643 1070 1666 1099; x_wconf 89' lang='grc'>13</span> <span class='ocrx_word' id='word_1_1121' title='bbox 1680 1071 1760 1110; x_wconf 92' lang='lat' dir='ltr'>quele</span> <span class='ocrx_word' id='word_1_1122' title='bbox 1776 1072 1911 1102; x_wconf 80' lang='lat' dir='ltr'>dtu-aunte</span> <span class='ocrx_word' id='word_1_1123' title='bbox 1926 1095 1936 1110; x_wconf 89' lang='grc'><strong>,</strong></span> <span class='ocrx_word' id='word_1_1124' title='bbox 1954 1074 1971 1102; x_wconf 88' lang='grc'>11</span> <span class='ocrx_word' id='word_1_1125' title='bbox 1985 1073 2010 1103; x_wconf 83' lang='grc'>16</span> <span class='ocrx_word' id='word_1_1126' title='bbox 2024 1075 2129 1106; x_wconf 86' lang='lat' dir='ltr'>voudra</span> <span class='ocrx_word' id='word_1_1127' title='bbox 2148 1083 2225 1105; x_wconf 88' lang='lat' dir='ltr'>entre</span> <span class='ocrx_word' id='word_1_1128' title='bbox 2237 1083 2338 1105; x_wconf 85' lang='lat' dir='ltr'>mettre</span> <span class='ocrx_word' id='word_1_1129' title='bbox 2356 1081 2383 1103; x_wconf 82' lang='grc' dir='ltr'>Ε.</span> <span class='ocrx_word' id='word_1_1130' title='bbox 2407 1086 2429 1104; x_wconf 91' lang='grc' dir='ltr'>ι.</span> 
     </span>
     <span class='ocr_line' id='line_1_115' title="bbox 1285 1105 2438 1152; baseline 0.004 -16"><span class='ocrx_word' id='word_1_1131' title='bbox 1285 1107 1320 1137; x_wconf 91' lang='lat' dir='ltr'>de</span> <span class='ocrx_word' id='word_1_1132' title='bbox 1335 1116 1398 1144; x_wconf 86' lang='lat' dir='ltr'>pees</span> <span class='ocrx_word' id='word_1_1133' title='bbox 1418 1105 1437 1125; x_wconf 75' lang='lat'>³¹²</span> <span class='ocrx_word' id='word_1_1134' title='bbox 1453 1107 1486 1137; x_wconf 87' lang='lat'>&amp;</span> <span class='ocrx_word' id='word_1_1135' title='bbox 1501 1107 1537 1136; x_wconf 91' lang='lat' dir='ltr'>de</span> <span class='ocrx_word' id='word_1_1136' title='bbox 1556 1109 1649 1146; x_wconf 87' lang='lat' dir='ltr'>quiete</span> <span class='ocrx_word' id='word_1_1137' title='bbox 1668 1118 1720 1147; x_wconf 89' lang='lat' dir='ltr'>pur</span> <span class='ocrx_word' id='word_1_1138' title='bbox 1735 1109 1848 1139; x_wconf 86' lang='lat' dir='ltr'>amedus</span> <span class='ocrx_word' id='word_1_1139' title='bbox 1868 1110 1905 1140; x_wconf 89' lang='lat' dir='ltr'>les</span> <span class='ocrx_word' id='word_1_1140' title='bbox 1920 1112 2037 1149; x_wconf 74' lang='lat' dir='ltr'>parties3</span> <span class='ocrx_word' id='word_1_1141' title='bbox 2061 1113 2095 1142; x_wconf 89' lang='lat' dir='ltr'>de</span> <span class='ocrx_word' id='word_1_1142' title='bbox 2116 1114 2141 1144; x_wconf 85' lang='lat' dir='ltr'>la</span> <span class='ocrx_word' id='word_1_1143' title='bbox 2161 1124 2234 1152; x_wconf 88' lang='lat' dir='ltr'>queu</span> <span class='ocrx_word' id='word_1_1144' title='bbox 2254 1113 2337 1144; x_wconf 91' lang='lat' dir='ltr'>chose</span> <span class='ocrx_word' id='word_1_1145' title='bbox 2358 1119 2438 1142; x_wconf 79' lang='lat' dir='ltr'>Tran-</span> 
     </span>
     <span class='ocr_line' id='line_1_116' title="bbox 1285 1145 2442 1189; baseline 0.009 -16"><span class='ocrx_word' id='word_1_1146' title='bbox 1285 1155 1355 1175; x_wconf 91' lang='lat' dir='ltr'>nous</span> <span class='ocrx_word' id='word_1_1147' title='bbox 1369 1145 1457 1174; x_wconf 81' lang='lat' dir='ltr'>sumes</span> <span class='ocrx_word' id='word_1_1148' title='bbox 1472 1145 1542 1188; x_wconf 83' lang='lat' dir='ltr'>mult</span> <span class='ocrx_word' id='word_1_1149' title='bbox 1556 1145 1641 1184; x_wconf 85' lang='lat' dir='ltr'>lieez‚</span> <span class='ocrx_word' id='word_1_1150' title='bbox 1659 1146 1695 1176; x_wconf 90' lang='lat' dir='ltr'>ke</span> <span class='ocrx_word' id='word_1_1151' title='bbox 1707 1157 1758 1178; x_wconf 89' lang='lat' dir='ltr'>nus</span> <span class='ocrx_word' id='word_1_1152' title='bbox 1772 1149 1926 1179; x_wconf 87' lang='lat' dir='ltr'>entendons</span> <span class='ocrx_word' id='word_1_1153' title='bbox 1938 1148 1991 1186; x_wconf 88' lang='lat' dir='ltr'>ke,</span> <span class='ocrx_word' id='word_1_1154' title='bbox 2007 1160 2054 1186; x_wconf 85' lang='lat' dir='ltr'>par</span> <span class='ocrx_word' id='word_1_1155' title='bbox 2068 1150 2122 1189; x_wconf 87' lang='lat' dir='ltr'>lui,</span> <span class='ocrx_word' id='word_1_1156' title='bbox 2140 1151 2166 1182; x_wconf 84' lang='lat' dir='ltr'>la</span> <span class='ocrx_word' id='word_1_1157' title='bbox 2175 1151 2258 1182; x_wconf 84' lang='lat' dir='ltr'>chose</span> <span class='ocrx_word' id='word_1_1158' title='bbox 2270 1161 2340 1182; x_wconf 89' lang='lat' dir='ltr'>ven-</span> <span class='ocrx_word' id='word_1_1159' title='bbox 2352 1154 2442 1189; x_wconf 83' lang='lat' dir='ltr'>script.</span> 
     </span>
     <span class='ocr_line' id='line_1_117' title="bbox 1285 1183 2490 1220; baseline 0.004 -7"><span class='ocrx_word' id='word_1_1160' title='bbox 1285 1183 1333 1213; x_wconf 85' lang='lat' dir='ltr'>dra</span> <span class='ocrx_word' id='word_1_1161' title='bbox 1346 1193 1362 1213; x_wconf 90' lang='lat' dir='ltr'>a</span> <span class='ocrx_word' id='word_1_1162' title='bbox 1376 1192 1455 1220; x_wconf 74' lang='lat' dir='ltr'>grant</span> <span class='ocrx_word' id='word_1_1163' title='bbox 1469 1183 1542 1213; x_wconf 81' lang='lat' dir='ltr'>bien.</span> <span class='ocrx_word' id='word_1_1164' title='bbox 2357 1193 2434 1218; x_wconf 77' lang='lat' dir='ltr'>Liter.</span> <span class='ocrx_word' id='word_1_1165' title='bbox 2447 1192 2490 1218; x_wconf 68' lang='lat' dir='ltr'>roi</span> 
     </span>
    </p>

    <p class='ocr_par' dir='ltr' id='par_1_42' title="bbox 1286 1220 2492 1374">
     <span class='ocr_line' id='line_1_118' title="bbox 1324 1220 2490 1263; baseline 0.003 -13"><span class='ocrx_word' id='word_1_1166' title='bbox 1324 1220 1443 1251; x_wconf 88' lang='lat' dir='ltr'>Endroit</span> <span class='ocrx_word' id='word_1_1167' title='bbox 1455 1221 1490 1251; x_wconf 90' lang='lat' dir='ltr'>de</span> <span class='ocrx_word' id='word_1_1168' title='bbox 1505 1231 1558 1260; x_wconf 89' lang='lat' dir='ltr'>c0,</span> <span class='ocrx_word' id='word_1_1169' title='bbox 1577 1222 1655 1261; x_wconf 79' lang='lat' dir='ltr'>Sire,</span> <span class='ocrx_word' id='word_1_1170' title='bbox 1672 1223 1707 1253; x_wconf 91' lang='lat' dir='ltr'>ke</span> <span class='ocrx_word' id='word_1_1171' title='bbox 1722 1234 1774 1254; x_wconf 92' lang='lat' dir='ltr'>vus</span> <span class='ocrx_word' id='word_1_1172' title='bbox 1788 1234 1839 1254; x_wconf 89' lang='lat' dir='ltr'>nus</span> <span class='ocrx_word' id='word_1_1173' title='bbox 1852 1234 1921 1255; x_wconf 80' lang='lat' dir='ltr'>avez</span> <span class='ocrx_word' id='word_1_1174' title='bbox 1935 1225 2073 1263; x_wconf 86' lang='lat' dir='ltr'>maunde,</span> <span class='ocrx_word' id='word_1_1175' title='bbox 2092 1226 2127 1256; x_wconf 88' lang='lat' dir='ltr'>ke</span> <span class='ocrx_word' id='word_1_1176' title='bbox 2142 1227 2161 1256; x_wconf 91' lang='lat' dir='ltr'>il</span> <span class='ocrx_word' id='word_1_1177' title='bbox 2174 1238 2211 1257; x_wconf 91' lang='lat' dir='ltr'>ne</span> <span class='ocrx_word' id='word_1_1178' title='bbox 2224 1228 2339 1258; x_wconf 89' lang='lat' dir='ltr'>covient</span> <span class='ocrx_word' id='word_1_1179' title='bbox 2359 1233 2389 1255; x_wconf 81' lang='grc' dir='ltr'>Ε.</span> <span class='ocrx_word' id='word_1_1180' title='bbox 2401 1237 2409 1255; x_wconf 89' lang='grc' dir='ltr'>ι</span> <span class='ocrx_word' id='word_1_1181' title='bbox 2420 1237 2490 1255; x_wconf 64' lang='grc' dir='ltr'>πω..</span> 
     </span>
     <span class='ocr_line' id='line_1_119' title="bbox 1286 1259 2492 1303; baseline 0.004 -15"><span class='ocrx_word' id='word_1_1182' title='bbox 1286 1261 1344 1289; x_wconf 82' lang='grc'><strong>11116</strong></span> <span class='ocrx_word' id='word_1_1183' title='bbox 1358 1259 1392 1289; x_wconf 92' lang='lat' dir='ltr'>ke</span> <span class='ocrx_word' id='word_1_1184' title='bbox 1406 1269 1482 1302; x_wconf 39' lang='lat' dir='ltr'>nous,</span> <span class='ocrx_word' id='word_1_1185' title='bbox 1492 1270 1543 1290; x_wconf 89' lang='lat' dir='ltr'>ore</span> <span class='ocrx_word' id='word_1_1186' title='bbox 1555 1270 1735 1300; x_wconf 84' lang='lat' dir='ltr'>aparmennes</span> <span class='ocrx_word' id='word_1_1187' title='bbox 1749 1263 1906 1293; x_wconf 83' lang='lat' dir='ltr'>travaillons</span> <span class='ocrx_word' id='word_1_1188' title='bbox 1929 1273 1980 1300; x_wconf 83' lang='lat' dir='ltr'>pur</span> <span class='ocrx_word' id='word_1_1189' title='bbox 1995 1263 2033 1294; x_wconf 71' lang='lat' dir='ltr'>lec</span> <span class='ocrx_word' id='word_1_1190' title='bbox 2054 1264 2165 1295; x_wconf 91' lang='lat' dir='ltr'>resouns</span> <span class='ocrx_word' id='word_1_1191' title='bbox 2180 1265 2340 1303; x_wconf 86' lang='lat' dir='ltr'>desusdites·,</span> <span class='ocrx_word' id='word_1_1192' title='bbox 2358 1266 2492 1301; x_wconf 69' lang='lat'>*11.184.</span> 
     </span>
     <span class='ocr_line' id='line_1_120' title="bbox 1286 1298 2341 1342; baseline 0.007 -15"><span class='ocrx_word' id='word_1_1193' title='bbox 1286 1308 1337 1328; x_wconf 90' lang='lat' dir='ltr'>nus</span> <span class='ocrx_word' id='word_1_1194' title='bbox 1349 1307 1400 1328; x_wconf 87' lang='lat' dir='ltr'>nus</span> <span class='ocrx_word' id='word_1_1195' title='bbox 1413 1298 1527 1329; x_wconf 78' lang='lat' dir='ltr'>fuissons</span> <span class='ocrx_word' id='word_1_1196' title='bbox 1542 1299 1689 1330; x_wconf 87' lang='lat' dir='ltr'>volentiers</span> <span class='ocrx_word' id='word_1_1197' title='bbox 1704 1303 1853 1340; x_wconf 80' lang='lat' dir='ltr'>entremis‚</span> <span class='ocrx_word' id='word_1_1198' title='bbox 1871 1302 1904 1332; x_wconf 89' lang='lat'>&amp;</span> <span class='ocrx_word' id='word_1_1199' title='bbox 1917 1301 2013 1333; x_wconf 90' lang='lat' dir='ltr'>vostre</span> <span class='ocrx_word' id='word_1_1200' title='bbox 2034 1312 2106 1333; x_wconf 89' lang='lat' dir='ltr'>onur</span> <span class='ocrx_word' id='word_1_1201' title='bbox 2128 1304 2227 1342; x_wconf 83' lang='lat' dir='ltr'>garde,</span> <span class='ocrx_word' id='word_1_1202' title='bbox 2244 1314 2261 1334; x_wconf 88' lang='grc'>3</span> <span class='ocrx_word' id='word_1_1203' title='bbox 2276 1313 2341 1334; x_wconf 84' lang='grc'><strong>1105-</strong></span> 
     </span>
     <span class='ocr_line' id='line_1_121' title="bbox 1287 1344 1418 1374; baseline 0 -8"><span class='ocrx_word' id='word_1_1204' title='bbox 1287 1344 1328 1366; x_wconf 92' lang='lat' dir='ltr'>tre</span> <span class='ocrx_word' id='word_1_1205' title='bbox 1342 1345 1418 1374; x_wconf 90' lang='lat' dir='ltr'>poer.</span> 
     </span>
    </p>

    <p class='ocr_par' dir='ltr' id='par_1_43' title="bbox 1287 1375 2345 1494">
     <span class='ocr_line' id='line_1_122' title="bbox 1325 1375 2345 1417; baseline 0.008 -14"><span class='ocrx_word' id='word_1_1206' title='bbox 1325 1375 1386 1404; x_wconf 87' lang='lat' dir='ltr'>Sire</span> <span class='ocrx_word' id='word_1_1207' title='bbox 1399 1398 1408 1413; x_wconf 91' lang='lat'>,</span> <span class='ocrx_word' id='word_1_1208' title='bbox 1435 1384 1486 1404; x_wconf 87' lang='lat' dir='ltr'>nus</span> <span class='ocrx_word' id='word_1_1209' title='bbox 1500 1385 1551 1405; x_wconf 91' lang='lat' dir='ltr'>vus</span> <span class='ocrx_word' id='word_1_1210' title='bbox 1572 1376 1711 1406; x_wconf 87' lang='lat' dir='ltr'>mercions</span> <span class='ocrx_word' id='word_1_1211' title='bbox 1726 1377 1798 1407; x_wconf 91' lang='lat' dir='ltr'>mult</span> <span class='ocrx_word' id='word_1_1212' title='bbox 1817 1377 1854 1408; x_wconf 92' lang='lat' dir='ltr'>de</span> <span class='ocrx_word' id='word_1_1213' title='bbox 1869 1387 1906 1408; x_wconf 92' lang='lat' dir='ltr'>co</span> <span class='ocrx_word' id='word_1_1214' title='bbox 1919 1401 1928 1417; x_wconf 94' lang='lat'>,</span> <span class='ocrx_word' id='word_1_1215' title='bbox 1955 1378 1991 1409; x_wconf 90' lang='lat' dir='ltr'>ke</span> <span class='ocrx_word' id='word_1_1216' title='bbox 2007 1389 2057 1409; x_wconf 89' lang='lat' dir='ltr'>vus</span> <span class='ocrx_word' id='word_1_1217' title='bbox 2077 1379 2147 1410; x_wconf 87' lang='lat' dir='ltr'>estes</span> <span class='ocrx_word' id='word_1_1218' title='bbox 2168 1379 2289 1410; x_wconf 86' lang='lat' dir='ltr'>defirous</span> <span class='ocrx_word' id='word_1_1219' title='bbox 2309 1380 2345 1411; x_wconf 89' lang='lat' dir='ltr'>de</span> 
     </span>
     <span class='ocr_line' id='line_1_123' title="bbox 1287 1412 2345 1454; baseline 0.007 -12"><span class='ocrx_word' id='word_1_1220' title='bbox 1287 1412 1361 1443; x_wconf 84' lang='lat' dir='ltr'>sauer</span> <span class='ocrx_word' id='word_1_1221' title='bbox 1375 1412 1463 1443; x_wconf 86' lang='lat' dir='ltr'>bones</span> <span class='ocrx_word' id='word_1_1222' title='bbox 1477 1412 1590 1444; x_wconf 90' lang='lat' dir='ltr'>noveles</span> <span class='ocrx_word' id='word_1_1223' title='bbox 1604 1413 1640 1444; x_wconf 90' lang='lat' dir='ltr'>de</span> <span class='ocrx_word' id='word_1_1224' title='bbox 1655 1414 1749 1445; x_wconf 87' lang='lat' dir='ltr'>nostre</span> <span class='ocrx_word' id='word_1_1225' title='bbox 1763 1416 1831 1446; x_wconf 86' lang='lat' dir='ltr'>estat</span> <span class='ocrx_word' id='word_1_1226' title='bbox 1846 1428 1856 1454; x_wconf 63' lang='grc' dir='ltr'><strong>ς</strong></span> <span class='ocrx_word' id='word_1_1227' title='bbox 1879 1417 1912 1447; x_wconf 85' lang='lat'>&amp;</span> <span class='ocrx_word' id='word_1_1228' title='bbox 1929 1427 1980 1447; x_wconf 90' lang='lat' dir='ltr'>vus</span> <span class='ocrx_word' id='word_1_1229' title='bbox 1996 1417 2085 1448; x_wconf 88' lang='lat' dir='ltr'>fesons</span> <span class='ocrx_word' id='word_1_1230' title='bbox 2099 1428 2114 1448; x_wconf 91' lang='grc'>3</span> <span class='ocrx_word' id='word_1_1231' title='bbox 2133 1419 2206 1448; x_wconf 86' lang='lat' dir='ltr'>sauer</span> <span class='ocrx_word' id='word_1_1232' title='bbox 2223 1418 2259 1448; x_wconf 89' lang='lat' dir='ltr'>ke</span> <span class='ocrx_word' id='word_1_1233' title='bbox 2274 1429 2345 1450; x_wconf 89' lang='lat' dir='ltr'>nous</span> 
     </span>
     <span class='ocr_line' id='line_1_124' title="bbox 1288 1451 2345 1494; baseline 0.008 -14"><span class='ocrx_word' id='word_1_1234' title='bbox 1288 1451 1375 1481; x_wconf 90' lang='lat' dir='ltr'>sumes</span> <span class='ocrx_word' id='word_1_1235' title='bbox 1388 1461 1424 1481; x_wconf 90' lang='lat' dir='ltr'>en</span> <span class='ocrx_word' id='word_1_1236' title='bbox 1441 1451 1498 1481; x_wconf 87' lang='lat' dir='ltr'>bon</span> <span class='ocrx_word' id='word_1_1237' title='bbox 1514 1451 1581 1482; x_wconf 87' lang='lat' dir='ltr'>estat</span> <span class='ocrx_word' id='word_1_1238' title='bbox 1596 1475 1605 1490; x_wconf 86' lang='lat'>,</span> <span class='ocrx_word' id='word_1_1239' title='bbox 1630 1452 1655 1482; x_wconf 86' lang='lat' dir='ltr'>la</span> <span class='ocrx_word' id='word_1_1240' title='bbox 1671 1452 1747 1484; x_wconf 88' lang='lat' dir='ltr'>Dieu</span> <span class='ocrx_word' id='word_1_1241' title='bbox 1767 1456 1853 1485; x_wconf 88' lang='lat' dir='ltr'>merci</span> <span class='ocrx_word' id='word_1_1242' title='bbox 1863 1478 1872 1491; x_wconf 92' lang='lat'>,</span> <span class='ocrx_word' id='word_1_1243' title='bbox 1890 1463 1976 1494; x_wconf 86' lang='lat' dir='ltr'>quant</span> <span class='ocrx_word' id='word_1_1244' title='bbox 1989 1455 2063 1486; x_wconf 89' lang='lat' dir='ltr'>ceste</span> <span class='ocrx_word' id='word_1_1245' title='bbox 2080 1456 2159 1487; x_wconf 87' lang='lat' dir='ltr'>lettre</span> <span class='ocrx_word' id='word_1_1246' title='bbox 2174 1457 2204 1487; x_wconf 87' lang='lat' dir='ltr'>fu</span> <span class='ocrx_word' id='word_1_1247' title='bbox 2218 1456 2290 1493; x_wconf 80' lang='lat' dir='ltr'>fete3</span> <span class='ocrx_word' id='word_1_1248' title='bbox 2311 1458 2345 1488; x_wconf 88' lang='lat'>&amp;</span> 
     </span>
    </p>
   </div>
   <div class='ocr_carea' id='block_1_29' title="bbox 1288 1489 2347 1567">
    <p class='ocr_par' dir='ltr' id='par_1_44' title="bbox 1288 1489 2347 1567">
     <span class='ocr_line' id='line_1_125' title="bbox 1289 1489 2347 1534; baseline 0.006 -14"><span class='ocrx_word' id='word_1_1249' title='bbox 1289 1500 1339 1520; x_wconf 90' lang='lat' dir='ltr'>vus</span> <span class='ocrx_word' id='word_1_1250' title='bbox 1354 1491 1446 1528; x_wconf 89' lang='lat' dir='ltr'>priuns</span> <span class='ocrx_word' id='word_1_1251' title='bbox 1460 1489 1495 1519; x_wconf 91' lang='lat' dir='ltr'>ke</span> <span class='ocrx_word' id='word_1_1252' title='bbox 1510 1500 1560 1520; x_wconf 85' lang='lat' dir='ltr'>vus</span> <span class='ocrx_word' id='word_1_1253' title='bbox 1574 1491 1677 1521; x_wconf 88' lang='lat' dir='ltr'>voillez</span> <span class='ocrx_word' id='word_1_1254' title='bbox 1691 1491 1804 1523; x_wconf 80' lang='lat' dir='ltr'>fovente</span> <span class='ocrx_word' id='word_1_1255' title='bbox 1816 1493 1875 1524; x_wconf 82' lang='lat' dir='ltr'>foiz</span> <span class='ocrx_word' id='word_1_1256' title='bbox 1887 1493 1981 1524; x_wconf 84' lang='lat' dir='ltr'>vostre</span> <span class='ocrx_word' id='word_1_1257' title='bbox 1995 1494 2063 1525; x_wconf 86' lang='lat' dir='ltr'>estat</span> <span class='ocrx_word' id='word_1_1258' title='bbox 2076 1495 2226 1534; x_wconf 88' lang='lat' dir='ltr'>maunder,</span> <span class='ocrx_word' id='word_1_1259' title='bbox 2242 1495 2269 1525; x_wconf 91' lang='grc'>16</span> <span class='ocrx_word' id='word_1_1260' title='bbox 2281 1495 2347 1534; x_wconf 90' lang='lat' dir='ltr'>quel</span> 
     </span>
     <span class='ocr_line' id='line_1_126' title="bbox 1288 1528 1749 1567; baseline 0.007 -9"><span class='ocrx_word' id='word_1_1261' title='bbox 1288 1528 1385 1558; x_wconf 91' lang='lat' dir='ltr'>nostre</span> <span class='ocrx_word' id='word_1_1262' title='bbox 1403 1528 1462 1558; x_wconf 89' lang='lat' dir='ltr'>Sire</span> <span class='ocrx_word' id='word_1_1263' title='bbox 1475 1528 1535 1559; x_wconf 89' lang='lat' dir='ltr'>face</span> <span class='ocrx_word' id='word_1_1264' title='bbox 1548 1537 1597 1559; x_wconf 88' lang='lat' dir='ltr'>tuz</span> <span class='ocrx_word' id='word_1_1265' title='bbox 1609 1530 1666 1567; x_wconf 86' lang='lat' dir='ltr'>jurs</span> <span class='ocrx_word' id='word_1_1266' title='bbox 1681 1530 1749 1561; x_wconf 92' lang='lat' dir='ltr'>bon.</span> 
     </span>
    </p>
   </div>
   <div class='ocr_carea' id='block_1_30' title="bbox 1288 1606 2349 1686">
    <p class='ocr_par' dir='ltr' id='par_1_45' title="bbox 1288 1606 2349 1686">
     <span class='ocr_line' id='line_1_127' title="bbox 1329 1606 2349 1654; baseline 0.009 -17"><span class='ocrx_word' id='word_1_1267' title='bbox 1329 1606 1395 1637; x_wconf 86' lang='lat' dir='ltr'>Dat.</span> <span class='ocrx_word' id='word_1_1268' title='bbox 1411 1608 1483 1648; x_wconf 89' lang='lat' dir='ltr'>apud</span> <span class='ocrx_word' id='word_1_1269' title='bbox 1499 1609 1590 1639; x_wconf 86' lang='lat' dir='ltr'>vaell.</span> <span class='ocrx_word' id='word_1_1270' title='bbox 1604 1609 1650 1640; x_wconf 91' lang='lat' dir='ltr'>die</span> <span class='ocrx_word' id='word_1_1271' title='bbox 1664 1610 1778 1642; x_wconf 84' lang='lat' dir='ltr'>Sabbati</span> <span class='ocrx_word' id='word_1_1272' title='bbox 1794 1613 1824 1642; x_wconf 90' lang='lat' dir='ltr'>in</span> <span class='ocrx_word' id='word_1_1273' title='bbox 1836 1611 1937 1652; x_wconf 66' lang='lat' dir='ltr'>vigilia</span> <span class='ocrx_word' id='word_1_1274' title='bbox 1949 1613 2046 1645; x_wconf 68' lang='grc'><strong>8311611</strong></span> <span class='ocrx_word' id='word_1_1275' title='bbox 2059 1613 2185 1646; x_wconf 90' lang='lat' dir='ltr'>Thomae</span> <span class='ocrx_word' id='word_1_1276' title='bbox 2200 1614 2332 1654; x_wconf 80' lang='lat' dir='ltr'>Apostoli</span> <span class='ocrx_word' id='word_1_1277' title='bbox 2339 1638 2349 1654; x_wconf 90' lang='lat'>‚</span> 
     </span>
     <span class='ocr_line' id='line_1_128' title="bbox 1288 1645 1716 1686; baseline 0.007 -10"><span class='ocrx_word' id='word_1_1278' title='bbox 1288 1656 1364 1676; x_wconf 85' lang='lat' dir='ltr'>anno</span> <span class='ocrx_word' id='word_1_1279' title='bbox 1379 1645 1473 1686; x_wconf 88' lang='lat' dir='ltr'>Regni</span> <span class='ocrx_word' id='word_1_1280' title='bbox 1489 1647 1577 1679; x_wconf 87' lang='lat' dir='ltr'>nostri</span> <span class='ocrx_word' id='word_1_1281' title='bbox 1593 1647 1716 1679; x_wconf 90' lang='lat' dir='ltr'>decimo.</span> 
     </span>
    </p>
   </div>
   <div class='ocr_carea' id='block_1_31' title="bbox 1296 1729 2351 1743">
    <p class='ocr_par' dir='ltr' id='par_1_46' title="bbox 1296 1729 2351 1743">
     <span class='ocr_line' id='line_1_129' title="bbox 1296 1729 2351 1743; baseline 0 2518"><span class='ocrx_word' id='word_1_1282' title='bbox 1296 1729 2351 1743; x_wconf 95' lang='lat' dir='ltr'> </span> 
     </span>
    </p>
   </div>
   <div class='ocr_carea' id='block_1_32' title="bbox 1294 1780 2352 1881">
    <p class='ocr_par' dir='ltr' id='par_1_47' title="bbox 1294 1780 2352 1881">
     <span class='ocr_line' id='line_1_130' title="bbox 1294 1780 2352 1834; baseline 0.009 -21"><span class='ocrx_word' id='word_1_1283' title='bbox 1294 1783 1342 1814; x_wconf 84' lang='lat' dir='ltr'>De</span> <span class='ocrx_word' id='word_1_1284' title='bbox 1363 1783 1492 1815; x_wconf 80' lang='lat' dir='ltr'>Nunciis</span> <span class='ocrx_word' id='word_1_1285' title='bbox 1516 1780 1645 1830; x_wconf 78' lang='lat' dir='ltr'>Philippi</span> <span class='ocrx_word' id='word_1_1286' title='bbox 1668 1784 1754 1831; x_wconf 82' lang='lat' dir='ltr'>Regis</span> <span class='ocrx_word' id='word_1_1287' title='bbox 1773 1785 1901 1817; x_wconf 72' lang='lat' dir='ltr'>Franci-e</span> <span class='ocrx_word' id='word_1_1288' title='bbox 1915 1811 1925 1827; x_wconf 90' lang='lat'>,</span> <span class='ocrx_word' id='word_1_1289' title='bbox 1951 1788 2004 1830; x_wconf 82' lang='lat' dir='ltr'>qui</span> <span class='ocrx_word' id='word_1_1290' title='bbox 2026 1787 2226 1832; x_wconf 60' lang='lat' dir='ltr'>responsionem</span> <span class='ocrx_word' id='word_1_1291' title='bbox 2247 1797 2352 1834; x_wconf 79' lang='lat' dir='ltr'>praeter</span> 
     </span>
     <span class='ocr_line' id='line_1_131' title="bbox 1408 1831 2234 1881; baseline 0.007 -18"><span class='ocrx_word' id='word_1_1292' title='bbox 1408 1834 1594 1865; x_wconf 78' lang='lat' dir='ltr'>intentionem</span> <span class='ocrx_word' id='word_1_1293' title='bbox 1609 1831 1763 1866; x_wconf 76' lang='lat' dir='ltr'>Edwardi</span> <span class='ocrx_word' id='word_1_1294' title='bbox 1778 1835 1881 1880; x_wconf 86' lang='lat' dir='ltr'>Regis,</span> <span class='ocrx_word' id='word_1_1295' title='bbox 1907 1835 2036 1866; x_wconf 81' lang='lat' dir='ltr'>Domino</span> <span class='ocrx_word' id='word_1_1296' title='bbox 2048 1835 2156 1879; x_wconf 68' lang='lat' dir='ltr'>fierunt</span> <span class='ocrx_word' id='word_1_1297' title='bbox 2166 1835 2234 1881; x_wconf 74' lang='lat' dir='ltr'>sito.</span> 
     </span>
    </p>
   </div>
   <div class='ocr_carea' id='block_1_33' title="bbox 1295 1918 2500 2346">
    <p class='ocr_par' dir='ltr' id='par_1_48' title="bbox 1295 1918 2500 1980">
     <span class='ocr_line' id='line_1_132' title="bbox 1295 1918 2500 1980; baseline 0.007 -32"><span class='ocrx_word' id='word_1_1298' title='bbox 1295 1918 1389 1980; x_wconf 86' lang='lat' dir='ltr'>AU</span> <span class='ocrx_word' id='word_1_1299' title='bbox 1402 1920 1489 1950; x_wconf 78' lang='lat' dir='ltr'>noble</span> <span class='ocrx_word' id='word_1_1300' title='bbox 1504 1919 1622 1959; x_wconf 87' lang='lat' dir='ltr'>Prince,</span> <span class='ocrx_word' id='word_1_1301' title='bbox 1640 1921 1700 1951; x_wconf 76' lang='grc'><strong>816.</strong></span> <span class='ocrx_word' id='word_1_1302' title='bbox 1715 1920 1784 1962; x_wconf 89' lang='lat' dir='ltr'>Roy</span> <span class='ocrx_word' id='word_1_1303' title='bbox 1797 1921 1832 1952; x_wconf 89' lang='lat' dir='ltr'>de</span> <span class='ocrx_word' id='word_1_1304' title='bbox 1850 1921 1992 1958; x_wconf 83' lang='lat' dir='ltr'>Fraunce,</span> <span class='ocrx_word' id='word_1_1305' title='bbox 2010 1921 2062 1952; x_wconf 91' lang='lat' dir='ltr'>Ph.</span> <span class='ocrx_word' id='word_1_1306' title='bbox 2076 1924 2136 1955; x_wconf 89' lang='lat' dir='ltr'>&amp;c.</span> <span class='ocrx_word' id='word_1_1307' title='bbox 2153 1923 2206 1955; x_wconf 91' lang='lat' dir='ltr'>Ed.</span> <span class='ocrx_word' id='word_1_1308' title='bbox 2221 1925 2281 1956; x_wconf 89' lang='lat' dir='ltr'>&amp;c.</span> <span class='ocrx_word' id='word_1_1309' title='bbox 2369 1930 2446 1963; x_wconf 74' lang='grc' dir='ltr'>Αῃῃ,</span> <span class='ocrx_word' id='word_1_1310' title='bbox 2459 1931 2500 1962; x_wconf 81' lang='grc' dir='ltr'>Ι),</span> 
     </span>
    </p>

    <p class='ocr_par' dir='ltr' id='par_1_49' title="bbox 1295 1957 2484 2151">
     <span class='ocr_line' id='line_1_133' title="bbox 1393 1957 2478 2002; baseline 0.006 -14"><span class='ocrx_word' id='word_1_1311' title='bbox 1393 1957 1468 1997; x_wconf 87' lang='grc'><strong>8116,</strong></span> <span class='ocrx_word' id='word_1_1312' title='bbox 1486 1960 1515 1988; x_wconf 86' lang='grc'>10</span> <span class='ocrx_word' id='word_1_1313' title='bbox 1529 1969 1562 1997; x_wconf 86' lang='lat' dir='ltr'>ay</span> <span class='ocrx_word' id='word_1_1314' title='bbox 1577 1958 1700 1989; x_wconf 89' lang='lat' dir='ltr'>entendu</span> <span class='ocrx_word' id='word_1_1315' title='bbox 1720 1970 1767 1997; x_wconf 85' lang='lat' dir='ltr'>par</span> <span class='ocrx_word' id='word_1_1316' title='bbox 1782 1959 1807 1990; x_wconf 91' lang='grc'>16</span> <span class='ocrx_word' id='word_1_1317' title='bbox 1827 1960 1944 1997; x_wconf 84' lang='lat' dir='ltr'>Seignur</span> <span class='ocrx_word' id='word_1_1318' title='bbox 1963 1960 1999 1990; x_wconf 91' lang='lat' dir='ltr'>de</span> <span class='ocrx_word' id='word_1_1319' title='bbox 2018 1961 2118 1992; x_wconf 86' lang='lat' dir='ltr'>Croun</span> <span class='ocrx_word' id='word_1_1320' title='bbox 2132 1985 2142 2001; x_wconf 90' lang='lat'>,</span> <span class='ocrx_word' id='word_1_1321' title='bbox 2168 1973 2239 1994; x_wconf 90' lang='lat' dir='ltr'>mon</span> <span class='ocrx_word' id='word_1_1322' title='bbox 2258 1964 2351 2002; x_wconf 82' lang='lat' dir='ltr'>cosin,</span> <span class='ocrx_word' id='word_1_1323' title='bbox 2394 1971 2478 2000; x_wconf 85' lang='lat'>1281.</span> 
     </span>
     <span class='ocr_line' id='line_1_134' title="bbox 1295 1996 2484 2040; baseline 0.006 -14"><span class='ocrx_word' id='word_1_1324' title='bbox 1295 2006 1331 2035; x_wconf 90' lang='lat' dir='ltr'>qe</span> <span class='ocrx_word' id='word_1_1325' title='bbox 1345 2005 1404 2026; x_wconf 86' lang='lat' dir='ltr'>voz</span> <span class='ocrx_word' id='word_1_1326' title='bbox 1420 1996 1572 2037; x_wconf 82' lang='lat' dir='ltr'>Meffages,</span> <span class='ocrx_word' id='word_1_1327' title='bbox 1591 1999 1619 2035; x_wconf 84' lang='lat' dir='ltr'>qi</span> <span class='ocrx_word' id='word_1_1328' title='bbox 1634 1998 1772 2036; x_wconf 83' lang='lat' dir='ltr'>n&#39;agueres</span> <span class='ocrx_word' id='word_1_1329' title='bbox 1787 1998 1939 2029; x_wconf 81' lang='lat' dir='ltr'>envoiastes</span> <span class='ocrx_word' id='word_1_1330' title='bbox 1953 2010 1968 2029; x_wconf 87' lang='lat' dir='ltr'>a</span> <span class='ocrx_word' id='word_1_1331' title='bbox 1981 2001 2041 2030; x_wconf 87' lang='lat' dir='ltr'>moi</span> <span class='ocrx_word' id='word_1_1332' title='bbox 2054 2023 2064 2038; x_wconf 89' lang='lat'>,</span> <span class='ocrx_word' id='word_1_1333' title='bbox 2087 2010 2137 2031; x_wconf 90' lang='lat' dir='ltr'>vus</span> <span class='ocrx_word' id='word_1_1334' title='bbox 2157 2010 2228 2032; x_wconf 84' lang='lat' dir='ltr'>ount</span> <span class='ocrx_word' id='word_1_1335' title='bbox 2239 2006 2350 2040; x_wconf 87' lang='lat' dir='ltr'>reporte</span> <span class='ocrx_word' id='word_1_1336' title='bbox 2371 2013 2422 2037; x_wconf 77' lang='lat' dir='ltr'>An,</span> <span class='ocrx_word' id='word_1_1337' title='bbox 2441 2019 2484 2036; x_wconf 82' lang='lat' dir='ltr'>ro.</span> 
     </span>
     <span class='ocr_line' id='line_1_135' title="bbox 1296 2034 2442 2078; baseline 0.006 -14"><span class='ocrx_word' id='word_1_1338' title='bbox 1296 2034 1391 2065; x_wconf 83' lang='lat' dir='ltr'>nostre</span> <span class='ocrx_word' id='word_1_1339' title='bbox 1403 2035 1513 2073; x_wconf 86' lang='lat' dir='ltr'>respons</span> <span class='ocrx_word' id='word_1_1340' title='bbox 1527 2059 1536 2073; x_wconf 88' lang='lat'>,</span> <span class='ocrx_word' id='word_1_1341' title='bbox 1560 2044 1717 2067; x_wconf 85' lang='lat' dir='ltr'>autrement</span> <span class='ocrx_word' id='word_1_1342' title='bbox 1737 2036 1772 2067; x_wconf 91' lang='lat' dir='ltr'>ke</span> <span class='ocrx_word' id='word_1_1343' title='bbox 1783 2038 1812 2067; x_wconf 92' lang='grc'>10</span> <span class='ocrx_word' id='word_1_1344' title='bbox 1831 2047 1867 2067; x_wconf 91' lang='grc'>116</span> <span class='ocrx_word' id='word_1_1345' title='bbox 1880 2037 2011 2068; x_wconf 87' lang='lat' dir='ltr'>l&#39;entendi</span> <span class='ocrx_word' id='word_1_1346' title='bbox 2026 2061 2035 2076; x_wconf 86' lang='lat'>,</span> <span class='ocrx_word' id='word_1_1347' title='bbox 2061 2049 2077 2068; x_wconf 92' lang='lat' dir='ltr'>e</span> <span class='ocrx_word' id='word_1_1348' title='bbox 2091 2049 2126 2069; x_wconf 90' lang='lat' dir='ltr'>ne</span> <span class='ocrx_word' id='word_1_1349' title='bbox 2140 2042 2198 2070; x_wconf 86' lang='lat' dir='ltr'>mie</span> <span class='ocrx_word' id='word_1_1350' title='bbox 2211 2040 2231 2070; x_wconf 91' lang='lat' dir='ltr'>s1</span> <span class='ocrx_word' id='word_1_1351' title='bbox 2247 2040 2352 2078; x_wconf 87' lang='lat' dir='ltr'>pleine-</span> <span class='ocrx_word' id='word_1_1352' title='bbox 2370 2051 2399 2074; x_wconf 80' lang='lat' dir='ltr'>E.</span> <span class='ocrx_word' id='word_1_1353' title='bbox 2419 2057 2442 2074; x_wconf 76' lang='grc' dir='ltr'>ι,</span> 
     </span>
     <span class='ocr_line' id='line_1_136' title="bbox 1297 2073 2433 2118; baseline 0.006 -15"><span class='ocrx_word' id='word_1_1354' title='bbox 1297 2082 1391 2111; x_wconf 77' lang='lat' dir='ltr'>ment,</span> <span class='ocrx_word' id='word_1_1355' title='bbox 1409 2084 1495 2104; x_wconf 90' lang='lat' dir='ltr'>come</span> <span class='ocrx_word' id='word_1_1356' title='bbox 1509 2075 1538 2104; x_wconf 94' lang='lat' dir='ltr'>io</span> <span class='ocrx_word' id='word_1_1357' title='bbox 1550 2073 1591 2105; x_wconf 91' lang='lat' dir='ltr'>lur</span> <span class='ocrx_word' id='word_1_1358' title='bbox 1605 2084 1676 2113; x_wconf 88' lang='lat' dir='ltr'>avoy</span> <span class='ocrx_word' id='word_1_1359' title='bbox 1692 2074 1829 2113; x_wconf 86' lang='lat' dir='ltr'>respondu</span> <span class='ocrx_word' id='word_1_1360' title='bbox 1843 2088 1854 2114; x_wconf 88' lang='lat'>·,</span> <span class='ocrx_word' id='word_1_1361' title='bbox 1877 2085 1924 2113; x_wconf 85' lang='lat' dir='ltr'>par</span> <span class='ocrx_word' id='word_1_1362' title='bbox 1937 2078 2006 2114; x_wconf 76' lang='lat' dir='ltr'>quoi</span> <span class='ocrx_word' id='word_1_1363' title='bbox 2022 2087 2072 2108; x_wconf 89' lang='lat' dir='ltr'>vus</span> <span class='ocrx_word' id='word_1_1364' title='bbox 2086 2077 2187 2108; x_wconf 82' lang='lat' dir='ltr'>esteiez</span> <span class='ocrx_word' id='word_1_1365' title='bbox 2204 2088 2316 2118; x_wconf 89' lang='lat' dir='ltr'>ennuy,</span> <span class='ocrx_word' id='word_1_1366' title='bbox 2336 2089 2352 2109; x_wconf 88' lang='grc'>6</span> <span class='ocrx_word' id='word_1_1367' title='bbox 2370 2086 2433 2114; x_wconf 67' lang='lat' dir='ltr'>ibid.</span> 
     </span>
     <span class='ocr_line' id='line_1_137' title="bbox 1297 2111 1734 2151; baseline 0.002 -9"><span class='ocrx_word' id='word_1_1368' title='bbox 1297 2111 1333 2143; x_wconf 92' lang='lat' dir='ltr'>de</span> <span class='ocrx_word' id='word_1_1369' title='bbox 1347 2112 1410 2151; x_wconf 85' lang='lat' dir='ltr'>quei</span> <span class='ocrx_word' id='word_1_1370' title='bbox 1426 2114 1454 2142; x_wconf 87' lang='lat' dir='ltr'>io</span> <span class='ocrx_word' id='word_1_1371' title='bbox 1466 2112 1495 2142; x_wconf 92' lang='lat' dir='ltr'>fu</span> <span class='ocrx_word' id='word_1_1372' title='bbox 1509 2113 1581 2144; x_wconf 88' lang='lat' dir='ltr'>mult</span> <span class='ocrx_word' id='word_1_1373' title='bbox 1594 2124 1610 2144; x_wconf 88' lang='lat' dir='ltr'>a</span> <span class='ocrx_word' id='word_1_1374' title='bbox 1627 2112 1734 2143; x_wconf 86' lang='lat' dir='ltr'>melese.</span> 
     </span>
    </p>

    <p class='ocr_par' dir='ltr' id='par_1_50' title="bbox 1297 2150 2356 2268">
     <span class='ocr_line' id='line_1_138' title="bbox 1335 2150 2355 2193; baseline 0.006 -13"><span class='ocrx_word' id='word_1_1375' title='bbox 1335 2150 1387 2180; x_wconf 87' lang='lat' dir='ltr'>Par</span> <span class='ocrx_word' id='word_1_1376' title='bbox 1400 2152 1469 2190; x_wconf 90' lang='lat' dir='ltr'>quoi</span> <span class='ocrx_word' id='word_1_1377' title='bbox 1483 2151 1511 2181; x_wconf 91' lang='lat' dir='ltr'>io</span> <span class='ocrx_word' id='word_1_1378' title='bbox 1525 2162 1576 2182; x_wconf 87' lang='lat' dir='ltr'>vus</span> <span class='ocrx_word' id='word_1_1379' title='bbox 1591 2162 1684 2190; x_wconf 91' lang='lat' dir='ltr'>envoy</span> <span class='ocrx_word' id='word_1_1380' title='bbox 1703 2151 1844 2183; x_wconf 82' lang='lat' dir='ltr'>l’avantdit</span> <span class='ocrx_word' id='word_1_1381' title='bbox 1863 2162 1933 2183; x_wconf 90' lang='lat' dir='ltr'>mon</span> <span class='ocrx_word' id='word_1_1382' title='bbox 1947 2154 2042 2192; x_wconf 76' lang='grc'><strong>601111,</strong></span> <span class='ocrx_word' id='word_1_1383' title='bbox 2063 2154 2096 2185; x_wconf 89' lang='lat'>&amp;</span> <span class='ocrx_word' id='word_1_1384' title='bbox 2116 2152 2260 2185; x_wconf 85' lang='lat' dir='ltr'>Auntoine</span> <span class='ocrx_word' id='word_1_1385' title='bbox 2278 2154 2355 2193; x_wconf 83' lang='lat' dir='ltr'>Bek,</span> 
     </span>
     <span class='ocr_line' id='line_1_139' title="bbox 1297 2188 2356 2233; baseline 0.006 -15"><span class='ocrx_word' id='word_1_1386' title='bbox 1297 2197 1348 2228; x_wconf 89' lang='lat' dir='ltr'>pur</span> <span class='ocrx_word' id='word_1_1387' title='bbox 1360 2188 1419 2219; x_wconf 90' lang='lat' dir='ltr'>dire</span> <span class='ocrx_word' id='word_1_1388' title='bbox 1435 2200 1486 2219; x_wconf 92' lang='lat' dir='ltr'>vus</span> <span class='ocrx_word' id='word_1_1389' title='bbox 1501 2198 1560 2220; x_wconf 87' lang='lat' dir='ltr'>tute</span> <span class='ocrx_word' id='word_1_1390' title='bbox 1573 2190 1598 2220; x_wconf 93' lang='lat' dir='ltr'>la</span> <span class='ocrx_word' id='word_1_1391' title='bbox 1607 2192 1694 2222; x_wconf 85' lang='lat' dir='ltr'>verite</span> <span class='ocrx_word' id='word_1_1392' title='bbox 1705 2190 1794 2223; x_wconf 89' lang='lat' dir='ltr'>delur</span> <span class='ocrx_word' id='word_1_1393' title='bbox 1808 2191 1914 2230; x_wconf 87' lang='lat' dir='ltr'>paroles</span> <span class='ocrx_word' id='word_1_1394' title='bbox 1947 2192 1980 2222; x_wconf 89' lang='lat'>&amp;</span> <span class='ocrx_word' id='word_1_1395' title='bbox 1994 2192 2030 2222; x_wconf 91' lang='lat' dir='ltr'>de</span> <span class='ocrx_word' id='word_1_1396' title='bbox 2045 2202 2116 2223; x_wconf 90' lang='lat' dir='ltr'>mon</span> <span class='ocrx_word' id='word_1_1397' title='bbox 2130 2193 2256 2233; x_wconf 68' lang='lat' dir='ltr'>respons,</span> <span class='ocrx_word' id='word_1_1398' title='bbox 2275 2203 2291 2224; x_wconf 90' lang='lat' dir='ltr'>e</span> <span class='ocrx_word' id='word_1_1399' title='bbox 2304 2204 2356 2224; x_wconf 81' lang='lat' dir='ltr'>vus</span> 
     </span>
     <span class='ocr_line' id='line_1_140' title="bbox 1298 2225 2037 2268; baseline 0.004 -11"><span class='ocrx_word' id='word_1_1400' title='bbox 1298 2228 1339 2268; x_wconf 90' lang='lat' dir='ltr'>pri</span> <span class='ocrx_word' id='word_1_1401' title='bbox 1374 2225 1459 2258; x_wconf 90' lang='lat' dir='ltr'>chere</span> <span class='ocrx_word' id='word_1_1402' title='bbox 1471 2228 1548 2267; x_wconf 84' lang='lat' dir='ltr'>Sire,</span> <span class='ocrx_word' id='word_1_1403' title='bbox 1566 2229 1602 2259; x_wconf 91' lang='lat' dir='ltr'>ke</span> <span class='ocrx_word' id='word_1_1404' title='bbox 1615 2239 1666 2260; x_wconf 89' lang='lat' dir='ltr'>vus</span> <span class='ocrx_word' id='word_1_1405' title='bbox 1680 2229 1718 2260; x_wconf 89' lang='grc'>165</span> <span class='ocrx_word' id='word_1_1406' title='bbox 1731 2238 1813 2260; x_wconf 76' lang='lat' dir='ltr'>creez</span> <span class='ocrx_word' id='word_1_1407' title='bbox 1825 2229 1862 2259; x_wconf 92' lang='lat' dir='ltr'>de</span> <span class='ocrx_word' id='word_1_1408' title='bbox 1873 2239 1907 2259; x_wconf 90' lang='lat' dir='ltr'>ce</span> <span class='ocrx_word' id='word_1_1409' title='bbox 1947 2229 2037 2261; x_wconf 90' lang='lat' dir='ltr'>chose.</span> 
     </span>
    </p>

    <p class='ocr_par' dir='ltr' id='par_1_51' title="bbox 1299 2250 2358 2346">
     <span class='ocr_line' id='line_1_141' title="bbox 1333 2250 2358 2307; baseline 0.005 -11"><span class='ocrx_word' id='word_1_1410' title='bbox 1333 2250 1359 2296; x_wconf 67' lang='grc' dir='ltr'><em>ἐ</em></span> <span class='ocrx_word' id='word_1_1411' title='bbox 1373 2274 1478 2304; x_wconf 85' lang='lat' dir='ltr'>certes,</span> <span class='ocrx_word' id='word_1_1412' title='bbox 1496 2266 1573 2305; x_wconf 79' lang='lat' dir='ltr'>sire,</span> <span class='ocrx_word' id='word_1_1413' title='bbox 1592 2268 1611 2298; x_wconf 79' lang='lat' dir='ltr'>si</span> <span class='ocrx_word' id='word_1_1414' title='bbox 1625 2268 1685 2307; x_wconf 86' lang='lat' dir='ltr'>plus</span> <span class='ocrx_word' id='word_1_1415' title='bbox 1708 2268 1765 2298; x_wconf 90' lang='lat' dir='ltr'>tost</span> <span class='ocrx_word' id='word_1_1416' title='bbox 1778 2268 1803 2298; x_wconf 92' lang='lat' dir='ltr'>le</span> <span class='ocrx_word' id='word_1_1417' title='bbox 1817 2267 1891 2299; x_wconf 81' lang='lat' dir='ltr'>euffe</span> <span class='ocrx_word' id='word_1_1418' title='bbox 1904 2267 1950 2298; x_wconf 89' lang='lat' dir='ltr'>seu</span> <span class='ocrx_word' id='word_1_1419' title='bbox 1964 2291 1974 2307; x_wconf 87' lang='lat'>‚</span> <span class='ocrx_word' id='word_1_1420' title='bbox 1998 2269 2057 2307; x_wconf 84' lang='lat' dir='ltr'>plus</span> <span class='ocrx_word' id='word_1_1421' title='bbox 2076 2268 2132 2305; x_wconf 84' lang='lat' dir='ltr'>tost</span> <span class='ocrx_word' id='word_1_1422' title='bbox 2152 2279 2204 2301; x_wconf 89' lang='lat' dir='ltr'>vus</span> <span class='ocrx_word' id='word_1_1423' title='bbox 2218 2269 2294 2300; x_wconf 85' lang='lat' dir='ltr'>euffe</span> <span class='ocrx_word' id='word_1_1424' title='bbox 2309 2279 2358 2301; x_wconf 88' lang='lat' dir='ltr'>en-</span> 
     </span>
     <span class='ocr_line' id='line_1_142' title="bbox 1299 2305 1973 2346; baseline 0.001 -11"><span class='ocrx_word' id='word_1_1425' title='bbox 1299 2313 1372 2344; x_wconf 90' lang='lat' dir='ltr'>voye</span> <span class='ocrx_word' id='word_1_1426' title='bbox 1387 2315 1445 2335; x_wconf 89' lang='lat' dir='ltr'>mes</span> <span class='ocrx_word' id='word_1_1427' title='bbox 1459 2305 1616 2346; x_wconf 84' lang='lat' dir='ltr'>Messages,</span> <span class='ocrx_word' id='word_1_1428' title='bbox 1634 2317 1687 2345; x_wconf 87' lang='lat' dir='ltr'>pur</span> <span class='ocrx_word' id='word_1_1429' title='bbox 1700 2306 1759 2337; x_wconf 89' lang='lat' dir='ltr'>dire</span> <span class='ocrx_word' id='word_1_1430' title='bbox 1774 2317 1824 2338; x_wconf 88' lang='lat' dir='ltr'>vus</span> <span class='ocrx_word' id='word_1_1431' title='bbox 1838 2307 1864 2338; x_wconf 84' lang='lat' dir='ltr'>la</span> <span class='ocrx_word' id='word_1_1432' title='bbox 1878 2308 1973 2338; x_wconf 88' lang='lat' dir='ltr'>verite.</span> 
     </span>
    </p>
   </div>
   <div class='ocr_carea' id='block_1_34' title="bbox 1345 2382 1987 2398">
    <p class='ocr_par' dir='ltr' id='par_1_52' title="bbox 1345 2382 1987 2398">
     <span class='ocr_line' id='line_1_143' title="bbox 1345 2382 1987 2398; baseline 0 0"><span class='ocrx_word' id='word_1_1433' title='bbox 1345 2382 1987 2398; x_wconf 95' lang='lat' dir='ltr'> </span> 
     </span>
    </p>
   </div>
   <div class='ocr_carea' id='block_1_35' title="bbox 1301 2436 2359 2522">
    <p class='ocr_par' dir='ltr' id='par_1_53' title="bbox 1301 2436 2359 2522">
     <span class='ocr_line' id='line_1_144' title="bbox 1301 2436 2359 2521; baseline 0.007 -51"><span class='ocrx_word' id='word_1_1434' title='bbox 1301 2440 1358 2470; x_wconf 85' lang='lat' dir='ltr'>Pro</span> <span class='ocrx_word' id='word_1_1435' title='bbox 1381 2439 1468 2471; x_wconf 81' lang='lat' dir='ltr'>Luca</span> <span class='ocrx_word' id='word_1_1436' title='bbox 1486 2436 1521 2471; x_wconf 85' lang='lat' dir='ltr'>de</span> <span class='ocrx_word' id='word_1_1437' title='bbox 1545 2437 1649 2488; x_wconf 74' lang='lat' dir='ltr'>Thany</span> <span class='ocrx_word' id='word_1_1438' title='bbox 1667 2449 1703 2478; x_wconf 69' lang='lat' dir='ltr'>(y</span> <span class='ocrx_word' id='word_1_1439' title='bbox 1723 2437 1867 2520; x_wconf 55' lang='lat' dir='ltr'>gentibus</span> <span class='ocrx_word' id='word_1_1440' title='bbox 1880 2439 1946 2521; x_wconf 68' lang='lat' dir='ltr'>slilcis</span> <span class='ocrx_word' id='word_1_1441' title='bbox 1966 2450 2022 2486; x_wconf 89' lang='lat' dir='ltr'>pro</span> <span class='ocrx_word' id='word_1_1442' title='bbox 2039 2440 2237 2486; x_wconf 76' lang='lat' dir='ltr'>proftcmione</span> <span class='ocrx_word' id='word_1_1443' title='bbox 2257 2444 2359 2487; x_wconf 73' lang='lat' dir='ltr'><em>cujus-</em></span> 
     </span>
     <span class='ocr_line' id='line_1_145' title="bbox 1747 2491 1934 2522; baseline 0.016 -3"><span class='ocrx_word' id='word_1_1444' title='bbox 1747 2499 1798 2520; x_wconf 81' lang='lat' dir='ltr'>am</span> <span class='ocrx_word' id='word_1_1445' title='bbox 1819 2491 1889 2522; x_wconf 79' lang='lat' dir='ltr'>Due</span> <span class='ocrx_word' id='word_1_1446' title='bbox 1913 2492 1934 2522; x_wconf 91' lang='lat' dir='ltr'>i.</span> 
     </span>
    </p>
   </div>
   <div class='ocr_carea' id='block_1_36' title="bbox 1303 2572 2516 3082">
    <p class='ocr_par' dir='ltr' id='par_1_54' title="bbox 1303 2572 2516 3082">
     <span class='ocr_line' id='line_1_146' title="bbox 1373 2572 2510 2618; baseline 0.006 -12"><span class='ocrx_word' id='word_1_1447' title='bbox 1373 2574 1436 2606; x_wconf 89' lang='lat' dir='ltr'>EX</span> <span class='ocrx_word' id='word_1_1448' title='bbox 1457 2575 1611 2607; x_wconf 85' lang='lat' dir='ltr'>Senescallo</span> <span class='ocrx_word' id='word_1_1449' title='bbox 1624 2575 1690 2615; x_wconf 85' lang='lat' dir='ltr'>suo,</span> <span class='ocrx_word' id='word_1_1450' title='bbox 1706 2577 1734 2605; x_wconf 90' lang='lat' dir='ltr'>in</span> <span class='ocrx_word' id='word_1_1451' title='bbox 1750 2576 1865 2607; x_wconf 81' lang='lat' dir='ltr'>Ducam</span> <span class='ocrx_word' id='word_1_1452' title='bbox 1879 2575 2073 2617; x_wconf 76' lang='lat' dir='ltr'>Aq&#39;uitanniae,</span> <span class='ocrx_word' id='word_1_1453' title='bbox 2090 2580 2123 2610; x_wconf 84' lang='lat'>&amp;</span> <span class='ocrx_word' id='word_1_1454' title='bbox 2138 2581 2194 2618; x_wconf 79' lang='lat' dir='ltr'>ejus</span> <span class='ocrx_word' id='word_1_1455' title='bbox 2207 2580 2304 2612; x_wconf 88' lang='lat' dir='ltr'>locum</span> <span class='ocrx_word' id='word_1_1456' title='bbox 2319 2588 2361 2612; x_wconf 86' lang='lat' dir='ltr'>te·</span> <span class='ocrx_word' id='word_1_1457' title='bbox 2381 2572 2457 2604; x_wconf 68' lang='grc' dir='ltr'>ΑΠΗ-</span> <span class='ocrx_word' id='word_1_1458' title='bbox 2471 2573 2510 2605; x_wconf 87' lang='lat' dir='ltr'>D·</span> 
     </span>
     <span class='ocr_line' id='line_1_147' title="bbox 1375 2613 2487 2659; baseline 0.006 -16"><span class='ocrx_word' id='word_1_1459' title='bbox 1375 2615 1505 2644; x_wconf 86' lang='lat' dir='ltr'>nentibus</span> <span class='ocrx_word' id='word_1_1460' title='bbox 1521 2616 1550 2644; x_wconf 90' lang='lat' dir='ltr'>in</span> <span class='ocrx_word' id='word_1_1461' title='bbox 1567 2613 1709 2653; x_wconf 87' lang='lat' dir='ltr'>Burdegal.</span> <span class='ocrx_word' id='word_1_1462' title='bbox 1726 2615 1759 2645; x_wconf 64' lang='grc' dir='ltr'>ὃς</span> <span class='ocrx_word' id='word_1_1463' title='bbox 1773 2615 1896 2645; x_wconf 86' lang='lat' dir='ltr'>Vasaten.</span> <span class='ocrx_word' id='word_1_1464' title='bbox 1912 2615 2054 2656; x_wconf 88' lang='lat' dir='ltr'>Petragor.</span> <span class='ocrx_word' id='word_1_1465' title='bbox 2069 2618 2102 2648; x_wconf 74' lang='grc' dir='ltr'>ὃ(</span> <span class='ocrx_word' id='word_1_1466' title='bbox 2116 2618 2207 2658; x_wconf 82' lang='lat' dir='ltr'>Agen.</span> <span class='ocrx_word' id='word_1_1467' title='bbox 2222 2620 2361 2659; x_wconf 82' lang='lat' dir='ltr'>partibus,</span> <span class='ocrx_word' id='word_1_1468' title='bbox 2404 2614 2487 2643; x_wconf 78' lang='lat'>123¹·</span> 
     </span>
     <span class='ocr_line' id='line_1_148' title="bbox 1303 2650 2496 2695; baseline 0.007 -14"><span class='ocrx_word' id='word_1_1469' title='bbox 1303 2650 1336 2681; x_wconf 89' lang='lat'>&amp;</span> <span class='ocrx_word' id='word_1_1470' title='bbox 1351 2653 1406 2682; x_wconf 87' lang='lat' dir='ltr'>aliis</span> <span class='ocrx_word' id='word_1_1471' title='bbox 1414 2652 1522 2682; x_wconf 82' lang='lat' dir='ltr'>Ballivis</span> <span class='ocrx_word' id='word_1_1472' title='bbox 1536 2652 1603 2690; x_wconf 85' lang='lat' dir='ltr'>suis,</span> <span class='ocrx_word' id='word_1_1473' title='bbox 1622 2652 1654 2682; x_wconf 88' lang='lat' dir='ltr'>ad</span> <span class='ocrx_word' id='word_1_1474' title='bbox 1671 2662 1741 2690; x_wconf 88' lang='lat' dir='ltr'>quos</span> <span class='ocrx_word' id='word_1_1475' title='bbox 1756 2653 1899 2692; x_wconf 68' lang='lat' dir='ltr'>praesentes</span> <span class='ocrx_word' id='word_1_1476' title='bbox 1912 2654 2010 2685; x_wconf 86' lang='lat' dir='ltr'>litterae</span> <span class='ocrx_word' id='word_1_1477' title='bbox 2024 2658 2218 2695; x_wconf 86' lang='lat' dir='ltr'>pervenerint,</span> <span class='ocrx_word' id='word_1_1478' title='bbox 2235 2658 2358 2689; x_wconf 89' lang='lat' dir='ltr'>salutem.</span> <span class='ocrx_word' id='word_1_1479' title='bbox 2382 2655 2435 2679; x_wconf 86' lang='lat' dir='ltr'>An.</span> <span class='ocrx_word' id='word_1_1480' title='bbox 2453 2661 2496 2679; x_wconf 90' lang='lat'>¹0·</span> 
     </span>
     <span class='ocr_line' id='line_1_149' title="bbox 1341 2690 2455 2736; baseline 0.007 -16"><span class='ocrx_word' id='word_1_1481' title='bbox 1341 2690 1511 2721; x_wconf 84' lang='lat' dir='ltr'>Mandamus</span> <span class='ocrx_word' id='word_1_1482' title='bbox 1524 2690 1621 2729; x_wconf 81' lang='lat' dir='ltr'>vobis,</span> <span class='ocrx_word' id='word_1_1483' title='bbox 1639 2691 1672 2721; x_wconf 89' lang='lat'>&amp;</span> <span class='ocrx_word' id='word_1_1484' title='bbox 1686 2690 1813 2721; x_wconf 68' lang='lat' dir='ltr'>vestrum</span> <span class='ocrx_word' id='word_1_1485' title='bbox 1828 2692 1959 2731; x_wconf 88' lang='lat' dir='ltr'>cuilibet,</span> <span class='ocrx_word' id='word_1_1486' title='bbox 1977 2702 2110 2731; x_wconf 87' lang='lat' dir='ltr'>quatenus</span> <span class='ocrx_word' id='word_1_1487' title='bbox 2129 2705 2189 2725; x_wconf 90' lang='lat' dir='ltr'>non</span> <span class='ocrx_word' id='word_1_1488' title='bbox 2208 2696 2362 2736; x_wconf 88' lang='lat' dir='ltr'>impediatis</span> <span class='ocrx_word' id='word_1_1489' title='bbox 2382 2694 2411 2717; x_wconf 81' lang='lat' dir='ltr'>E.</span> <span class='ocrx_word' id='word_1_1490' title='bbox 2432 2699 2455 2717; x_wconf 92' lang='lat'>¹·</span> 
     </span>
     <span class='ocr_line' id='line_1_150' title="bbox 1308 2727 2515 2775; baseline 0.005 -17"><span class='ocrx_word' id='word_1_1491' title='bbox 1308 2736 1406 2765; x_wconf 83' lang='lat' dir='ltr'>gentes</span> <span class='ocrx_word' id='word_1_1492' title='bbox 1418 2729 1512 2760; x_wconf 66' lang='lat' dir='ltr'>dileeti</span> <span class='ocrx_word' id='word_1_1493' title='bbox 1528 2728 1617 2759; x_wconf 84' lang='lat' dir='ltr'>nostri</span> <span class='ocrx_word' id='word_1_1494' title='bbox 1632 2729 1722 2759; x_wconf 82' lang='lat' dir='ltr'>Lucae</span> <span class='ocrx_word' id='word_1_1495' title='bbox 1736 2729 1818 2769; x_wconf 90' lang='lat' dir='ltr'>Tany</span> <span class='ocrx_word' id='word_1_1496' title='bbox 1829 2730 1947 2770; x_wconf 86' lang='lat' dir='ltr'>Militis,</span> <span class='ocrx_word' id='word_1_1497' title='bbox 1965 2741 2024 2770; x_wconf 86' lang='lat' dir='ltr'>quo</span> <span class='ocrx_word' id='word_1_1498' title='bbox 2038 2734 2131 2763; x_wconf 90' lang='lat' dir='ltr'>minus</span> <span class='ocrx_word' id='word_1_1499' title='bbox 2145 2732 2267 2773; x_wconf 78' lang='lat' dir='ltr'>possint,</span> <span class='ocrx_word' id='word_1_1500' title='bbox 2281 2743 2365 2775; x_wconf 87' lang='lat' dir='ltr'>prout</span> <span class='ocrx_word' id='word_1_1501' title='bbox 2384 2732 2430 2756; x_wconf 69' lang='lat'>1³⁰²</span> <span class='ocrx_word' id='word_1_1502' title='bbox 2434 2752 2440 2757; x_wconf 89' lang='lat'><strong>·</strong></span> <span class='ocrx_word' id='word_1_1503' title='bbox 2449 2727 2515 2764; x_wconf 61' lang='lat' dir='ltr'><em>Vas?-</em></span> 
     </span>
     <span class='ocr_line' id='line_1_151' title="bbox 1304 2766 2516 2806; baseline 0.004 -10"><span class='ocrx_word' id='word_1_1504' title='bbox 1304 2766 1408 2804; x_wconf 87' lang='lat' dir='ltr'>justum</span> <span class='ocrx_word' id='word_1_1505' title='bbox 1425 2768 1483 2806; x_wconf 85' lang='lat' dir='ltr'>est,</span> <span class='ocrx_word' id='word_1_1506' title='bbox 1501 2768 1581 2798; x_wconf 86' lang='lat' dir='ltr'>suum</span> <span class='ocrx_word' id='word_1_1507' title='bbox 1592 2768 1751 2806; x_wconf 86' lang='lat' dir='ltr'>judicium,</span> <span class='ocrx_word' id='word_1_1508' title='bbox 2390 2776 2432 2794; x_wconf 86' lang='lat'>10-</span> <span class='ocrx_word' id='word_1_1509' title='bbox 2445 2770 2474 2794; x_wconf 79' lang='lat' dir='ltr'>F·-</span> <span class='ocrx_word' id='word_1_1510' title='bbox 2492 2775 2516 2793; x_wconf 83' lang='lat'>¹·</span> 
     </span>
     <span class='ocr_line' id='line_1_152' title="bbox 1342 2805 2465 2847; baseline 0.004 -11"><span class='ocrx_word' id='word_1_1511' title='bbox 1342 2806 1487 2837; x_wconf 84' lang='lat' dir='ltr'>Prolaturn</span> <span class='ocrx_word' id='word_1_1512' title='bbox 1500 2814 1599 2837; x_wconf 88' lang='lat' dir='ltr'>contra</span> <span class='ocrx_word' id='word_1_1513' title='bbox 1612 2805 1793 2836; x_wconf 89' lang='lat' dir='ltr'>Gulielmum</span> <span class='ocrx_word' id='word_1_1514' title='bbox 1806 2807 1842 2837; x_wconf 89' lang='lat' dir='ltr'>de</span> <span class='ocrx_word' id='word_1_1515' title='bbox 1856 2806 1958 2847; x_wconf 83' lang='lat' dir='ltr'>Eiron,</span> <span class='ocrx_word' id='word_1_1516' title='bbox 1978 2807 2137 2839; x_wconf 86' lang='lat' dir='ltr'>Gastonem</span> <span class='ocrx_word' id='word_1_1517' title='bbox 2151 2810 2184 2840; x_wconf 92' lang='lat'>&amp;</span> <span class='ocrx_word' id='word_1_1518' title='bbox 2196 2810 2311 2842; x_wconf 79' lang='lat' dir='ltr'>Petrum</span> <span class='ocrx_word' id='word_1_1519' title='bbox 2324 2812 2361 2843; x_wconf 92' lang='lat' dir='ltr'>de</span> <span class='ocrx_word' id='word_1_1520' title='bbox 2385 2814 2422 2833; x_wconf 75' lang='lat' dir='ltr'>m·</span> <span class='ocrx_word' id='word_1_1521' title='bbox 2436 2813 2453 2840; x_wconf 86' lang='lat'><em>5</em></span> <span class='ocrx_word' id='word_1_1522' title='bbox 2458 2825 2465 2832; x_wconf 88' lang='lat'><strong>·</strong></span> 
     </span>
     <span class='ocr_line' id='line_1_153' title="bbox 1305 2843 2365 2890; baseline 0.007 -16"><span class='ocrx_word' id='word_1_1523' title='bbox 1305 2843 1453 2876; x_wconf 89' lang='lat' dir='ltr'>Gontaldo</span> <span class='ocrx_word' id='word_1_1524' title='bbox 1467 2846 1575 2883; x_wconf 85' lang='lat' dir='ltr'>fratres,</span> <span class='ocrx_word' id='word_1_1525' title='bbox 1592 2845 1625 2875; x_wconf 69' lang='grc' dir='ltr'>ὃ(</span> <span class='ocrx_word' id='word_1_1526' title='bbox 1639 2854 1737 2875; x_wconf 84' lang='grc'><strong>60111111</strong></span> <span class='ocrx_word' id='word_1_1527' title='bbox 1753 2844 1937 2884; x_wconf 76' lang='lat' dir='ltr'>fidejussores,</span> <span class='ocrx_word' id='word_1_1528' title='bbox 1955 2847 1990 2877; x_wconf 90' lang='lat' dir='ltr'>de</span> <span class='ocrx_word' id='word_1_1529' title='bbox 2010 2847 2129 2885; x_wconf 84' lang='lat' dir='ltr'>quadam</span> <span class='ocrx_word' id='word_1_1530' title='bbox 2152 2849 2365 2890; x_wconf 86' lang='lat' dir='ltr'>compulfione,</span> 
     </span>
     <span class='ocr_line' id='line_1_154' title="bbox 1307 2883 2368 2926; baseline 0.008 -14"><span class='ocrx_word' id='word_1_1531' title='bbox 1307 2883 1337 2912; x_wconf 92' lang='lat' dir='ltr'>in</span> <span class='ocrx_word' id='word_1_1532' title='bbox 1352 2883 1466 2920; x_wconf 89' lang='lat' dir='ltr'>prisonis</span> <span class='ocrx_word' id='word_1_1533' title='bbox 1479 2884 1512 2915; x_wconf 88' lang='lat'>&amp;</span> <span class='ocrx_word' id='word_1_1534' title='bbox 1525 2883 1606 2913; x_wconf 91' lang='lat' dir='ltr'>rebus</span> <span class='ocrx_word' id='word_1_1535' title='bbox 1620 2893 1721 2913; x_wconf 84' lang='lat' dir='ltr'>corum</span> <span class='ocrx_word' id='word_1_1536' title='bbox 1736 2883 1878 2923; x_wconf 65' lang='lat' dir='ltr'>facienda,</span> <span class='ocrx_word' id='word_1_1537' title='bbox 1894 2886 1959 2923; x_wconf 85' lang='lat' dir='ltr'>quia</span> <span class='ocrx_word' id='word_1_1538' title='bbox 1974 2885 2137 2916; x_wconf 84' lang='lat' dir='ltr'>defecerunt</span> <span class='ocrx_word' id='word_1_1539' title='bbox 2152 2888 2181 2917; x_wconf 93' lang='lat' dir='ltr'>in</span> <span class='ocrx_word' id='word_1_1540' title='bbox 2196 2889 2368 2926; x_wconf 86' lang='lat' dir='ltr'>prosecutio—</span> 
     </span>
     <span class='ocr_line' id='line_1_155' title="bbox 1306 2921 2368 2967; baseline 0.008 -17"><span class='ocrx_word' id='word_1_1541' title='bbox 1306 2931 1343 2951; x_wconf 89' lang='lat' dir='ltr'>ne</span> <span class='ocrx_word' id='word_1_1542' title='bbox 1354 2921 1498 2960; x_wconf 84' lang='lat' dir='ltr'>cujusdam</span> <span class='ocrx_word' id='word_1_1543' title='bbox 1513 2921 1611 2958; x_wconf 75' lang='lat' dir='ltr'>duelli,</span> <span class='ocrx_word' id='word_1_1544' title='bbox 1627 2922 1704 2960; x_wconf 91' lang='lat' dir='ltr'>quod</span> <span class='ocrx_word' id='word_1_1545' title='bbox 1721 2922 1914 2961; x_wconf 80' lang='lat' dir='ltr'>firmaverant,</span> <span class='ocrx_word' id='word_1_1546' title='bbox 1932 2924 1965 2954; x_wconf 88' lang='lat'>&amp;</span> <span class='ocrx_word' id='word_1_1547' title='bbox 1980 2925 2133 2955; x_wconf 86' lang='lat' dir='ltr'>verborum</span> <span class='ocrx_word' id='word_1_1548' title='bbox 2143 2948 2152 2964; x_wconf 87' lang='lat'>‚</span> <span class='ocrx_word' id='word_1_1549' title='bbox 2169 2936 2235 2966; x_wconf 85' lang='lat' dir='ltr'>quae</span> <span class='ocrx_word' id='word_1_1550' title='bbox 2255 2936 2368 2967; x_wconf 85' lang='lat' dir='ltr'>praepo-</span> 
     </span>
     <span class='ocr_line' id='line_1_156' title="bbox 1306 2959 1821 2999; baseline 0 -9"><span class='ocrx_word' id='word_1_1551' title='bbox 1306 2959 1413 2990; x_wconf 79' lang='lat' dir='ltr'>fuerant</span> <span class='ocrx_word' id='word_1_1552' title='bbox 1427 2961 1496 2990; x_wconf 91' lang='lat' dir='ltr'>hinc</span> <span class='ocrx_word' id='word_1_1553' title='bbox 1513 2960 1544 2990; x_wconf 65' lang='grc' dir='ltr'>δε</span> <span class='ocrx_word' id='word_1_1554' title='bbox 1560 2959 1641 2998; x_wconf 88' lang='lat' dir='ltr'>inde,</span> <span class='ocrx_word' id='word_1_1555' title='bbox 1661 2968 1692 2990; x_wconf 91' lang='lat' dir='ltr'>ut</span> <span class='ocrx_word' id='word_1_1556' title='bbox 1704 2960 1821 2999; x_wconf 87' lang='lat' dir='ltr'>dicitur,</span> 
     </span>
     <span class='ocr_line' id='line_1_157' title="bbox 1343 2997 2372 3040; baseline 0.007 -12"><span class='ocrx_word' id='word_1_1557' title='bbox 1343 2998 1513 3030; x_wconf 82' lang='lat' dir='ltr'>Executioni</span> <span class='ocrx_word' id='word_1_1558' title='bbox 1528 2998 1624 3028; x_wconf 87' lang='lat' dir='ltr'>debite</span> <span class='ocrx_word' id='word_1_1559' title='bbox 1642 2997 1810 3029; x_wconf 86' lang='lat' dir='ltr'>demandare</span> <span class='ocrx_word' id='word_1_1560' title='bbox 1823 3022 1833 3037; x_wconf 89' lang='lat'>‚</span> <span class='ocrx_word' id='word_1_1561' title='bbox 1855 2999 1888 3030; x_wconf 89' lang='lat'>&amp;</span> <span class='ocrx_word' id='word_1_1562' title='bbox 1903 2998 1949 3030; x_wconf 86' lang='lat' dir='ltr'>sua</span> <span class='ocrx_word' id='word_1_1563' title='bbox 1963 3001 2024 3038; x_wconf 86' lang='lat' dir='ltr'>jure</span> <span class='ocrx_word' id='word_1_1564' title='bbox 2037 3001 2183 3040; x_wconf 78' lang='lat' dir='ltr'>optinere;</span> <span class='ocrx_word' id='word_1_1565' title='bbox 2201 3002 2246 3034; x_wconf 86' lang='lat' dir='ltr'>sed</span> <span class='ocrx_word' id='word_1_1566' title='bbox 2259 3003 2295 3034; x_wconf 90' lang='lat' dir='ltr'>ad</span> <span class='ocrx_word' id='word_1_1567' title='bbox 2309 3003 2372 3036; x_wconf 82' lang='lat' dir='ltr'>hoe</span> 
     </span>
     <span class='ocr_line' id='line_1_158' title="bbox 1307 3037 2368 3082; baseline 0.006 -15"><span class='ocrx_word' id='word_1_1568' title='bbox 1307 3037 1458 3076; x_wconf 77' lang='lat' dir='ltr'>praestetis,</span> <span class='ocrx_word' id='word_1_1569' title='bbox 1476 3045 1611 3077; x_wconf 87' lang='lat' dir='ltr'>quantum</span> <span class='ocrx_word' id='word_1_1570' title='bbox 1626 3038 1751 3073; x_wconf 89' lang='lat' dir='ltr'>poteritis</span> <span class='ocrx_word' id='word_1_1571' title='bbox 1765 3060 1774 3075; x_wconf 92' lang='lat'>,</span> <span class='ocrx_word' id='word_1_1572' title='bbox 1798 3037 1953 3068; x_wconf 88' lang='lat' dir='ltr'>secundum</span> <span class='ocrx_word' id='word_1_1573' title='bbox 1963 3039 2100 3076; x_wconf 87' lang='lat' dir='ltr'>justitiam</span> <span class='ocrx_word' id='word_1_1574' title='bbox 2114 3063 2124 3078; x_wconf 89' lang='lat'>‚</span> <span class='ocrx_word' id='word_1_1575' title='bbox 2148 3042 2321 3082; x_wconf 89' lang='lat' dir='ltr'>ubicumque</span> <span class='ocrx_word' id='word_1_1576' title='bbox 2339 3044 2368 3073; x_wconf 89' lang='lat' dir='ltr'>in</span> 
     </span>
    </p>
   </div>
   <div class='ocr_carea' id='block_1_37' title="bbox 1307 3075 2369 3144">
    <p class='ocr_par' dir='ltr' id='par_1_55' title="bbox 1307 3075 2369 3144">
     <span class='ocr_line' id='line_1_159' title="bbox 1307 3075 2369 3144; baseline 0.007 -39"><span class='ocrx_word' id='word_1_1577' title='bbox 1307 3075 1443 3144; x_wconf 49' lang='lat' dir='ltr'>psccitestate</span> <span class='ocrx_word' id='word_1_1578' title='bbox 1458 3075 1570 3113; x_wconf 75' lang='lat' dir='ltr'>nostra,</span> <span class='ocrx_word' id='word_1_1579' title='bbox 1587 3075 1667 3105; x_wconf 61' lang='lat' dir='ltr'>didio</span> <span class='ocrx_word' id='word_1_1580' title='bbox 1685 3075 1775 3106; x_wconf 80' lang='lat' dir='ltr'>Lucae</span> <span class='ocrx_word' id='word_1_1581' title='bbox 1788 3097 1798 3113; x_wconf 85' lang='lat'>,</span> <span class='ocrx_word' id='word_1_1582' title='bbox 1816 3077 1850 3107; x_wconf 84' lang='lat'>&amp;</span> <span class='ocrx_word' id='word_1_1583' title='bbox 1870 3076 1922 3106; x_wconf 90' lang='lat' dir='ltr'>suis</span> <span class='ocrx_word' id='word_1_1584' title='bbox 1937 3077 2065 3116; x_wconf 84' lang='lat' dir='ltr'>gentibus</span> <span class='ocrx_word' id='word_1_1585' title='bbox 2080 3078 2205 3111; x_wconf 89' lang='lat' dir='ltr'>vestrum</span> <span class='ocrx_word' id='word_1_1586' title='bbox 2221 3081 2369 3112; x_wconf 80' lang='lat' dir='ltr'>consilium</span> 
     </span>
     <span class='ocr_line' id='line_1_160' title="bbox 1366 3124 1497 3144; baseline -0.008 0"><span class='ocrx_word' id='word_1_1587' title='bbox 1366 3124 1497 3144; x_wconf 84' lang='lat' dir='ltr'>uvamen.</span> 
     </span>
    </p>
   </div>
   <div class='ocr_carea' id='block_1_38' title="bbox 1394 3152 1566 3191">
    <p class='ocr_par' dir='ltr' id='par_1_56' title="bbox 1394 3152 1566 3191">
     <span class='ocr_line' id='line_1_161' title="bbox 1394 3152 1566 3191; baseline 0 -8"><span class='ocrx_word' id='word_1_1588' title='bbox 1394 3154 1487 3191; x_wconf 89' lang='lat' dir='ltr'>cujus,</span> <span class='ocrx_word' id='word_1_1589' title='bbox 1504 3152 1566 3183; x_wconf 86' lang='lat' dir='ltr'>&amp;c.</span> 
     </span>
    </p>
   </div>
   <div class='ocr_carea' id='block_1_39' title="bbox 1346 3231 2203 3275">
    <p class='ocr_par' dir='ltr' id='par_1_57' title="bbox 1346 3231 2203 3275">
     <span class='ocr_line' id='line_1_162' title="bbox 1346 3231 2203 3275; baseline 0.004 -13"><span class='ocrx_word' id='word_1_1590' title='bbox 1346 3232 1415 3263; x_wconf 88' lang='lat' dir='ltr'>Dat.</span> <span class='ocrx_word' id='word_1_1591' title='bbox 1428 3232 1499 3273; x_wconf 89' lang='lat' dir='ltr'>apud</span> <span class='ocrx_word' id='word_1_1592' title='bbox 1514 3231 1669 3271; x_wconf 84' lang='lat' dir='ltr'>Kemeseye</span> <span class='ocrx_word' id='word_1_1593' title='bbox 1683 3232 1817 3263; x_wconf 82' lang='lat' dir='ltr'>vicesimo</span> <span class='ocrx_word' id='word_1_1594' title='bbox 1832 3232 1951 3275; x_wconf 88' lang='lat' dir='ltr'>septimo</span> <span class='ocrx_word' id='word_1_1595' title='bbox 1964 3234 2011 3266; x_wconf 90' lang='lat' dir='ltr'>die</span> <span class='ocrx_word' id='word_1_1596' title='bbox 2027 3234 2203 3268; x_wconf 84' lang='lat' dir='ltr'>Decembris.</span> 
     </span>
    </p>
   </div>
   <div class='ocr_carea' id='block_1_40' title="bbox 1310 3363 2370 3410">
    <p class='ocr_par' dir='ltr' id='par_1_58' title="bbox 1310 3363 2370 3410">
     <span class='ocr_line' id='line_1_163' title="bbox 1310 3363 2370 3410; baseline 0.004 -13"><span class='ocrx_word' id='word_1_1597' title='bbox 1310 3367 1417 3398; x_wconf 70' lang='lat' dir='ltr'>Litora</span> <span class='ocrx_word' id='word_1_1598' title='bbox 1438 3365 1556 3409; x_wconf 81' lang='lat' dir='ltr'>Papalis</span> <span class='ocrx_word' id='word_1_1599' title='bbox 1578 3366 1652 3410; x_wconf 83' lang='lat' dir='ltr'>Regi</span> <span class='ocrx_word' id='word_1_1600' title='bbox 1669 3363 1866 3410; x_wconf 76' lang='lat' dir='ltr'>responsbria‚</span> <span class='ocrx_word' id='word_1_1601' title='bbox 1891 3366 1926 3399; x_wconf 87' lang='lat' dir='ltr'>de</span> <span class='ocrx_word' id='word_1_1602' title='bbox 1947 3370 2016 3400; x_wconf 87' lang='lat' dir='ltr'>Lite</span> <span class='ocrx_word' id='word_1_1603' title='bbox 2039 3370 2116 3400; x_wconf 84' lang='lat' dir='ltr'>inter</span> <span class='ocrx_word' id='word_1_1604' title='bbox 2135 3368 2276 3401; x_wconf 83' lang='lat' dir='ltr'>carolum</span> <span class='ocrx_word' id='word_1_1605' title='bbox 2290 3372 2370 3402; x_wconf 78' lang='lat' dir='ltr'>Sici-</span> 
     </span>
    </p>
   </div>
   <div class='ocr_carea' id='block_1_41' title="bbox 1349 3413 2369 3508">
    <p class='ocr_par' dir='ltr' id='par_1_59' title="bbox 1349 3413 2369 3508">
     <span class='ocr_line' id='line_1_164' title="bbox 1358 3413 2369 3492; baseline 0.006 -48"><span class='ocrx_word' id='word_1_1606' title='bbox 1358 3413 1398 3445; x_wconf 85' lang='lat' dir='ltr'>liae</span> <span class='ocrx_word' id='word_1_1607' title='bbox 1412 3415 1537 3492; x_wconf 39' lang='lat' dir='ltr'>Regem,</span> <span class='ocrx_word' id='word_1_1608' title='bbox 1562 3415 1598 3450; x_wconf 63' lang='grc' dir='ltr'>ὠ·</span> <span class='ocrx_word' id='word_1_1609' title='bbox 1624 3415 1844 3459; x_wconf 73' lang='lat' dir='ltr'>Margaretam</span> <span class='ocrx_word' id='word_1_1610' title='bbox 1866 3418 2011 3448; x_wconf 77' lang='lat' dir='ltr'>Matrem</span> <span class='ocrx_word' id='word_1_1611' title='bbox 2033 3417 2163 3450; x_wconf 59' lang='lat' dir='ltr'>Francia:</span> <span class='ocrx_word' id='word_1_1612' title='bbox 2180 3418 2269 3463; x_wconf 84' lang='lat' dir='ltr'>Regis</span> <span class='ocrx_word' id='word_1_1613' title='bbox 2287 3428 2369 3450; x_wconf 84' lang='lat' dir='ltr'>com·-</span> 
     </span>
     <span class='ocr_line' id='line_1_165' title="bbox 1349 3472 1494 3508; baseline -0.007 -15"><span class='ocrx_word' id='word_1_1614' title='bbox 1349 3472 1441 3508; x_wconf 82' lang='lat' dir='ltr'>ponen</span> <span class='ocrx_word' id='word_1_1615' title='bbox 1464 3472 1494 3493; x_wconf 85' lang='lat' dir='ltr'>a.</span> 
     </span>
    </p>
   </div>
   <div class='ocr_carea' id='block_1_42' title="bbox 1307 3547 2521 4126">
    <p class='ocr_par' dir='ltr' id='par_1_60' title="bbox 1307 3547 2521 3667">
     <span class='ocr_line' id='line_1_166' title="bbox 1307 3547 2512 3604; baseline 0.006 -26"><span class='ocrx_word' id='word_1_1616' title='bbox 1307 3550 1373 3604; x_wconf 84' lang='lat' dir='ltr'>M</span> <span class='ocrx_word' id='word_1_1617' title='bbox 1384 3547 1495 3579; x_wconf 84' lang='lat' dir='ltr'>Artinus</span> <span class='ocrx_word' id='word_1_1618' title='bbox 1508 3547 1679 3587; x_wconf 85' lang='lat' dir='ltr'>Episcopus,</span> <span class='ocrx_word' id='word_1_1619' title='bbox 1699 3549 1791 3581; x_wconf 86' lang='lat' dir='ltr'>servus</span> <span class='ocrx_word' id='word_1_1620' title='bbox 1804 3551 1946 3582; x_wconf 83' lang='lat' dir='ltr'>servotum</span> <span class='ocrx_word' id='word_1_1621' title='bbox 1960 3551 2033 3590; x_wconf 89' lang='lat' dir='ltr'>Dei,</span> <span class='ocrx_word' id='word_1_1622' title='bbox 2050 3547 2191 3582; x_wconf 73' lang='lat' dir='ltr'>carissimo</span> <span class='ocrx_word' id='word_1_1623' title='bbox 2203 3552 2233 3583; x_wconf 88' lang='lat' dir='ltr'>in</span> <span class='ocrx_word' id='word_1_1624' title='bbox 2247 3551 2367 3584; x_wconf 89' lang='lat' dir='ltr'>Christo</span> <span class='ocrx_word' id='word_1_1625' title='bbox 2389 3558 2464 3591; x_wconf 65' lang='grc' dir='ltr'>Αῃῃ,</span> <span class='ocrx_word' id='word_1_1626' title='bbox 2481 3562 2512 3592; x_wconf 88' lang='lat' dir='ltr'><strong>D</strong></span> 
     </span>
     <span class='ocr_line' id='line_1_167' title="bbox 1381 3585 2521 3630; baseline 0.007 -14"><span class='ocrx_word' id='word_1_1627' title='bbox 1381 3585 1440 3616; x_wconf 87' lang='lat' dir='ltr'>filio</span> <span class='ocrx_word' id='word_1_1628' title='bbox 1457 3587 1531 3626; x_wconf 83' lang='lat' dir='ltr'>Regi</span> <span class='ocrx_word' id='word_1_1629' title='bbox 1546 3587 1660 3626; x_wconf 78' lang='lat' dir='ltr'>Angliae</span> <span class='ocrx_word' id='word_1_1630' title='bbox 1673 3587 1787 3627; x_wconf 78' lang='lat' dir='ltr'>illustri,</span> <span class='ocrx_word' id='word_1_1631' title='bbox 1804 3589 1916 3619; x_wconf 89' lang='lat' dir='ltr'>salutern</span> <span class='ocrx_word' id='word_1_1632' title='bbox 1932 3590 1965 3621; x_wconf 85' lang='lat'>&amp;</span> <span class='ocrx_word' id='word_1_1633' title='bbox 1981 3590 2176 3628; x_wconf 84' lang='lat' dir='ltr'>Apostolicam</span> <span class='ocrx_word' id='word_1_1634' title='bbox 2189 3591 2367 3623; x_wconf 71' lang='lat' dir='ltr'>benedictio·</span> <span class='ocrx_word' id='word_1_1635' title='bbox 2415 3601 2499 3630; x_wconf 65' lang='lat'>1232,</span> <span class='ocrx_word' id='word_1_1636' title='bbox 2514 3588 2521 3594; x_wconf 54' lang='lat'><strong><em>⁹</em></strong></span> 
     </span>
     <span class='ocr_line' id='line_1_168' title="bbox 1308 3633 2502 3667; baseline 0.008 -10"><span class='ocrx_word' id='word_1_1637' title='bbox 1308 3633 1385 3654; x_wconf 85' lang='lat' dir='ltr'>nem.</span> <span class='ocrx_word' id='word_1_1638' title='bbox 2388 3642 2441 3666; x_wconf 74' lang='lat' dir='ltr'>An.</span> <span class='ocrx_word' id='word_1_1639' title='bbox 2496 3660 2502 3667; x_wconf 89' lang='lat'><strong>.</strong></span> 
     </span>
    </p>

    <p class='ocr_par' dir='ltr' id='par_1_61' title="bbox 1307 3649 2520 3933">
     <span class='ocr_line' id='line_1_169' title="bbox 1344 3649 2491 3706; baseline 0.01 -15"><span class='ocrx_word' id='word_1_1640' title='bbox 1344 3661 1478 3704; x_wconf 82' lang='lat' dir='ltr'>Agimus,</span> <span class='ocrx_word' id='word_1_1641' title='bbox 1497 3661 1533 3692; x_wconf 89' lang='lat' dir='ltr'>fili</span> <span class='ocrx_word' id='word_1_1642' title='bbox 1553 3662 1690 3694; x_wconf 85' lang='lat' dir='ltr'>cariffime</span> <span class='ocrx_word' id='word_1_1643' title='bbox 1704 3687 1714 3702; x_wconf 90' lang='lat'>,</span> <span class='ocrx_word' id='word_1_1644' title='bbox 1740 3664 1837 3694; x_wconf 88' lang='lat' dir='ltr'>uberes</span> <span class='ocrx_word' id='word_1_1645' title='bbox 1855 3667 1953 3702; x_wconf 81' lang='lat' dir='ltr'>gratias</span> <span class='ocrx_word' id='word_1_1646' title='bbox 1967 3665 2034 3696; x_wconf 92' lang='lat' dir='ltr'>Deo</span> <span class='ocrx_word' id='word_1_1647' title='bbox 2056 3666 2131 3697; x_wconf 86' lang='lat' dir='ltr'>Patri</span> <span class='ocrx_word' id='word_1_1648' title='bbox 2185 3668 2213 3698; x_wconf 94' lang='lat' dir='ltr'>ui</span> <span class='ocrx_word' id='word_1_1649' title='bbox 2233 3667 2367 3706; x_wconf 86' lang='lat' dir='ltr'>superno-</span> <span class='ocrx_word' id='word_1_1650' title='bbox 2388 3681 2415 3703; x_wconf 78' lang='lat' dir='ltr'>E.</span> <span class='ocrx_word' id='word_1_1651' title='bbox 2436 3686 2445 3703; x_wconf 86' lang='lat'>1</span> <span class='ocrx_word' id='word_1_1652' title='bbox 2460 3649 2491 3666; x_wconf 62' lang='grc' dir='ltr'>ω</span> 
     </span>
     <span class='ocr_line' id='line_1_170' title="bbox 1308 3677 2501 3752; baseline 0.011 -22"><span class='ocrx_word' id='word_1_1653' title='bbox 1308 3710 1372 3743; x_wconf 83' lang='lat' dir='ltr'>rum</span> <span class='ocrx_word' id='word_1_1654' title='bbox 1393 3701 1467 3731; x_wconf 89' lang='lat' dir='ltr'>dona</span> <span class='ocrx_word' id='word_1_1655' title='bbox 1490 3700 1662 3731; x_wconf 81' lang='lat' dir='ltr'>carismatum</span> <span class='ocrx_word' id='word_1_1656' title='bbox 1676 3724 1686 3740; x_wconf 90' lang='lat'>,</span> <span class='ocrx_word' id='word_1_1657' title='bbox 1713 3711 1764 3741; x_wconf 89' lang='lat' dir='ltr'>pro</span> <span class='ocrx_word' id='word_1_1658' title='bbox 1779 3702 1824 3733; x_wconf 60' lang='lat' dir='ltr'>su&amp;</span> <span class='ocrx_word' id='word_1_1659' title='bbox 1844 3704 2004 3733; x_wconf 84' lang='lat' dir='ltr'>mortalibus</span> <span class='ocrx_word' id='word_1_1660' title='bbox 2024 3677 2190 3737; x_wconf 55' lang='lat' dir='ltr'>inscrutabffi</span> <span class='ocrx_word' id='word_1_1661' title='bbox 2206 3707 2366 3746; x_wconf 86' lang='lat' dir='ltr'>voluntate,</span> <span class='ocrx_word' id='word_1_1662' title='bbox 2386 3719 2416 3741; x_wconf 82' lang='lat' dir='ltr'>L.</span> <span class='ocrx_word' id='word_1_1663' title='bbox 2431 3719 2466 3742; x_wconf 86' lang='lat' dir='ltr'>A.</span> <span class='ocrx_word' id='word_1_1664' title='bbox 2475 3713 2501 3752; x_wconf 85' lang='lat' dir='ltr'>f.</span> 
     </span>
     <span class='ocr_line' id='line_1_171' title="bbox 1308 3737 2431 3786; baseline 0.008 -17"><span class='ocrx_word' id='word_1_1665' title='bbox 1308 3739 1479 3777; x_wconf 73' lang='lat' dir='ltr'>dispensans,</span> <span class='ocrx_word' id='word_1_1666' title='bbox 1497 3740 1525 3769; x_wconf 87' lang='lat' dir='ltr'>in</span> <span class='ocrx_word' id='word_1_1667' title='bbox 1540 3740 1578 3769; x_wconf 86' lang='lat' dir='ltr'>tui</span> <span class='ocrx_word' id='word_1_1668' title='bbox 1592 3740 1709 3770; x_wconf 88' lang='lat' dir='ltr'>sacrario</span> <span class='ocrx_word' id='word_1_1669' title='bbox 1740 3737 1857 3779; x_wconf 62' lang='grc'><strong>680115,</strong></span> <span class='ocrx_word' id='word_1_1670' title='bbox 1874 3751 1894 3771; x_wconf 96' lang='grc'>0</span> <span class='ocrx_word' id='word_1_1671' title='bbox 1916 3742 2011 3772; x_wconf 84' lang='grc'><strong>11161110</strong></span> <span class='ocrx_word' id='word_1_1672' title='bbox 2024 3743 2175 3775; x_wconf 86' lang='lat' dir='ltr'>virtutibus</span> <span class='ocrx_word' id='word_1_1673' title='bbox 2186 3768 2195 3784; x_wconf 93' lang='lat'>,</span> <span class='ocrx_word' id='word_1_1674' title='bbox 2220 3745 2291 3776; x_wconf 84' lang='lat' dir='ltr'>illius</span> <span class='ocrx_word' id='word_1_1675' title='bbox 2306 3746 2364 3783; x_wconf 83' lang='lat' dir='ltr'>pie·</span> <span class='ocrx_word' id='word_1_1676' title='bbox 2386 3752 2431 3786; x_wconf 85' lang='lat'>58.</span> 
     </span>
     <span class='ocr_line' id='line_1_172' title="bbox 1308 3776 2520 3822; baseline 0.005 -14"><span class='ocrx_word' id='word_1_1677' title='bbox 1308 3778 1368 3808; x_wconf 81' lang='lat' dir='ltr'>tatis</span> <span class='ocrx_word' id='word_1_1678' title='bbox 1381 3778 1510 3808; x_wconf 82' lang='lat' dir='ltr'>excitavit</span> <span class='ocrx_word' id='word_1_1679' title='bbox 1523 3776 1658 3808; x_wconf 61' lang='lat' dir='ltr'>affeftum</span> <span class='ocrx_word' id='word_1_1680' title='bbox 1673 3802 1683 3816; x_wconf 83' lang='lat'>,</span> <span class='ocrx_word' id='word_1_1681' title='bbox 1711 3779 1716 3785; x_wconf 87' lang='grc'><em>“</em></span> <span class='ocrx_word' id='word_1_1682' title='bbox 1739 3779 1780 3808; x_wconf 84' lang='grc'><strong>1115</strong></span> <span class='ocrx_word' id='word_1_1683' title='bbox 1799 3789 1886 3809; x_wconf 87' lang='lat' dir='ltr'>accen</span> <span class='ocrx_word' id='word_1_1684' title='bbox 1907 3780 1928 3809; x_wconf 90' lang='lat' dir='ltr'>it</span> <span class='ocrx_word' id='word_1_1685' title='bbox 1947 3781 2181 3817; x_wconf 78' lang='lat' dir='ltr'>promritudinem</span> <span class='ocrx_word' id='word_1_1686' title='bbox 2199 3783 2363 3822; x_wconf 82' lang='lat' dir='ltr'>voluntatis,</span> <span class='ocrx_word' id='word_1_1687' title='bbox 2383 3794 2454 3818; x_wconf 73' lang='lat' dir='ltr'>Penes</span> <span class='ocrx_word' id='word_1_1688' title='bbox 2469 3795 2520 3820; x_wconf 70' lang='lat' dir='ltr'>Ca,</span> 
     </span>
     <span class='ocr_line' id='line_1_173' title="bbox 1307 3814 2477 3857; baseline 0.007 -12"><span class='ocrx_word' id='word_1_1689' title='bbox 1307 3825 1338 3846; x_wconf 86' lang='lat' dir='ltr'>ut</span> <span class='ocrx_word' id='word_1_1690' title='bbox 1353 3817 1534 3846; x_wconf 75' lang='lat' dir='ltr'>abhominaris</span> <span class='ocrx_word' id='word_1_1691' title='bbox 1554 3814 1723 3846; x_wconf 73' lang='lat' dir='ltr'>Christianae</span> <span class='ocrx_word' id='word_1_1692' title='bbox 1741 3818 1829 3856; x_wconf 86' lang='lat' dir='ltr'>gentis</span> <span class='ocrx_word' id='word_1_1693' title='bbox 1849 3817 1955 3848; x_wconf 81' lang='lat' dir='ltr'>excidia</span> <span class='ocrx_word' id='word_1_1694' title='bbox 1967 3840 1976 3856; x_wconf 84' lang='lat'>,</span> <span class='ocrx_word' id='word_1_1695' title='bbox 2000 3819 2123 3852; x_wconf 86' lang='lat' dir='ltr'>scandala</span> <span class='ocrx_word' id='word_1_1696' title='bbox 2141 3822 2175 3852; x_wconf 85' lang='lat'>&amp;</span> <span class='ocrx_word' id='word_1_1697' title='bbox 2196 3823 2365 3852; x_wconf 85' lang='lat' dir='ltr'>turbationes</span> <span class='ocrx_word' id='word_1_1698' title='bbox 2387 3838 2477 3857; x_wconf 52' lang='lat' dir='ltr'>murm,</span> 
     </span>
     <span class='ocr_line' id='line_1_174' title="bbox 1307 3854 2362 3898; baseline 0.005 -13"><span class='ocrx_word' id='word_1_1699' title='bbox 1307 3854 1473 3892; x_wconf 88' lang='lat' dir='ltr'>abhorrens,</span> <span class='ocrx_word' id='word_1_1700' title='bbox 1492 3855 1517 3884; x_wconf 89' lang='lat' dir='ltr'>ci</span> <span class='ocrx_word' id='word_1_1701' title='bbox 1533 3855 1606 3893; x_wconf 86' lang='lat' dir='ltr'>pacis</span> <span class='ocrx_word' id='word_1_1702' title='bbox 1622 3855 1748 3892; x_wconf 89' lang='lat' dir='ltr'>bonum,</span> <span class='ocrx_word' id='word_1_1703' title='bbox 1767 3855 1880 3885; x_wconf 86' lang='lat' dir='ltr'>summis</span> <span class='ocrx_word' id='word_1_1704' title='bbox 1896 3856 1990 3887; x_wconf 88' lang='lat' dir='ltr'>studiis</span> <span class='ocrx_word' id='word_1_1705' title='bbox 2009 3859 2252 3898; x_wconf 64' lang='lat' dir='ltr'>amplestandum‚</span> <span class='ocrx_word' id='word_1_1706' title='bbox 2270 3859 2362 3890; x_wconf 89' lang='lat' dir='ltr'>lauda-</span> 
     </span>
     <span class='ocr_line' id='line_1_175' title="bbox 1309 3892 2144 3933; baseline 0.007 -10"><span class='ocrx_word' id='word_1_1707' title='bbox 1309 3893 1399 3923; x_wconf 84' lang='lat' dir='ltr'>biliter</span> <span class='ocrx_word' id='word_1_1708' title='bbox 1412 3893 1513 3932; x_wconf 86' lang='lat' dir='ltr'>appetis</span> <span class='ocrx_word' id='word_1_1709' title='bbox 1548 3900 1578 3922; x_wconf 94' lang='lat' dir='ltr'>ut</span> <span class='ocrx_word' id='word_1_1710' title='bbox 1593 3893 1622 3922; x_wconf 92' lang='lat' dir='ltr'>in</span> <span class='ocrx_word' id='word_1_1711' title='bbox 1636 3892 1691 3923; x_wconf 82' lang='lat' dir='ltr'>suae</span> <span class='ocrx_word' id='word_1_1712' title='bbox 1706 3894 1802 3933; x_wconf 88' lang='lat' dir='ltr'>quietis</span> <span class='ocrx_word' id='word_1_1713' title='bbox 1817 3895 1978 3925; x_wconf 87' lang='lat' dir='ltr'>commodis</span> <span class='ocrx_word' id='word_1_1714' title='bbox 1990 3894 2144 3929; x_wconf 62' lang='lat' dir='ltr'>delectaris.</span> 
     </span>
    </p>

    <p class='ocr_par' dir='ltr' id='par_1_62' title="bbox 1309 3915 2518 4118">
     <span class='ocr_line' id='line_1_176' title="bbox 1346 3915 2364 3975; baseline 0.004 -13"><span class='ocrx_word' id='word_1_1715' title='bbox 1346 3931 1415 3962; x_wconf 90' lang='lat' dir='ltr'>Hoc</span> <span class='ocrx_word' id='word_1_1716' title='bbox 1430 3915 1558 3971; x_wconf 49' lang='lat' dir='ltr'>profesto</span> <span class='ocrx_word' id='word_1_1717' title='bbox 1566 3953 1578 3974; x_wconf 75' lang='lat'>,</span> <span class='ocrx_word' id='word_1_1718' title='bbox 1595 3931 1642 3961; x_wconf 78' lang='lat' dir='ltr'>etsi</span> <span class='ocrx_word' id='word_1_1719' title='bbox 1653 3931 1714 3961; x_wconf 87' lang='lat' dir='ltr'>alias</span> <span class='ocrx_word' id='word_1_1720' title='bbox 1726 3932 1821 3971; x_wconf 77' lang='lat' dir='ltr'>aperte</span> <span class='ocrx_word' id='word_1_1721' title='bbox 1842 3934 1975 3972; x_wconf 75' lang='lat' dir='ltr'>patuerit,</span> <span class='ocrx_word' id='word_1_1722' title='bbox 1993 3943 2027 3964; x_wconf 84' lang='lat' dir='ltr'>ex</span> <span class='ocrx_word' id='word_1_1723' title='bbox 2041 3946 2076 3966; x_wconf 91' lang='lat' dir='ltr'>eo</span> <span class='ocrx_word' id='word_1_1724' title='bbox 2096 3944 2191 3968; x_wconf 88' lang='lat' dir='ltr'>tamen</span> <span class='ocrx_word' id='word_1_1725' title='bbox 2205 3935 2364 3975; x_wconf 75' lang='lat' dir='ltr'>propensius</span> 
     </span>
     <span class='ocr_line' id='line_1_177' title="bbox 1309 3970 2518 4014; baseline 0.004 -15"><span class='ocrx_word' id='word_1_1726' title='bbox 1309 3970 1488 4008; x_wconf 66' lang='lat' dir='ltr'>clariusque*</span> <span class='ocrx_word' id='word_1_1727' title='bbox 1505 3970 1671 4008; x_wconf 75' lang='lat' dir='ltr'>conlicitur,</span> <span class='ocrx_word' id='word_1_1728' title='bbox 1689 3970 1784 4009; x_wconf 92' lang='lat' dir='ltr'>quod,</span> <span class='ocrx_word' id='word_1_1729' title='bbox 1803 3971 1871 4001; x_wconf 77' lang='lat' dir='ltr'>sicut</span> <span class='ocrx_word' id='word_1_1730' title='bbox 1885 3980 1919 4002; x_wconf 83' lang='lat' dir='ltr'>ex</span> <span class='ocrx_word' id='word_1_1731' title='bbox 1933 3972 2016 4004; x_wconf 89' lang='lat' dir='ltr'>literis</span> <span class='ocrx_word' id='word_1_1732' title='bbox 2031 3973 2143 4014; x_wconf 83' lang='lat' dir='ltr'>Regiis,</span> <span class='ocrx_word' id='word_1_1733' title='bbox 2161 3975 2241 4004; x_wconf 87' lang='lat' dir='ltr'>nobis</span> <span class='ocrx_word' id='word_1_1734' title='bbox 2260 3973 2363 4012; x_wconf 79' lang='lat' dir='ltr'>missis,</span> <span class='ocrx_word' id='word_1_1735' title='bbox 2384 3978 2518 4014; x_wconf 67' lang='lat'>*11.185‚</span> 
     </span>
     <span class='ocr_line' id='line_1_178' title="bbox 1309 4008 2365 4051; baseline 0.003 -13"><span class='ocrx_word' id='word_1_1736' title='bbox 1309 4009 1391 4046; x_wconf 79' lang='lat' dir='ltr'>piene</span> <span class='ocrx_word' id='word_1_1737' title='bbox 1404 4008 1585 4046; x_wconf 84' lang='lat' dir='ltr'>collegimus,</span> <span class='ocrx_word' id='word_1_1738' title='bbox 1601 4014 1647 4046; x_wconf 87' lang='lat' dir='ltr'>tu,</span> <span class='ocrx_word' id='word_1_1739' title='bbox 1667 4009 1710 4045; x_wconf 88' lang='lat' dir='ltr'>pie</span> <span class='ocrx_word' id='word_1_1740' title='bbox 1723 4008 1819 4039; x_wconf 89' lang='lat' dir='ltr'>volens</span> <span class='ocrx_word' id='word_1_1741' title='bbox 1831 4008 1954 4041; x_wconf 87' lang='lat' dir='ltr'>fidelium</span> <span class='ocrx_word' id='word_1_1742' title='bbox 1967 4011 2076 4044; x_wconf 89' lang='lat' dir='ltr'>obviari</span> <span class='ocrx_word' id='word_1_1743' title='bbox 2088 4012 2249 4051; x_wconf 79' lang='lat' dir='ltr'>dispendiis,</span> <span class='ocrx_word' id='word_1_1744' title='bbox 2266 4012 2300 4043; x_wconf 88' lang='lat'>&amp;</span> <span class='ocrx_word' id='word_1_1745' title='bbox 2312 4011 2365 4041; x_wconf 90' lang='lat' dir='ltr'>hu-</span> 
     </span>
     <span class='ocr_line' id='line_1_179' title="bbox 1312 4046 2368 4118; baseline 0.001 -40"><span class='ocrx_word' id='word_1_1746' title='bbox 1312 4057 1404 4079; x_wconf 83' lang='lat' dir='ltr'>manae</span> <span class='ocrx_word' id='word_1_1747' title='bbox 1418 4046 1507 4078; x_wconf 85' lang='lat' dir='ltr'>salutis</span> <span class='ocrx_word' id='word_1_1748' title='bbox 1519 4047 1635 4082; x_wconf 80' lang='lat' dir='ltr'>exitium</span> <span class='ocrx_word' id='word_1_1749' title='bbox 1656 4047 1773 4085; x_wconf 88' lang='lat' dir='ltr'>evitare,</span> <span class='ocrx_word' id='word_1_1750' title='bbox 1788 4048 1908 4117; x_wconf 52' lang='lat' dir='ltr'>{Etgturn</span> <span class='ocrx_word' id='word_1_1751' title='bbox 1926 4049 2029 4088; x_wconf 73' lang='lat' dir='ltr'>pluries</span> <span class='ocrx_word' id='word_1_1752' title='bbox 2050 4051 2187 4084; x_wconf 83' lang='lat' dir='ltr'>auxilium</span> <span class='ocrx_word' id='word_1_1753' title='bbox 2207 4050 2368 4118; x_wconf 66' lang='lat' dir='ltr'>Regiumffa</span> 
     </span>
    </p>

    <p class='ocr_par' dir='ltr' id='par_1_63' title="bbox 1867 4095 2370 4126">
     <span class='ocr_line' id='line_1_180' title="bbox 1867 4095 2370 4126; baseline 0.004 -10"><span class='ocrx_word' id='word_1_1754' title='bbox 1867 4095 1882 4126; x_wconf 82' lang='lat'>3</span> <span class='ocrx_word' id='word_1_1755' title='bbox 2269 4097 2323 4119; x_wconf 84' lang='lat' dir='ltr'>can</span> <span class='ocrx_word' id='word_1_1756' title='bbox 2347 4099 2370 4118; x_wconf 84' lang='grc'>1-</span> 
     </span>
    </p>
   </div>
  </div>
 </body>
</html>
