2570 4261
190 98 239 138 82

1234 75 1256 116 Ι

925 81 969 122 O
1077 79 1128 120 M

46 192 122 226 Am,
136 188 179 221 D,
195 179 282 212 vitalis
293 177 399 219 spiritus
413 174 530 215 pastore
546 173 711 213 palpitabat,
728 169 864 209 praecepit
877 165 1130 204 Magnificentiam
1146 160 1267 194 vestram

70 231 155 261 1280.

47 270 113 299 Ilv.
125 277 150 297 Ι.

85 1182 154 1210 ¹¹11.

73 1221 155 1256 1076.

69 1344 145 1377 Ann.
162 1341 204 1373 D.

95 1383 179 1413 1280.

70 1422 164 1451 adn.8.

70 1465 144 1488 E.i.

71 1503 110 1528 Ex
126 1501 184 1525 Au-

73 1546 142 1573 ugr.

83 2757 158 2790 Ann.
173 2756 215 2790 D.

109 2798 194 2828 1280.

83 2839 126 2863 An
146 2836 173 2865 8.

81 2878 112 2902 1.
126 2884 147 2903 1.

82 2916 123 2939 Ex
137 2917 195 2942 Aa-

81 2958 145 2989 ngr.

86 3654 220 3687 AnnD.

108 3695 192 3723 1280.

86 3736 139 3759 Aa.
159 3733 185 3760 8.

88 3774 116 3797 Ε.
142 3780 163 3796 1.

88 3811 127 3834 ,Ex
143 3811 202 3836 Au-

85 3853 152 3882 tagr-

106 3920 125 3940 2*
143 3922 181 3949 11.

112 3968 192 3996 1077.

199 221 300 250 intime
316 227 349 249 ex
363 225 437 255 parte
452 214 499 245 sua
513 212 631 244 salutare.
1116 239 1118 241 ‚

238 257 383 288 Caeteriim
393 276 402 292 ‚
422 254 485 291 quia
507 261 571 282 vera
587 248 705 280 dileetio
719 254 862 285 parentum
875 246 905 274 in
917 243 980 273 filiis
995 241 1218 308 comprtssa-tur,
1235 237 1268 268 δε

199 306 257 327 tam
272 296 376 325 ratione
388 290 518 330 juvenilis
530 289 631 325 aetatis,
649 286 733 325 quam
749 285 809 315 alias
823 284 857 314 ad
869 283 959 313 honus
973 281 1042 311 tanti
1058 289 1108 315 reg
1152 287 1206 307 inis
1223 286 1268 306 re-

199 333 401 372 cognoscimus
414 339 464 359 nos
479 326 668 366 multipliciter
679 323 855 361 defeeturos,
873 321 923 351 nisi
937 319 1036 351 solatio
1047 319 1208 349 amicorum
1227 324 1271 344 re-

201 369 387 404 verendifsirni
403 366 490 397 Patris
505 365 592 395 nostri
608 363 781 401 adjuvemur.

239 409 377 440 Duximus
396 403 531 435 famosam
551 403 742 433 strenuitatem
762 399 883 431 vestram
899 394 1052 428 affedmose
1069 390 1271 424 exhortandam

201 450 235 480 &
253 448 351 477 intime
368 442 591 482 deprecandam,
608 441 734 480 quatinus
750 438 909 468 amicitiam
929 436 962 466 &
979 433 1272 473 dileffionem,quam

203 496 271 518 cum
288 485 367 515 dicito
385 483 513 520 genitore
531 479 626 511 nostro
643 477 773 510 habuistis
785 500 796 515 ,
813 477 845 507 &
863 474 975 505 firmiter
992 472 1084 509 longis
1101 468 1273 507 temporibus

203 523 327 555 tenuistis
342 544 352 560 ,
383 521 416 551 ad
440 530 491 550 nos
516 518 606 549 filium
630 519 687 557 ejus
710 515 897 552 convertatis,
919 510 1185 542 Confoedcrationes
1202 508 1274 537 inter

203 563 322 600 Regna,
339 563 353 591 a
374 558 602 596 Progenitoribus
619 556 718 587 nostris
735 555 814 584 initas
826 576 836 592 ,
853 553 886 583 &
901 550 1029 587 diligenti
1047 547 1140 578 studio
1158 545 1274 576 fideliter

206 601 375 645 conservatas
381 621 392 638 ,
408 596 578 635 nobiscum,
596 594 615 626 fi
634 595 743 634 placet,
760 602 815 631 pro
837 590 952 622 utilitate
971 596 1125 627 pauperum
1137 586 1274 616 interme-

205 649 312 671 antium
335 644 510 669 renovantes.

243 677 358 715 Insuper
372 698 383 715 ,
400 675 512 706 noverit
533 673 628 710 Regia
648 669 791 702 Celsitudo
813 677 864 698 nos
879 690 889 705 ,
913 664 1065 696 secundum
1087 661 1277 702 provisionem

204 716 331 754 praeclari
349 715 438 746 Patris
459 711 564 751 nostri,
580 709 676 742 divina
693 707 784 746 gratia
797 707 934 744 largiente
968 705 998 734 in
1013 702 1097 734 Festo
1113 701 1208 732 Sanffi
1225 700 1276 739 Jo-

208 756 305 787 hannis
320 753 449 792 Baptistae
468 748 668 787 coronandos,
682 748 734 786 &,
752 747 815 785 quia
830 744 905 776 casus
920 727 970 773 iiie
977 740 1155 773 lacrimabilis
1169 741 1206 770 ita
1213 739 1277 783 ino-

208 795 302 834 pinate
317 792 422 824 recessu
440 790 623 822 Nunciorum
641 785 844 824 concurrebat,
858 791 888 813 ut
905 792 963 812 non
982 780 1121 819 possemus
1136 777 1279 810 suffieien-

207 844 247 865 ter
274 833 353 863 nobis
370 831 405 861 de
421 829 535 867 proprio
551 826 642 862 sigillo
664 823 810 863 providere
825 846 835 861 ,
856 821 984 852 duximus
1002 818 1118 858 praesens
1139 817 1274 855 scriptum

211 872 300 910 sigillo
318 869 441 900 Domini
459 865 547 897 nostri
563 866 596 896 &
615 863 701 895 Patris
715 860 926 893 includendam.

247 909 366 946 Scituri,
385 906 485 944 absque
508 904 614 942 dubio,
634 901 709 941 quod
724 900 817 932 vestro
836 898 953 930 culmini
971 896 1068 933 Regio
1087 893 1229 934 proficua,
1245 902 1279 922 ac

209 948 330 987 ejusdem
348 947 420 976 votis
437 942 596 981 magnificis
613 941 753 979 consona,
770 939 899 971 volumus
913 935 1019 967 effectu
1034 933 1209 972 fraterno,&
1227 931 1281 962 sin—

213 988 284 1019 ceris
301 984 437 1016 desideriis
455 991 629 1021 promovere.

250 1063 317 1094 Dat.
335 1061 419 1099 Berg.
438 1060 481 1091 16.
501 1057 564 1090 Kal.
580 1057 675 1098 junii,
691 1065 767 1087 anno
781 1054 879 1092 Regni
897 1051 985 1084 nostri
1002 1051 1107 1090 primo.

224 1131 916 1151 ff

216 1191 236 1212 *
257 1193 361 1223 Litera
370 1184 491 1231 Duciffle
504 1183 539 1216 de
548 1180 724 1227 Bruns'wich
736 1180 826 1227 [ἔφη
848 1180 941 1212 Ducis
959 1174 1081 1211 Alberti
1097 1176 1205 1209 Morte
1217 1200 1227 1215 ,
1241 1174 1278 1210 ej*

600 1231 711 1266 Tutela
728 1240 902 1277 puerorum.

261 1322 429 1355 Eteniffimo
444 1319 576 1351 Domino
589 1318 638 1349 suo
750 1314 829 1352 Regi
847 1312 978 1350 Angliae,
997 1310 1056 1342 Dei
1078 1309 1182 1348 gratia,
1203 1306 1288 1339 Adel-

222 1333 260 1396 S
279 1362 368 1393 heidis
383 1384 393 1400 ,
417 1359 512 1391 relidia
527 1381 536 1397 ,
561 1358 615 1396 piae
634 1355 797 1392 memoriae,
815 1351 922 1383 illustris
935 1350 1025 1381 Ducis
1039 1349 1075 1380 de
1093 1346 1288 1385 Bruneswick,

220 1412 286 1434 cum
304 1399 409 1431 sincera
424 1397 596 1434 dilectione,
613 1394 777 1432 obsequium
795 1391 981 1422 voluntarium
995 1389 1028 1420 &
1045 1396 1180 1428 paratum.

255 1440 396 1470 Dolorem
413 1436 506 1468 cordis
527 1434 630 1472 nostri,
649 1442 735 1471 quem
755 1432 896 1469 patimur,
914 1428 1011 1467 vobis,
1029 1435 1158 1466 tanquam
1177 1422 1287 1462 speciali

220 1478 384 1510 consolatori
403 1474 515 1513 nostro,
531 1482 670 1511 exponere
687 1469 902 1508 compellimur,
920 1465 995 1505 quod
1134 1463 1288 1502 potentiam

216 1517 313 1549 nostro
331 1516 480 1551 Domino,
497 1514 593 1543 immo
613 1510 720 1541 Marito
737 1507 894 1543 karissimo,
910 1506 1015 1536 orbatae
1031 1504 1123 1534 sumus
1140 1502 1238 1540 pariter
1253 1501 1287 1531 &

221 1558 336 1596 privatae
351 1578 361 1594 ,
384 1553 419 1584 ad
438 1562 504 1590 νοε,
525 1549 608 1582 velud
627 1549 662 1580 ad
682 1556 798 1587 portum
814 1545 918 1583 salutis,
936 1543 1122 1581 confugimus
1139 1539 1288 1572 confilium

257 1633 335 1664 Hinc
361 1629 401 1661 est
421 1628 497 1668 quod
514 1627 637 1658 vestram
654 1625 724 1656 scire
742 1623 874 1654 volumus
893 1620 1081 1652 Clementiam
1096 1641 1106 1656 ,
1124 1617 1201 1656 quod
1219 1625 1288 1647 cum

219 1672 301 1704 tutela
319 1678 469 1709 puerorum
484 1666 660 1704 nostrorum,
677 1663 726 1695 sub
749 1663 831 1692 variis
854 1669 1001 1699 potentum
1023 1658 1150 1688 manibus
1167 1665 1288 1687 vertere-

221 1720 282 1749 tur,
299 1710 334 1741 de
353 1708 470 1745 eadem,
488 1706 614 1745 quamvis
632 1703 712 1733 simus
730 1699 932 1738 insufficentes,
950 1708 999 1728 nos
1018 1694 1289 1733 intromisimus,sub

220 1749 267 1788 spe
285 1748 369 1779 vestri
382 1746 530 1786 juvaminis
547 1745 580 1776 &
598 1741 723 1780 consilii,
737 1741 770 1771 ὃ(
788 1739 908 1769 maxime
926 1746 955 1768 ut
973 1734 1082 1767 nostros
1099 1733 1170 1764 filios
1183 1733 1217 1764 ad
1231 1732 1290 1764 seu-

225 1788 361 1818 mendum
624 1782 696 1811 bene
945 1777 974 1805 in
987 1773 1112 1806 vestrum
1124 1772 1290 1810 obsequium

227 1826 416 1863 flecteremus,
434 1823 604 1853 timebamus
622 1821 718 1855 enim,
736 1817 754 1847 si
769 1816 849 1846 altera
889 1814 983 1845 ersona
999 1811 1091 1844 tutelae
1110 1810 1251 1849 praedietae
1264 1809 1290 1840 se

226 1863 377 1897 iiieeffiil'et
392 1887 401 1901 ,
426 1861 495 1892 filios
515 1862 572 1899 jam
593 1859 685 1889 dictos
700 1856 734 1887 ad
750 1856 855 1886 servien
877 1863 924 1884 um
940 1853 997 1884 aliis
1012 1850 1195 1889 Principibus
1208 1848 1291 1880 indu-

226 1904 311 1934 xiilet.

262 1940 416 1978 Przetereii,
433 1938 629 1969 Dominorum
648 1932 805 1971 karissime,
824 1931 858 1962 ad
872 1930 1040 1962 memoriam
1054 1929 1208 1965 revocetis,
1226 1934 1294 1964 qua-

225 1981 286 2012 liter
299 1978 457 2017 desponsata
477 1976 582 2007 fuimus
604 1974 735 2004 Domino
754 1971 866 2009 nostro,
884 1971 939 2008 piae
954 1968 1116 2005 memoriae,
1135 1967 1168 1997 &
1181 1966 1291 1996 tradita:

224 2021 259 2089 i&
278 2018 423 2057 quomodo
442 2015 487 2052 id,
505 2013 580 2053 quod
598 2013 716 2044 nomine
734 2010 808 2042 dotis
825 2009 876 2040 sibi
896 2006 1065 2047 promissum
1085 2005 1190 2044 fuerat,
1208 2004 1239 2035 sit
1252 2003 1295 2034 so-

236 2066 322 2089 utum.

260 2095 351 2128 Unde
369 2102 501 2131 rogamns
517 2090 702 2121 dilectionem
718 2087 838 2119 vestram
859 2085 906 2124 (de
922 2095 975 2124 qua
985 2084 1062 2122 spem
1079 2081 1211 2121 gerimus)
1229 2091 1297 2120 qua·

226 2136 298 2166 tinus
315 2133 384 2163 filios
402 2131 528 2169 nostros,
546 2131 576 2160 in
593 2129 645 2158 hiis
663 2126 865 2158 necessitatibus
882 2133 981 2155 eorum
999 2122 1126 2160 diversis,
1143 2121 1179 2151 de
1195 2121 1295 2159 quibus

228 2174 297 2204 lator
312 2170 487 2210 praesentium
501 2177 553 2198 vos
566 2167 632 2198 viva
647 2175 721 2197 voce
736 2165 815 2203 plene
874 2164 935 2193 terit
953 2160 1099 2200 expedire,
1116 2159 1205 2191 taliter
1212 2159 1296 2197 respi-

229 2212 322 2249 ciatis,
339 2219 369 2240 ut
390 2208 439 2246 ipsi
454 2206 554 2237 exinde
571 2206 742 2237 voluntatem
765 2203 815 2233 sim
864 2202 980 2233 sentiant
1000 2201 1034 2231 &
1054 2198 1229 2238 profectum:
1248 2207 1298 2236 per

230 2251 289 2281 hoc
307 2249 384 2278 enim
401 2256 460 2277 tam
475 2244 600 2275 nostrum
609 2267 618 2282 ,
635 2254 669 2274 ac
684 2251 833 2283 puerorum
848 2239 1008 2271 nostrorum
1020 2238 1297 2276 obsequium,quam

231 2288 356 2320 Domini
373 2285 502 2316 auxilium
512 2306 521 2322 ‚
538 2282 643 2321 semper
658 2282 792 2312 habebitis
804 2278 970 2310 benivolum
987 2277 1020 2308 &
1035 2285 1168 2315 paratum.

270 2325 378 2357 Caetera
398 2324 466 2354 lator
482 2333 491 2359 3
515 2322 592 2360 cujus
612 2321 722 2358 verbis,
739 2328 873 2359 tanquam
889 2316 986 2349 nostris
1000 2340 1010 2355 ‚
1030 2316 1149 2355 petimus
1166 2322 1195 2346 ut
1212 2312 1298 2345 fidem

233 2362 434 2397 omnimodam
447 2360 607 2392 adhibeatis.

270 2440 356 2474 Dori:
377 2477 538 2517 Sereniffimo
553 2478 669 2507 Domino
685 2477 750 2514 Regi
768 2472 880 2513 Angliae.

580 2549 1295 2559 ——..--...--—-..——-—————————

249 2609 355 2640 Litera
374 2604 414 2639 ab
432 2607 560 2640 Hinrico
587 2605 656 2648 (qui
671 2600 768 2634 dislus
785 2595 963 2641 Mirabilis)
991 2598 1076 2630 Duce
1098 2594 1134 2629 de
1161 2594 1274 2640 Brunfi

591 2648 691 2693 wich,
715 2648 751 2682 de
773 2645 919 2693 obfiqui'o.

273 2743 442 2776 Ereniffimo
459 2743 593 2774 Domino
608 2763 618 2779 ,
641 2749 675 2770 ac
695 2737 914 2774 Consanguineo
936 2734 984 2766 suo
999 2732 1160 2772 karissimo,
1179 2731 1205 2763 E
1223 2731 1300 2770 Regi

291 2783 402 2821 Angliae
416 2806 426 2821 ,
451 2783 535 2813 Hinr.
556 2781 614 2812 Dei
629 2778 718 2816 gratia
732 2800 742 2816 ,
765 2776 832 2807 Dux
846 2774 883 2805 de
898 2772 1094 2810 Bruneswich,
1112 2781 1180 2802 cum
1197 2771 1302 2802 debitae

231 2823 386 2868 dilectionis
403 2820 578 2859 constantia,
592 2817 758 2856 obsequium
774 2814 882 2853 semper
901 2820 1066 2851 promptum
1083 2820 1152 2842 cum
1169 2809 1234 2841 fidei
1249 2820 1302 2849 pu-

233 2870 318 2893 ritate.

270 2900 379 2931 Vestrae
393 2898 548 2930 Excellenti
566 2894 790 2933 Magnificentiae
803 2899 904 2922 notum
918 2889 1113 2921 essevolumus
1127 2897 1175 2927 per
1183 2887 1301 2929 praesen-

232 2938 378 3008 ffcs'ffoed
393 2948 442 2968 nos
455 2938 488 2982 {sc
503 2937 595 2967 fratres
611 2934 711 3002 nosttrii9
728 2927 1094 3001 uissgumisr'fflglrtenr‘iostrta,
1108 2927 1205 2996 dig-lina·
1219 2927 1302 2997 dangg

233 2986 438 3058 ipsumpzaesttreae
444 2984 607 3045 ἣιίῗέῑῖὲῌῑῖςῑί
620 2983 731 3054 {ir-secasti
746 2979 904 3047 plenissimo
921 3016 954 3036 ac
973 2975 1285 3050 laisgillgg‘ssexadgt'arilttds.

273 3053 308 3084 Et
316 3077 325 3092 ,
343 3056 361 3083 (i
373 3064 425 3092 qua
432 3053 536 3083 servitia
549 3059 595 3082 aut
608 3049 739 3087 obsequia
753 3057 804 3077 nos
817 3045 916 3077 vestrae
925 3044 1122 3075 Dominationi
1137 3043 1301 3080 impendere

235 3092 375 3123 volueritis
389 3100 434 3121 aut
447 3090 559 3128 vestris,
576 3088 609 3120 ad
627 3089 690 3118 liaec
705 3084 875 3124 exsequenda
889 3094 939 3114 nos
957 3085 986 3113 in
999 3083 1130 3113 omnibus
1143 3082 1225 3111 nobis
1239 3082 1301 3119 pos-

234 3130 355 3162 sibilibus
369 3152 378 3168 ,
403 3129 477 3159 sicud
505 3138 537 3158 ex
560 3128 655 3158 debito
675 3124 928 3161 Confiinguinitatis
948 3121 1038 3153 sumus
1052 3121 1194 3158 obnoxii,
1217 3120 1303 3151 habe-

232 3170 298 3213 bitis
314 3167 466 3206 expositos,
481 3166 627 3197 benivolos
646 3166 679 3196 ὃς
698 3172 822 3202 paratos,
837 3161 925 3193 nichil
943 3160 1040 3192 talium
1057 3158 1230 3191 omnimodis
1247 3161 1301 3190 ob-

233 3215 384 3238 mittentes.

271 3283 377 3315 Datum
393 3282 531 3315 Brunesw.
547 3281 577 3311 in
590 3279 635 3311 die
650 3281 724 3311 beati
737 3279 850 3310 Orbani
867 3277 1002 3309 Mandris.

273 3359 457 3468 Dorglloss‘osb
477 3401 542 3467 §egi
557 3394 665 3434 Angliae
674 3418 684 3435 ,
702 3397 818 3425 Domino
840 3404 871 3423 ac
886 3391 1083 3432 Consangus‘neo
1089 3388 1140 3431 fico
1154 3388 1304 3429 kariffimo,

414 3449 476 3468 war
496 3448 522 3467 o,

412 3580 567 3613 Alianora
588 3576 759 3623 Principiffit
783 3575 915 3617 Williae,
942 3571 987 3606 ad
1006 3575 1126 3620 Regem.

238 3662 429 3733 EXcellenti
451 3664 583 3695 Domino
604 3663 652 3693 suo
665 3685 675 3700 ,
691 3662 725 3692 &
739 3660 959 3697 Consanguineo
974 3657 1154 3697 praedile&o,
1170 3655 1302 3686 Domino

278 3742 282 3746 ῃ
304 3702 339 3746 Ε..
357 3702 415 3732 Dei
427 3703 530 3740 gratia,
545 3702 622 3738 Regi
637 3700 767 3738 Angliae,
784 3698 915 3729 Domino
930 3697 1093 3735 Hiberniae,
1109 3696 1143 3727 &
1164 3694 1244 3725 Duci
1260 3693 1303 3724 A-

238 3749 367 3784 quitaniae
381 3763 391 3779 ,
408 3740 452 3770 sua
467 3742 568 3771 devota
586 3738 803 3775 Consanguinea
823 3737 971 3774 Alianora,
988 3734 1154 3773 Principiffa
1169 3731 1303 3771 Walliae,

238 3778 364 3808 Domina
382 3778 530 3822 Snaud0n,
543 3777 655 3808 salutem
672 3787 739 3807 curri
756 3775 804 3813 ea,
823 3786 885 3813 quae
903 3775 1003 3813 decet,
1019 3772 1123 3804 sincera
1136 3770 1304 3809 dilectione,

241 3815 459 3852 Consanguineo
476 3826 570 3854 tanto,
587 3817 619 3847 ὃ(
633 3824 691 3846 tam
708 3815 877 3853 propinquo.

277 3853 398 3884 Noverit
418 3854 507 3887 vestra
530 3854 720 3891 Excellentia‚
739 3852 815 3890 quod
836 3852 872 3882 de
890 3851 981 3882 vestro
998 3850 1066 3881 statu
1082 3851 1174 3881 bonos
1187 3848 1221 3879 &
1234 3857 1304 3885 pro-

239 3890 328 3935 speros
344 3902 465 3922 rumores
478 3892 548 3922 scire
562 3892 760 3929 desideramus,
779 3890 845 3921 ideo
857 3889 978 3920 vestram
993 3888 1194 3919 Excellentiam
1208 3886 1304 3916 humi-

238 3929 299 3959 hter
321 3936 450 3972 rogamus
468 3931 501 3960 &
523 3939 639 3968 attente,
657 3931 798 3967 quatinus,
814 3938 866 3965 pro
888 3938 984 3958 amore
1006 3927 1119 3964 nostro,
1137 3925 1239 3956 statum
1251 3934 1302 3955 ve-

237 3967 342 4006 strum,
352 3967 369 3986 ¹*
378 3967 411 3999 ὃς
420 3970 453 4005 ,ll
470 3978 533 4007 quae
547 3979 628 4006 penes
640 3979 691 3999 nos
705 3967 844 3999 volueritis
859 3976 922 4005 quae
937 3965 1030 3998 vestro
1042 3964 1167 3998 cederint
1179 3963 1281 3995 honori
1287 3985 1302 4004 ‚

1364 74 1392 115 S
1499 74 1527 116 S
1634 75 1686 115 A.·

1310 159 1355 190 vel
1369 159 1523 197 placuerint
1537 156 1696 198 Majestati‚
1714 157 1821 197 nobis,
1844 156 1913 189 ficut
1926 155 2153 196 Consanguineae
2173 159 2257 191 vobis
2270 156 2371 193 humili
2410 130 2559 177 Ambusti

1310 199 1344 230 &
1363 206 1506 236 promptae
1523 196 1557 228 ad
1576 195 1666 228 vestra
1683 196 1874 241 beneplacita,
1891 195 2046 234 significare
2062 197 2160 228 velitis.
2379 186 2389 202 ³
2439 183 2522 223 ¹²80?
2553 210 2557 215 ·

1351 237 1538 281 Quamquam
1555 258 1566 274 ,
1596 243 1627 279 ut
1643 235 1800 266 audivimus
1813 258 1823 274 ,
1860 236 1913 265 hiis
1930 237 2065 266 contraria
2082 236 2118 266 ab
2134 236 2272 274 aliquibus
2290 237 2388 271 vestrae
2407 222 2478 249 Edv.
2497 231 2529 260 ¹⁸³

1311 274 1490 319 Eitcellentiae
1505 274 1542 305 de
1553 274 1636 318 nobis
1650 273 1701 304 sint
1717 273 1816 313 relata,
1833 274 1867 305 &
1878 283 1973 304 tamen
1987 273 2065 304 nullo
2078 275 2168 305 modo
2179 275 2322 307 credimus
2340 289 2392 310 vos

1311 314 1464 358 aliquibus,
1483 312 1519 343 de
1535 312 1666 343 Domino
1681 312 1778 357 nostro
1788 334 1798 350 ,
1815 312 1859 343 vel
1871 312 1970 351 nobis,
1987 312 2090 343 sinistra
2097 312 2277 345 referentibus
2299 314 2390 348 fidem

1314 351 1466 390 adhibere,
1483 351 1576 382 donec
1594 352 1609 380 a
1623 352 1707 381 nobis
1729 350 1830 381 sciretis
1851 351 1870 380 si
1892 350 1955 382 talia
1971 351 2049 382 dicta
2064 353 2211 383 continent
2225 337 2371 386 veriiatem

1313 399 1349 458 s
1366 389 1896 468 iziffmztass‘i'g‘ffiafflsv‘tmffi
1912 388 2276 459 fftri¹1ffl1²1⁶a¹³0m¹in0
2293 379 2391 438 ’ὦ
2450 429 2452 431 -

1314 465 1382 498 ὣς,
1468 451 1478 467 ,
1814 438 1833 466 g
1888 450 1896 459 .
1945 437 2016 459 imus
2029 451 2040 467 ,
2062 439 2099 459 ve
2137 438 2146 458 i
2168 438 2254 470 gratia
2270 431 2390 464 exhibu-
2559 461 2570 494 ς

1356 505 1506 549 Qiocirca
1529 503 1665 543 quicquid
1680 527 1690 543 ‚
1702 505 1784 548 ¹circa
1800 505 1883 543 haec,
1901 504 1947 536 vel
1962 505 2032 544 alia,
2050 515 2114 544 quae
2131 506 2271 539 volueritis
2307 510 2390 541 nobis
2560 495 2570 511 Ἤ

1315 543 1534 622 gizgigndmetis,
1551 551 1653 582 paratae
1669 553 1773 574 erimus
1789 543 1914 582 semper,
1931 554 1984 583 pro
2001 545 2122 584 viribus,
2139 547 2240 585 exequi
2255 531 2290 580 ὃξ
2307 557 2392 581 oom-

1355 659 1423 691 Dat.
1440 658 1514 698 apud
1530 658 1688 690 Launmaes
1702 658 1810 691 octavo
1827 659 1874 690 die
1887 659 1963 699 Juiii.

1356 788 1462 819 Litera
1488 787 1635 831 Principis
1655 784 1842 817 Salernitana·
1861 796 1915 830 pro
1939 783 2077 834 Guydone
2099 785 2137 820 de
2157 788 2301 833 Monfort
2322 789 2368 822 ad

1664 835 1775 866 Pacem
1797 835 1885 881 Regis
1907 833 2078 880 recipiendo.

1324 918 1456 982 ATres
1473 918 1573 963 Noble
1591 916 1711 956 Prince,
1727 917 1776 949 son
1793 926 1846 950 tres
1865 919 1942 950 chier
1959 929 2024 951 ame
2040 919 2164 960 Cousm,
2182 920 2215 952 E.
2233 931 2280 960 par
2292 922 2317 954 la
2331 933 2396 962 gra·
2416 927 2482 959 Ann
2507 927 2542 959 D
2554 930 2561 943 ⁴*

1404 968 1439 1003 ce
1452 957 1488 988 de
1506 957 1583 988 Dieu
1597 980 1607 996 ,
1630 965 1684 987 tres
1697 957 1763 988 haut
1774 957 1848 1001 Roy
1867 957 2056 995 d’Engleterre
2067 970 2081 998 ·,
2099 957 2214 990 Chasles
2230 962 2324 993 ainnes
2339 963 2397 995 fiuz
2440 952 2517 998 1220
2539 951 2551 960 ⁰
2564 953 2565 959 ἵ

1323 993 1349 1044 kf
1365 996 1426 1027 Roi
1437 996 1474 1027 de
1484 996 1595 1036 jerusal.
1610 995 1644 1026 &
1663 995 1699 1026 de
1716 995 1825 1040 βαιὴ,
1844 994 1957 1027 Ptine&
1979 997 2015 1027 de
2026 997 2152 1036 Saleme,
2169 999 2203 1029 &
2221 998 2344 1032 Senneur
2356 1001 2393 1034 de
2411 1010 2452 1034 An
2483 1006 2499 1033 8
2517 990 2526 998 Ι

1324 1033 1431 1066 loneur
1451 1035 1489 1066 du
1511 1034 1600 1065 Mont
1621 1033 1657 1065 de
1677 1034 1755 1066 Saint
1776 1034 1877 1074 Ange,
1895 1034 1983 1073 saluz,
2000 1036 2033 1067 ὃ(
2050 1035 2107 1067 soie
2130 1037 2256 1076 apareille
2274 1049 2290 1069 a
2306 1047 2396 1072 toutes
2413 1049 2435 1072 Ε
2458 1028 2467 1070 i
2504 1027 2512 1033 “

1324 1072 1363 1104 ses
1378 1075 1486 1105 bonnes
1504 1073 1636 1105 volentes
2419 1066 2460 1110 ἐκ
2469 1065 2529 1110 iiu-

1364 1112 1425 1144 Sire
1438 1136 1448 1152 ‚
1483 1122 1603 1144 comme
1622 1122 1693 1143 nous
1713 1113 1791 1143 aions
1857 1111 1882 1142 le
1898 1123 1914 1143 a
1930 1122 2000 1143 vous
2016 1112 2074 1144 dou
2096 1112 2137 1144 fet
2315 1116 2321 1122 ¹

1326 1149 1389 1182 Gui
1403 1151 1440 1182 de
1455 1150 1606 1196 Monfort,
1623 1151 1657 1182 &
1672 1150 1762 1182 vestre
1777 1121 1856 1182 bolland
1870 1161 1964 1190 mere5
2153 1113 2189 1145 de
2209 1113 2397 1154 Monselgnur
2416 1129 2480 1158 ‘ogr'

1365 1190 1444 1221 Vous
1459 1200 1530 1220 nous
1546 1198 1609 1221 aiez
1625 1189 1764 1228 respondu
1783 1212 1794 1228 ,
1824 1199 1879 1228 que
1895 1200 1964 1221 vous
1979 1201 2015 1221 en
2035 1192 2122 1224 feriez
2137 1200 2196 1222 tant
2215 1202 2268 1231 por
2280 1193 2398 1226 l’amoui·

1324 1228 1361 1259 de
1378 1239 1466 1267 nous,
1479 1239 1539 1273 *que
1556 1239 1625 1260 nous
1645 1239 1714 1260 nous
1732 1238 1769 1259 en
1787 1228 1916 1259 deurions
1933 1229 1998 1260 bien
2015 1232 2086 1261 tenir
2103 1241 2118 1261 a
2136 1232 2224 1268 paiez.

1364 1266 1401 1312 Et
1418 1267 1548 1318 sentimes
1560 1290 1570 1306 ,
1595 1277 1643 1305 par
1663 1277 1714 1298 vos
1735 1267 1857 1311 ραι-0103,
1874 1278 1928 1306 que
1945 1267 2038 1300 vostre
2053 1269 2166 1301 volente
2185 1268 2287 1309 estoit,
2305 1281 2361 1310 que
2379 1271 2401 1302 il

1328 1306 1412 1345 priest
1431 1306 1504 1351 lune
1520 1306 1557 1337 de
1571 1316 1616 1338 ces
1630 1306 1697 1338 deus
1711 1315 1805 1344 vexes,
1822 1305 1889 1337 c'est
1901 1317 1917 1337 a
1930 1305 2036 1347 savoir3

1343 1365 1349 1371 -
1368 1344 1436 1384 Qie
1453 1344 1472 1375 il
1485 1344 1554 1389 ‘alast
1571 1353 1651 1376 outre
1666 1355 1728 1376 mer
1740 1345 1839 1384 juques
1854 1355 1871 1376 a
1887 1343 1980 1376 vostre
1996 1345 2126 1385 volente,
2141 1347 2175 1378 &
2194 1346 2287 1379 vostre
2299 1346 2413 1386 Rapelz

1367 1383 1501 1428 quu’il
1515 1382 1677 1414 demourast
1697 1392 1776 1415 outre
1797 1383 1835 1414 les
1856 1393 1963 1422 monz,
1980 1383 2046 1414 sanz
2063 1386 2142 1415 venir
2163 1395 2201 1416 en
2223 1385 2328 1418 France
2378 1385 2407 1418 se

1330 1421 1441 1453 n'est01t
1455 1433 1501 1460 par
1516 1420 1608 1453 vostre
1622 1421 1735 1452 volente
1749 1422 1783 1452 &
1798 1421 1891 1453 vostre
1903 1421 2032 1461 Rappel:
2341 1409 2352 1426 ³

1369 1460 1405 1492 Et
1422 1461 1458 1491 de
1474 1471 1508 1491 ce
1523 1459 1605 1491 voust
1619 1459 1736 1491 dounast
1750 1460 1821 1491 bons
1835 1460 1938 1499 pleges.

1367 1500 1503 1544 Sachiez,
1520 1499 1594 1538 Sire,
1613 1509 1668 1537 que
1678 1498 1714 1529 de
1727 1498 1766 1530 ses
1777 1498 1844 1530 deus
1858 1500 1936 1531 voles
1947 1509 2017 1530 nous
2028 1510 2115 1532 avons
2128 1510 2164 1532 eu
2175 1500 2267 1533 lettres
2278 1501 2315 1533 de
2331 1501 2403 1533 Res-

1332 1538 1416 1577 ponse
1428 1538 1463 1569 de
1477 1538 1562 1589 li·‚&
1576 1547 1646 1569 nous
1659 1536 1762 1570 manda
1776 1547 1831 1576 que
1844 1537 1908 1569 elles
1919 1538 1941 1569 li
1956 1537 2092 1571 samblent
2106 1540 2196 1579 gries,
2215 1540 2249 1573 &
2265 1541 2404 1574 moestae·

1333 1586 1412 1608 ment
1424 1577 1484 1609 cele
1524 1585 1605 1608 outre
1617 1586 1693 1607 mer:

1368 1615 1425 1647 Car
1442 1616 1462 1646 il
1479 1626 1516 1646 ne
1533 1617 1696 1660 converroit
1714 1615 1761 1647 nul
1779 1614 1798 1646 fi
1818 1616 1862 1646 ezi
1880 1616 1938 1646 ami
1957 1638 1968 1653 ‚
1991 1617 2041 1654 qui
2057 1615 2078 1647 si
2096 1616 2226 1649 acordast
2241 1617 2340 1657 sporce
2355 1628 2412 1657 que

1331 1654 1598 1731 {gqyptilefflssignsaireirble
1618 1653 1716 1694 grief,
1748 1664 1793 1686 car
1811 1654 1830 1684 il
1846 1664 1882 1686 ne
1896 1655 2015 1695 poriroit
2031 1655 2111 1686 avoir
2128 1655 2155 1687 sa
2174 1656 2321 1689 chevance
2336 1667 2374 1689 en
2388 1657 2412 1689 fi

1493 1704 1508 1724 e
1563 1703 1601 1724 re.

1369 1732 1479 1777 Toutes
1503 1733 1582 1763 voies
1595 1755 1605 1771 ,
1631 1741 1703 1770 pour
1726 1731 1846 1763 l’amour
1867 1730 1903 1763 de
1925 1742 1996 1763 vous
2013 1732 2047 1763 &
2065 1742 2137 1771 pour
2158 1733 2255 1770 vostre
2326 1743 2362 1766 ce
2378 1744 2408 1765 a-

1332 1781 1447 1840 guerre,
1465 1771 1485 1801 il
1497 1771 1630 1802 voudroit
1641 1771 1789 1802 demourer
1808 1778 1889 1801 outre
1904 1769 1942 1801 les
1955 1779 2046 1802 monz
2058 1782 2075 1802 a
2083 1779 2153 1802 touz
2162 1773 2238 1810 jours
2285 1782 2302 1804 e
2315 1771 2410 1804 vostre

1354 1810 1504 1860 ebonerete
1519 1809 1602 1854 neOIe
1618 1809 1732 1848 rapeloit
1746 1833 1757 1847 ‚
1774 1809 1808 1841 &
1823 1808 1859 1839 de
1881 1818 1916 1839 ce
1936 1807 2022 1840 doute
2039 1808 2060 1840 il
2082 1819 2189 1841 encore
2200 1833 2211 1850 ,
2228 1795 2298 1850 pbur
2319 1821 2375 1850 que
2390 1811 2413 1843 ss

1336 1859 1356 1879 n
1366 1848 1406 1879 est
1421 1859 1467 1886 pas
1482 1857 1589 1880 certain
1604 1847 1641 1878 de
1653 1857 1765 1879 trouver
1781 1846 1876 1885 pleges
1888 1857 1904 1878 a
1918 1847 2011 1879 vostre
2025 1846 2146 1879 volente.

1374 1886 1410 1918 Et
1428 1897 1498 1918 vous
1511 1886 1636 1928 souploie
1652 1896 1723 1925 pour
1738 1885 1834 1925 Dieu,
1850 1885 1884 1918 ὃς
1897 1895 1968 1928 pour
1985 1887 2054 1926 pitie
2070 1909 2082 1927 ‚
2108 1896 2163 1928 que
2177 1897 2248 1919 vous
2260 1887 2282 1918 li
2297 1887 2411 1921 veilliez

1336 1925 1394 1957 fere
1409 1936 1493 1964 grace
1507 1925 1542 1956 de
1554 1926 1613 1957 leur
1629 1934 1707 1957 terre.

1375 1964 1411 1996 Et
1425 1988 1436 2004 ,
1459 1964 1645 2009 sire‚‚come
1663 1974 1735 1996 vous
1756 1973 1829 1995 nous
1847 1973 1884 1995 en
1903 1964 1967 1995 aiez
1982 1962 2002 1994 fi
2016 1964 2240 1997 debonerement
2253 1964 2411 2004 respondu,

1336 2013 1643 2081 233⁵fixssz²⁵2151235¹2⁸02
1648 2010 1850 2073 ‘fisshscssffei
1860 2013 2207 2074 ἳῖῗτέῗῑοὲῡιιῖἓῑᾚί
2217 2004 2413 2080 ’ἓηῖῐὲἑέιέ
2465 2067 2469 2071 ,

1340 2092 1375 2113 ce
1391 2105 1401 2119 ,
1434 2091 1505 2120 pour
1525 2081 1643 2125 l'amour
1663 2080 1699 2111 de
1722 2079 1815 2118 Dieu,
1832 2080 1866 2111 &
1887 2090 1958 2119 pour
1974 2081 2042 2118 pitie
2059 2103 2069 2120 ‚
2095 2081 2129 2113 &
2149 2092 2222 2120 pour
2239 2081 2355 2112 l'amour
2378 2080 2417 2112 de

1340 2130 1430 2165 nous,
1446 2130 1500 2158 que
1523 2118 1701 2163 Dictis-vous
1721 2129 1758 2149 en
1781 2117 1880 2150 scache
1901 2128 1965 2164 gre:
1986 2120 2020 2164 ‘⁴33‘
2038 2129 2112 2164 *nous
2134 2130 2205 2152 vous
2222 2130 2260 2152 en
2281 2118 2418 2160 puiffions

1341 2168 1462 2228 ¹¹¹3?ssss
1470 2157 1719 2240 ’sssfissessesilifess‘f
1728 2156 2257 2235 sssstssenffissff‘i‘nssssii'ff‘qlffiu‘chose
2271 2206 2342 2228 nous
2359 2196 2411 2228 de-

1340 2235 1440 2267 sirroris
1457 2246 1472 2266 a
1492 2245 1537 2266 oir
1550 2235 1585 2265 de
1601 2234 1693 2266 vostre
1708 2234 1793 2265 Roial
1809 2233 1938 2272 Mnjeste.

1378 2274 1418 2319 Et·
1434 2284 1503 2304 vous
1522 2275 1615 2312 prions
1630 2284 1683 2311 que
1699 2283 1768 2304 vous
1789 2282 1858 2303 nous
1876 2271 2009 2304 mandiez
2023 2271 2119 2303 vostre
2136 2271 2217 2303 escrit
2229 2281 2321 2305 toutes
2335 2272 2396 2304 foiz

1341 2323 1401 2383 ¹que¹
1411 2313 1513 2381 ilfvous
1529 2312 1602 2351 plera
1611 2335 1621 2352 ,
1638 2313 1671 2344 δε
1687 2311 1779 2344 vostre
1793 2311 1926 2351 volente,
1948 2311 1974 2342 la
1989 2310 2080 2350 quelle
2093 2321 2163 2343 nous
2175 2311 2287 2343 spumes
2301 2298 2418 2351 apaten?

1352 2364 1368 2384 e
1403 2362 1419 2383 e
1443 2361 1497 2382 ere.

1381 2429 1468 2460 Done
1485 2427 1548 2460 Aes.
1562 2427 1655 2468 juesdi
1673 2427 1698 2459 le
1712 2427 1759 2458 26.
1773 2427 1845 2467 Jour
1864 2427 1900 2458 de
1915 2425 2091 2466 Septembre.

1771 2600 1944 2648 plicatoria.

1391 2686 1621 2719 Xcellentiffimo
1641 2686 1737 2718 Princi
1759 2686 1787 2725 i,

1342 2695 1391 2771 E
1408 2726 1543 2771 Domino
1556 2724 1716 2770 Edwardo,
1734 2696 1793 2755 Bel

1342 2763 1912 2835 ffiffirssu‘snfflffi‘fnffissrgmcussffi}
1925 2761 2419 2832 Ahiiss⁰issssefrii¹⁶³piff³aiiw3i¹i¹³²'
2436 2776 2490 2800 ’θ’-
2499 2771 2527 2800 ⁸·

1342 2851 1420 2875 tamo
1435 2842 1586 2887 Domino,
1603 2842 1637 2873 &
1651 2824 1873 2879 Consan’guineo
1888 2811 2131 2884 tainqpropinqud.
2152 2810 2250 2833 mecm
2301 2811 2318 2832 e
2359 2810 2416 2833 one
2436 2814 2548 2878 ἐπὶ.

1343 2879 1825 2956 diasfflrbxfflsastae
1843 2877 2047 2948 iamnes
2060 2876 2301 2950 samem
2316 2878 2417 2922 <aa
2435 2895 2504 2925 ag..
2546 2883 2550 2886 -

1342 2959 1414 2990 scire
1431 2969 1490 2990 non
1506 2958 1596 2989 solum
1607 2959 1752 3002 cupimus,
1768 2956 1807 2988 set
1830 2926 1932 2987 itimflse.
2023 2926 2060 2955 ga
2098 2926 2143 2948 ere
2157 2940 2168 2956 ²
2189 2926 2229 2956 qu
2301 2926 2318 2948 e
2334 2917 2419 2950 v⁰b¹⁵

1806 2695 1921 2731 necnpn
1939 2684 2158 2730 Consanguineo
2178 2685 2228 2716 suo
2252 2684 2416 2725 kariffimo,
2437 2693 2512 2725 Am,
2526 2693 2561 2726 D

1852 2733 1909 2763 tia,
1926 2723 2004 2769 Regi
2018 2723 2147 2762 Angliae,
2164 2723 2299 2755 Domino
2309 2723 2416 2755 Hiber-
2455 2734 2548 2764 1280.
2559 2719 2569 2726 ‘

1382 2999 1401 3018 *¹
1420 2997 1457 3029 Et
1473 2999 1538 3036 quia
1552 2997 1635 3027 nobis
1649 2997 1686 3028 ab
1700 2995 1833 3035 aliquibus
1845 2993 1886 3024 est
1900 2993 2016 3025 relatum
2032 2993 2128 3034 quod,
2145 2994 2176 3024 in
2190 2993 2302 3026 instanti
2315 2993 2418 3027 Parlia-
2441 2973 2476 3040 ιζ
2491 2975 2532 3002 H'

1345 3034 1653 3081 ment0,de.k.arisfirni
1666 3035 1755 3066 fratris
1767 3031 1853 3064 nostri
1869 3031 1994 3063 Domini
2012 3032 2158 3064 Amalraci
2173 3031 2260 3064 statiis
2273 3032 2418 3064 relevatio·
2475 3013 2523 3050 73'

1344 3086 1381 3107 ne
1394 3084 1551 3120 propomtis
1565 3072 1844 3119 haberetraCtaturn,
1861 3071 1927 3102 ideo
1945 3081 2015 3103 com
2035 3071 2096 3102 losis
2120 3071 2268 3110 manibuS,
2283 3071 2417 3109 genibus-

1344 3125 1399 3154 que
1419 3114 1511 3159 fleins‚
1529 3123 1563 3145 ac
1578 3113 1728 3158 gemitibus
1741 3109 1910 3150 lacrimosis,
1928 3081 2070 3149 Majeiiati
2084 3109 2183 3140 vestrae
2196 3108 2399 3150 supplicamuS,

1383 3154 1538 3193 Qatinus,
1554 3151 1683 3183 divinam
1701 3148 1893 3180 Clementiam
1913 3158 1949 3180 ex
1972 3148 2056 3180 vestri
2077 3147 2170 3179 cordis
2181 3148 2288 3178 intimo
2302 3147 2414 3186 respici-

1344 3201 1420 3223 entes
1436 3193 1511 3231 (quae
1526 3190 1659 3221 omnibus
1682 3198 1800 3219 manum
1821 3188 1928 3226 pietatis
1941 3186 2081 3225 extendit,
2099 3186 2242 3224 praecipue
2254 3186 2308 3217 hiis
2323 3188 2371 3225 qui
2384 3187 2412 3218 se

1344 3240 1378 3260 ex
1393 3239 1454 3261 toto
1469 3229 1555 3260 corde
1569 3227 1720 3271 requirunt)
1738 3226 1886 3265 praefatum
1899 3225 2015 3257 fratrem
2029 3220 2174 3263 nostrum,
2190 3224 2224 3256 &
2236 3223 2417 3262 Consangui-

1346 3279 1434 3299 ncum
1449 3267 1572 3299 vestrum
1592 3267 1809 3304 (Benignitatem
1828 3264 1950 3296 vestram
1987 3272 2017 3294 ut
2038 3263 2238 3301 intelligimus,
2255 3263 2417 3301 suppliciter

1344 3306 1542 3351 postulantem)
1562 3305 1595 3337 ad
1608 3305 1727 3342 gratiam
1741 3314 1774 3335 ac
1790 3313 1892 3343 pacem
1912 3287 2032 3335 vestram
2045 3301 2259 3334 misericorditer
2273 3301 2363 3334 velitis
2371 3312 2417 3334 re-

1344 3356 1447 3384 cipere.

1382 3384 1414 3415 Si
1426 3385 1505 3428 enirn
1519 3381 1690 3413 Excellentia
1701 3380 1806 3420 vestra,
1823 3388 1906 3419 prout
1917 3379 2015 3419 saepius
2028 3380 2179 3419 novimus,
2196 3379 2350 3410 clementer
2366 3387 2416 3410 ex-

1345 3431 1446 3453 traneis
1466 3420 1666 3452 condescendit
1682 3443 1692 3459 ,
1718 3421 1821 3450 merito
1837 3420 1945 3458 magis,
1968 3427 1999 3450 ut
2018 3418 2176 3458 credimus,
2195 3426 2301 3449 naturae
2316 3417 2414 3449 vestrae

1344 3470 1403 3492 tam
1417 3462 1580 3499 propinquae
1594 3469 1710 3490 manum
1725 3458 1833 3490 debetis
1848 3459 1976 3496 porigere
1991 3457 2107 3495 pietatis.

1383 3499 1479 3530 Valeat
1494 3500 1524 3529 in
1539 3497 1673 3528 Domino
1690 3507 1739 3536 per
1757 3505 1885 3535 tempora
1899 3497 2038 3536 longiora.

1382 3575 1451 3607 Dat.
1468 3574 1540 3615 apud
1553 3574 1689 3606 Saan
1703 3574 1828 3613 Anneir,
1846 3575 1877 3605 in
1890 3572 1973 3606 Festo
1986 3571 2084 3607 Sancti
2101 3571 2175 3605 Luci
2194 3568 2411 3609 Euvangeustoe:

1347 3733 1352 3737 .
1378 3651 1557 3730 lgffiis'ndetur
1568 3695 1594 3721 ei
1607 3692 1681 3732 quod
1689 3692 1844 3721 tradatum
1860 3688 1897 3730 est
1910 3690 1942 3720 de
1948 3688 2030 3730 statu
2046 3691 2077 3720 in
2088 3688 2139 3730 isto
2154 3683 2411 3720 Ρανίωηεητωό·

1342 3730 1374 3759 ad
1384 3731 1456 3770 quod
1458 3729 1526 3776 fieri
1534 3738 1641 3776 potust,
1657 3730 1694 3771 est
1701 3729 1814 3773 fastum
1825 3740 1836 3768 ,-
1857 3728 1896 3765 ᾤ’
1915 3729 2032 3759 creditur
2046 3736 2096 3767 per
2108 3728 2155 3766 id,
2169 3725 2244 3768 quod
2252 3725 2409 3755 “ablatum

1340 3767 1377 3808 est
1387 3791 1398 3807 ,
1412 3768 1570 3801 deliberatio
1575 3768 1684 3809 fratris
1691 3770 1738 3810 sui
1749 3769 1785 3811 fit
1801 3767 1916 3801 multum
1928 3769 2143 3808 appropinquior.

2310 3992 2413 4023 utero
