2560 4261
238 212 286 254 32

235 368 398 400 Innocentii
413 367 493 408 Papae
513 365 631 395 Litteris
649 364 722 408 Regi
749 362 866 408 Angliae
884 374 893 399 ,-
925 360 1065 394 hortatur
1089 372 1158 393 eum
1177 370 1211 392 ut
1233 363 1295 392 Pa-

281 427 343 447 cem
354 413 456 458 ftrvct
472 422 541 443 cum
559 413 747 443 Francorum
765 413 842 457 Rege
855 422 865 448 ,·
898 408 951 443 ubi
968 409 1004 443 de
1017 413 1143 456 pecunia
1158 406 1218 452 fibi
1240 405 1296 440 ab·

285 464 348 494 lata
365 458 591 503 restiiuendafit
611 463 732 492 mentio.

302 544 443 576 Celesiam
459 544 554 584 suam,
592 553 676 583 uam,
702 554 752 582 per
775 543 963 575 Solomonem
979 566 989 582 ,
1012 539 1157 573 Dominus
1176 542 1210 573 ὃς
1228 542 1300 572 ami-

681 188 1933 243 CONVENTIONES‚L1TERAE,

1331 313 1371 343 do
1391 314 1484 344 habita
1499 337 1509 352 ,
1526 323 1641 358 'praeter
1662 324 1726 345 uam
1745 315 1781 345 de
1799 316 1868 346 dote
1888 315 1988 346 sororis
2007 315 2101 354 tuaeJ.
2117 317 2226 348 illustris
2265 317 2388 348 uondam
2425 324 2479 353 119

1367 274 1533 306 Afferebant
1545 285 1660 315 quoque
1677 275 1713 306 de
1725 275 1871 308 Thesauro
1884 276 1973 320 Cypri
1980 299 1991 314 ,
2008 275 2042 308 &
2056 275 2093 307 de
2104 277 2221 318 pecunia
2234 287 2251 309 a
2262 274 2390 310 Tancre-
2406 270 2554 345 AnngDX

1333 351 1455 391 RQinae
1476 351 1595 392 Siciliae,
1620 354 1645 383 ei
1666 364 1713 383 em
1734 353 1833 393 Regi,
1859 354 1928 384 sicut
1947 353 1982 384 de
2000 356 2107 386 caereris
2127 378 2138 395 ,
2160 355 2195 387 ad
2214 366 2254 387 vo
2264 364 2388 386 untatem

1332 390 1409 420 suam
1429 391 1583 431 plenissime
1602 391 1787 430 satisfacsum‘,
1802 393 1838 422 ita
1858 392 1956 432 quod,
1973 402 2041 423 cum
2062 395 2211 434 praedidms
2225 394 2291 425 Rex
2304 394 2391 425 Fran-

1334 429 1388 459 ciae
1406 429 1442 459 ab
1462 430 1587 460 orientali
1609 438 1678 460 terra
1698 430 1864 470 discederet,
1885 431 1935 461 sub
1955 432 2110 470 juramento
2132 433 2259 474 promisit
2274 433 2292 452 ’¹²
2311 433 2391 477 quod
2408 428 2424 445 ⁴⁸
2441 428 2468 457 Ῑ·
2481 425 2544 465 ¹50¹,

1335 475 1437 497 terram
1457 468 1672 507 magnificentiae
1695 477 1751 499 tuae
1765 470 1815 499 tibi
1829 469 2004 500 conservaret
2016 471 2151 510 integram
2163 472 2198 502 ὃς
2212 471 2341 511 illaesam,
2359 482 2390 502 in

1333 515 1370 535 eo
1383 505 1453 536 statu
1462 528 1472 544 ,
1486 508 1516 537 in
1528 516 1587 545 quo
1600 507 1687 538 fuerat
1717 508 1810 538 uando
1823 507 2111 548 Hierosolyrnitanurn
2122 510 2172 540 iter
2184 509 2292 541 fueratis
2303 520 2395 550 agres-

84 557 163 588 Ann'
180 556 220 588 D¹
986 584 990 587 .
1042 582 1046 586 ²
1061 582 1075 586 ..
1205 582 1210 586 η
1335 543 1374 582 si,
1393 544 1536 588 quousque
1552 545 1674 590 reversus
1685 556 1701 575 a
1731 548 1842 585 propria
1854 557 1964 577 moram
1978 547 2157 591 quadraginta
2169 548 2279 578 dierum
2292 550 2322 579 in
2336 557 2394 579 tet-

88 606 102 626 1
111 597 172 634 193⁸
319 594 381 615 cam
394 586 433 627 ὃς
442 583 568 624 sponsam
593 592 740 628 ’equenter
753 583 870 623 appellat
883 605 902 625 ,⁵
916 582 939 611 F
940 583 992 625 lori
1011 581 1077 624 Lilii
1088 581 1212 635 'eleganti
1221 590 1300 624 ‚qua-
1336 592 1366 611 ra
1386 592 1495 620 propria
1508 584 1660 624 peregisses.
1695 583 1806 628 Contra
1819 595 1902 625 quam
1914 586 2128 629 promissionem
2139 586 2257 616 eandem
2270 587 2393 632 Terram

86 639 121 661 A.
141 645 181 661 ¹0,
240 622 306 652 dam
318 624 435 666 &quali
449 623 569 660 expressa
583 622 760 653 similitudine
775 629 934 660 coaptavu,
951 629 988 650 ait
1001 629 1097 656 enim,
1115 622 1184 648 licut
1194 618 1298 648 Lilium
1337 620 1371 650 δε
1393 620 1491 651 Castra
1510 632 1569 652 non
1583 623 1671 654 fuerat
1688 632 1789 653 veritus
1804 633 1955 663 occupare·
1975 625 2053 661 super
2065 624 2165 664 qulbus
2179 623 2390 656 Conventiom-

85 677 114 700 R.
131 682 153 700 1.

85 1367 104 1386 ³*
118 1370 141 1398 1.
156 1377 202 1404 99.

240 661 312 691 inter
326 662 427 701 spinas,
448 662 484 692 sic
498 663 588 691 amica
601 671 664 691 mea
679 661 750 689 inter
764 658 837 689 filias.
875 658 981 701 Lilium
994 657 1110 700 quidem
1123 665 1228 701 quanto
1241 656 1299 700 for-

239 700 324 730 tiores
343 701 481 739 spinarum
503 699 616 729 sustinet
634 697 800 736 punctiones
812 719 822 735 ,
845 704 924 727 tanto
946 705 1006 726 Vim
1025 695 1119 726 odoris
1136 695 1300 733 copiosioris

238 739 357 777 emittit,
373 740 406 769 &
421 747 478 776 quo
493 738 552 775 plus
570 736 696 774 laeditur,
713 734 838 766 redolere
850 735 956 765 suavius
971 734 1188 775 comprobatur:
1207 732 1300 764 Unde

238 775 288 806 sibi
301 778 402 807 merito
417 784 592 820 comparatur
607 774 747 812 Ecclesia,
764 773 860 811 sponsa
881 772 1005 812 Christi,
1021 783 1086 816 quae
1105 782 1172 803 cum
1186 772 1301 816 tribula-

236 816 359 846 tionibus
379 815 470 844 multis
490 814 634 852 impetitur
646 835 656 852 ,
678 821 747 843 tunc
767 811 941 852 potissimum
960 813 990 854 in
1012 810 1230 854 so-iditateqfidei
1248 821 1301 848 pro

237 853 339 884 tuenda
352 853 450 890 justitia
465 853 610 883 roboratur
625 874 634 889 ,
656 852 691 882 &
706 850 814 893 in2ipsis
831 850 1032 889 punctionibus
1053 849 1301 890 adversitatumque

239 891 373 922 molestiis
385 890 559 921 constantior
572 891 605 921 &
620 890 728 920 firmior
740 890 887 919 invenitur.

277 929 345 960 Nos
361 939 446 968 vero,
464 939 534 970 quos
546 928 580 959 ad
596 930 653 968 ejus
672 929 816 968 regimen,
834 937 996 966 quanquam
1017 937 1076 957 non
1091 925 1301 970 suffragantibus

237 969 359 1006 meritis,
374 968 468 998 divina
488 967 610 1006 providit
626 966 766 1007 dispositio
785 967 849 1005 eligi
870 967 903 998 &
920 966 1044 1003 assumi,
1070 965 1145 995 illam
1165 975 1302 1004 concepi-

240 1016 304 1036 mus
323 1007 438 1036 firmiter
457 1007 650 1044 voluntatem,
674 1014 705 1035 ut
726 1014 818 1043 neque
841 1014 934 1042 mors,
951 1014 1042 1044 neque
1056 1005 1110 1035 vita
1124 1004 1160 1034 ab
1172 1004 1301 1044 amplexu

238 1055 291 1075 nos
305 1045 388 1085 possit
403 1045 448 1074 seu
462 1045 657 1076 observatione
669 1043 780 1082 justitiae
796 1052 938 1074 revocare.

276 1083 365 1121 Sane,
383 1084 556 1114 venientibus
574 1083 608 1114 ad
628 1084 800 1122 pi·aesentiam
819 1081 943 1111 nostram
963 1081 1114 1113 venerabili
1135 1082 1215 1112 fratre
1235 1092 1301 1112 nos·

238 1129 301 1159 tr0,
326 1121 484 1153 Lexovien.
522 1122 682 1162 Episcopo,
707 1122 741 1153 &
764 1121 868 1151 dileCm
887 1119 965 1159 filio,
988 1119 1129 1159 Magistro
1151 1119 1301 1160 Garnero,

238 1159 364 1190 Nunciis
384 1162 455 1199 tuis,
472 1162 634 1200 petitiones,
651 1170 716 1198 quas
736 1160 818 1189 nobis
833 1168 866 1189 ex
881 1167 956 1195 parte
969 1160 1041 1198 regia
1054 1158 1232 1199 obtulerunt,
1248 1160 1301 1190 sin-

237 1207 307 1228 cero
328 1199 448 1237 affeetu,
466 1209 603 1237 quantum
624 1209 691 1229 cum
712 1198 781 1228 Deo
801 1198 835 1228 δε
855 1196 1000 1227 honestate
1015 1197 1172 1236 potuimus,
1191 1199 1301 1229 curavi-

237 1246 300 1267 mus
318 1247 498 1275 promovere.
534 1238 684 1278 Rogamus
701 1245 795 1268 autem
816 1236 849 1266 ὃ(
873 1245 1023 1266 monemus
1035 1236 1162 1266 attentius
1175 1236 1301 1267 serenita-

238 1283 299 1305 tem
319 1277 424 1315 regiam
445 1284 579 1317 quatenus
593 1300 602 1315 ,
621 1276 639 1306 si
659 1276 731 1306 forte
752 1277 782 1305 in
795 1275 887 1314 aliquo
899 1273 1016 1304 effedsus
1031 1283 1081 1304 tuo
1092 1274 1227 1306 desiderio
1240 1285 1299 1306 non

238 1314 285 1345 res
299 1315 402 1353 ondet,
417 1325 476 1345 non
491 1315 595 1345 nostrae
608 1324 731 1354 unquam
743 1314 852 1345 duritiae
867 1314 1035 1353 imputetur,
1053 1323 1120 1343 cum
1133 1313 1255 1344 honestis
1266 1315 1299 1345 &

238 1324 314 1390 jussis
331 1354 511 1393 petitionibus
530 1355 549 1372 ³*
573 1353 745 1383 excellentiae
762 1362 818 1383 tuae
835 1351 949 1391 benigni
962 1351 1069 1389 semper
1081 1352 1115 1382 &
1128 1351 1220 1383 faciles
1254 1363 1300 1383 ro-

238 1392 409 1431 posuerimus
432 1392 566 1430 inveniri,
581 1392 628 1422 sed
648 1391 760 1431 justiriae
782 1391 892 1428 potius,
911 1399 995 1428 quam
1012 1388 1100 1419 officii
1119 1390 1206 1422 nostri
1220 1363 1298 1422 dgbi-

238 1439 301 1461 tum
315 1439 405 1461 certos
418 1430 485 1461 fines
502 1430 648 1470 transgredi
662 1440 720 1460 non
735 1430 891 1469 permittet,
910 1429 943 1459 ad
955 1438 1040 1468 quarn
1053 1429 1200 1459 tenendam
1215 1429 1301 1460 firmi-

237 1477 279 1500 ter
299 1470 332 1501 &
352 1469 529 1507 servandam,
547 1470 575 1500 'in
587 1469 696 1500 suarum
713 1468 838 1508 primitiis
851 1467 1010 1506 literarum,
1025 1466 1150 1498 serenitas
1164 1469 1236 1508 regia
1247 1478 1300 1500 nos

235 1509 347 1538 monuit
362 1508 394 1538 &
409 1507 525 1538 induxit.

277 1545 441 1584 Caeterum,
460 1546 539 1585 super
561 1555 597 1575 eo
617 1545 695 1583 quod
738 1545 844 1576 raedie'ti
863 1546 902 1575 tui
917 1544 1030 1575 Nuncii
1047 1544 1219 1582 postularunt
1235 1569 1244 1585 ,
1268 1555 1299 1578 ut

236 1585 363 1615 nobilem
382 1586 475 1614 virum
496 1584 585 1614 filium
602 1584 693 1614 Ducis
744 1583 836 1614 tistriae
857 1584 891 1614 ad
913 1583 1111 1614 restituendam
1132 1586 1299 1624 pecuniam,

234 1633 319 1663 quam
343 1633 418 1661 pater
440 1623 519 1661 suus,
538 1624 567 1652 iii
587 1623 744 1662 periculum
766 1624 867 1652 animae
879 1622 952 1661 suae,
971 1623 986 1652 a
1001 1631 1045 1661 te,
1063 1622 1132 1653 dum
1148 1622 1248 1653 redires
1263 1624 1298 1654 ab

235 1663 372 1700 obsequio
389 1660 453 1701 Jesu
472 1660 596 1700 Christi,
612 1671 663 1699 pro
687 1661 781 1691 redem
804 1662 880 1691 tione
904 1670 950 1691 tua
969 1661 1105 1691 violenter
1118 1662 1245 1700 extorsit,
1262 1663 1296 1693 &

234 1702 263 1732 in
284 1701 380 1731 ultima
399 1700 563 1737 voluntate,
585 1701 750 1740 poenitentia
792 1700 884 1737 uehis,
903 1709 953 1737 per
975 1699 1097 1729 eundem
1111 1699 1201 1730 filium
1216 1709 1298 1730 tuum

235 1739 285 1770 tibi
305 1739 501 1770 restituendam
514 1739 674 1776 mandavit,
689 1738 853 1768 au&oritate
868 1737 1031 1775 Apostolica
1045 1747 1226 1777 cogeremus,
1243 1749 1297 1769 no-

233 1779 306 1808 veris
319 1788 369 1807 iios
383 1778 493 1816 eidem,
519 1776 618 1807 nostris
632 1777 730 1815 literis,
749 1775 894 1815 injunxisse
907 1784 936 1806 ut
949 1776 1113 1816 przediCiam
1127 1778 1276 1816 pecuniam
1289 1801 1298 1817 ,

233 1817 290 1847 sine
305 1816 469 1848 difficultate
504 1816 621 1854 ualibet,
635 1815 778 1846 restituere
789 1825 848 1845 non
862 1816 989 1845 omittat:
1015 1815 1137 1854 alioquin
1152 1817 1297 1846 venerabi-

233 1856 254 1886 li
270 1855 345 1886 fratri
358 1855 473 1893 nostro,
509 1854 691 1894 aitzburgensi
707 1853 944 1894 Arehiepiscopo,
967 1853 1048 1884 literis
1062 1853 1163 1884 nostris
1176 1856 1298 1894 injungi-

233 1903 314 1931 muS,
330 1903 360 1925 ut
373 1894 461 1932 ipsum
474 1894 508 1924 ad
521 1893 725 1924 restitutionem
739 1891 857 1930 ejusdem
871 1893 1001 1931 pecuniae
1013 1892 1169 1923 faciendam
1182 1902 1296 1924 moneat

234 1932 392 1971 diligentius
409 1933 442 1963 &
461 1932 590 1969 inducat,
610 1932 643 1962 δε
662 1941 711 1970 per
731 1931 905 1962 severitatem
917 1929 1161 1970 Eccleiiasticam,
1179 1932 1297 1973 appella-

233 1972 313 2002 tione
329 1980 453 2009 remota,
471 1971 633 2010 compellat.

274 2010 382 2040 Verum
402 2011 465 2049 quia
483 2010 558 2040 circa
580 2008 726 2047 personam
748 2009 850 2040 nobilis
863 2010 914 2039 viri
929 2009 1020 2041 Ducis
1035 2009 1147 2041 Sueviae
1164 2012 1295 2051 quaedam

234 2048 390 2079 audivimus
405 2050 567 2086 immutata,
585 2048 677 2078 eidem
691 2048 725 2078 ad
757 2048 854 2079 raesens
867 2048 1000 2088 scribere,
1019 2050 1124 2080 cautela
1139 2051 1295 2089 prohiben-

234 2095 278 2126 te,
294 2089 473 2127 nequivimus
492 2096 539 2126 ut,
554 2089 629 2126 jima
649 2086 732 2125 postu
744 2089 868 2117 ationem
880 2095 975 2125 tuam,
992 2089 1142 2128 pecuniam
1153 2111 1163 2127 ,
1181 2099 1266 2128 quam
1278 2100 1294 2120 a

232 2133 262 2156 te
277 2125 418 2156 Henricus
430 2126 574 2166 quondam
589 2125 633 2156 Im
654 2134 744 2157 erator
757 2125 838 2156 frater
850 2126 930 2165 ipsius
944 2134 1043 2157 contra
1058 2126 1156 2157 Deum
1171 2128 1204 2158 ὃ(
1219 2129 1293 2168 peri-

233 2164 332 2194 culum
351 2165 454 2195 animae
476 2164 530 2194 suae
551 2173 629 2195 extor
641 2173 696 2195 erat
714 2165 865 2204 violenter,
882 2166 953 2195 dum
968 2165 1004 2196 de
1015 2164 1195 2196 transmarinis
1208 2168 1292 2206 parti-

1337 658 1389 688 bus
1402 658 1501 728 littefirgs
1513 661 1633 697 eiusdem
1647 661 1736 700 Regis
1748 670 1871 702 patentes
1883 648 1958 701 apud
1968 672 2045 694 tuam
2059 663 2210 694 asserebant
2221 664 2394 703 magnitudi-

1337 706 1406 726 nem
1419 707 1449 727 re
1489 707 1543 728 ere.

1374 733 1589 768 Conventiones
1608 748 1696 777 vero,
1715 749 1780 777 quas
1799 738 1875 769 idem
1890 738 2025 779 Magister
2038 739 2074 771 V.
2093 739 2131 771 de
2143 740 2249 771 San8m
2264 739 2394 780 Lazaro,

1336 774 1451 817 persona
1461 774 1511 818 ‘tua
1524 775 1642 819 libertati
1657 779 1776 816 propriae
1788 777 2003 817 restituti,inter
2016 788 2043 809 te
2054 789 2087 809 ac
2100 778 2267 818 praediifitum
2280 778 2394 819 Regem

1337 812 1439 844 ultimo
1458 814 1634 844 intervenisse
1655 816 1784 846 retulerat
1830 817 1916 847 iidem
1936 816 2047 847 Nuncii
2066 820 2123 855 tui,
2141 817 2159 847 si
2180 828 2246 856 quae
2268 818 2393 858 fuerant,

1337 850 1489 894 asserebant
1503 852 1650 889 praefatum
1664 853 1778 894 Regem
1790 838 1915 885 sranciae
1929 856 2054 895 primitus
2068 855 2198 895 violasse,
2227 866 2296 887 cum
2310 857 2396 887 etiam

1339 892 1358 920 si
1381 900 1435 930 qua
1458 899 1525 921 tunc
1544 891 1622 931 pana
1635 890 1766 931 subieras,
1781 892 1908 932 spoliatus
1922 893 2019 925 eadem
2032 893 2162 926 subiisses.
2195 894 2313 936 Propter
2328 905 2394 933 quae

1338 928 1374 958 ad
1386 938 1417 958 ea
1429 929 1560 960 dicebant
1574 930 1726 961 nullatenus
1740 939 1769 961 te
1781 933 1876 962 teneri.

1374 967 1459 999 Licet
1478 969 1570 1007 itaque
1590 969 1623 999 ὃ(
1638 968 1701 1000 have
1716 970 1750 1000 &
1765 969 1815 999 alia
1826 970 1913 1001 multa
1925 981 1985 1012 pars
1998 978 2113 1013 utraque
2123 980 2310 1012 proponeret,
2327 982 2394 1012 quae

1339 1015 1393 1048 pro
1406 1007 1466 1047 ipsis
1478 1007 1569 1038 facere
1581 1007 1762 1046 videbantur,
1779 1009 1842 1048 quia
1853 1017 1946 1040 tamen
1960 1011 2100 1042 causarum
2113 1014 2210 1042 merita
2220 1012 2339 1053 partium
2352 1021 2397 1042 as-

1337 1045 1454 1076 sertione
1472 1046 1648 1086 panduntur,
1663 1047 1696 1078 ὃ(
1719 1046 1768 1086 ipsi
1787 1047 1932 1090 personam
1956 1048 2045 1080 standi
2063 1051 2092 1080 in
2113 1050 2216 1087 judicio
2234 1060 2294 1080 non
2307 1050 2394 1080 habe-

1337 1083 1422 1127 bant,
1441 1094 1501 1115 non
1522 1086 1681 1124 potuimus,
1698 1085 1769 1117 salva
1789 1084 1904 1125 lustitia,
1922 1087 1951 1116 in
1971 1087 2030 1127 ipso
2050 1090 2183 1128 negotio,
2204 1089 2261 1119 sine
2273 1089 2396 1120 veritatis

1338 1132 1367 1151 in
1389 1122 1530 1163 uisitione,
1549 1123 1708 1164 procedere.

1413 1171 1445 1191 os
1457 1171 1541 1202 ergo,
1556 1164 1634 1200 juxta
1646 1163 1729 1201 regiae
1742 1162 1880 1204 petitionis
1892 1161 2050 1194 instantiam
2092 1173 2204 1204 propter
2217 1165 2265 1196 has
2279 1167 2312 1197 &
2331 1166 2396 1197 alias

1338 1199 1508 1231 necessitates
1521 1201 1752 1241 quamplurimas,
1771 1200 1898 1232 facultate
1913 1202 1996 1231 nobis
2008 1212 2024 1232 a
2038 1185 2155 1232 dhristo
2168 1205 2298 1234 concessa
2306 1227 2316 1243 ,
2328 1214 2395 1235 nac-

1340 1245 1366 1267 ta
1386 1248 1501 1277 quoque
1520 1241 1654 1277 temporis
1669 1241 1878 1280 opportunitate
1896 1240 2039 1280 condigna
2054 1263 2064 1278 ,
2085 1240 2217 1281 dispositis
2234 1243 2309 1282 prius
2349 1252 2396 1273 uae

1340 1276 1397 1305 tfim
1418 1279 1493 1308 circa
1513 1277 1627 1308 Urbem
1644 1280 1728 1318 quiam
1749 1279 1823 1309 circa
1844 1277 1980 1317 Regnum
2000 1278 2118 1318 Siciliae,
2133 1289 2248 1311 necnon
2276 1282 2310 1313 &
2347 1281 2395 1312 iud

1339 1313 1474 1346 Eccleiiae
1513 1317 1694 1347 atrimonium
1715 1317 1817 1347 fuerint
1836 1316 2007 1356 disponenda
2021 1339 2031 1355 ,
2059 1317 2124 1348 licet
2142 1318 2239 1349 multae
2260 1319 2342 1350 nobis
2361 1320 2397 1351 δε

1339 1362 1451 1393 magnae
1464 1354 1494 1385 so
1504 1355 1652 1386 icitudines
1665 1365 1698 1385 ex
1712 1355 1822 1386 diversis
1834 1355 1918 1385 causis
1932 1356 2115 1393 incumbant,
2141 1356 2160 1386 si
2175 1365 2268 1388 tamen
2281 1358 2328 1388 ille
2341 1368 2396 1389 no-

1340 1391 1382 1421 bis
1402 1395 1545 1431 annuerit,
1564 1405 1578 1424 a
1599 1403 1658 1432 quo
1675 1394 1812 1433 speramus
1832 1394 1912 1433 dirigi
1933 1393 2035 1434 gresiiis
2047 1393 2173 1432 nostros,
2191 1405 2279 1436 partes
2291 1396 2394 1428 vestras

1341 1431 1384 1467 (ut
1404 1440 1497 1462 tamen
1518 1442 1569 1462 nos
1590 1432 1624 1462 ad
1637 1432 1824 1472 promissionis
1836 1431 1963 1463 debitum
1978 1442 2038 1464 non
2050 1433 2178 1473 ligemus)
2196 1435 2244 1464 nisi
2256 1435 2328 1466 aliud
2341 1437 2396 1466 im-

1342 1468 1537 1508 pedimentum
1555 1479 1700 1509 occurrat,
1718 1470 1888 1501 intendimus
1907 1471 2031 1510 visitare,
2049 1481 2080 1502 ut
2103 1471 2181 1509 super
2201 1472 2242 1503 his
2253 1497 2262 1511 ,
2277 1475 2311 1505 &
2325 1474 2396 1512 aliis,

1339 1517 1403 1546 quae
1426 1510 1477 1539 toti
1500 1508 1701 1540 Christiaiiitati
1719 1509 1860 1540 credimus
1878 1511 2038 1549 profutura,
2060 1509 2258 1542 deliberatione
2277 1513 2398 1550 providit

1339 1547 1538 1584 procedamus:
1558 1548 1588 1578 Si
1598 1558 1667 1578 vero
1679 1548 1794 1586 desuper
1807 1547 1903 1577 datum
1915 1557 1975 1578 non
1988 1547 2085 1587 fuerit,
2101 1558 2151 1588 per
2165 1549 2267 1589 legatos
2281 1551 2393 1582 nostros

1339 1586 1540 1654 quodstjustum
1558 1587 1658 1625 fuerit,
1676 1587 1732 1617 sine
1754 1585 1932 1627 personarum
1953 1587 2134 1627 acceptione,
2158 1587 2269 1619 favente
2289 1588 2397 1620 Domi-

1339 1634 1396 1661 iio,
1439 1634 1572 1656 atuemus.

1375 1662 1446 1694 Illud
1459 1673 1552 1695 autern
1565 1664 1738 1695 serenitatem
1748 1665 1851 1703 regiam
1865 1662 1997 1694 nolumus
2009 1665 2137 1704 ignorare
2148 1665 2401 1705 quod,quantum-

1338 1711 1451 1740 cunque
1471 1704 1554 1734 nobis
1576 1702 1729 1733 molestum
1745 1703 1871 1733 existeret
1890 1701 2036 1742 praefatum
2055 1703 2168 1742 Regem
2182 1703 2309 1734 Franciae
2321 1715 2354 1735 ac
2367 1715 2396 1736 te

1338 1740 1426 1779 ipsum
1442 1743 1471 1771 iri
1485 1742 1578 1782 aliquo
1593 1741 1754 1779 molestare,
1770 1752 1829 1772 non
1843 1741 1995 1781 poterimus
2006 1741 2172 1781 aliquatenus
2183 1741 2314 1773 sustinere
2344 1745 2394 1774 uin

1337 1788 1388 1808 vos
1406 1779 1439 1809 ad
1462 1790 1562 1818 pacem
1585 1780 1735 1811 ineundam
1751 1781 1847 1820 pariter
1860 1780 1893 1810 &
1905 1778 2064 1810 servandam
2077 1789 2125 1819 per
2138 1780 2323 1812 direffionem
2363 1792 2397 1812 c-

1336 1817 1514 1850 clefiasticam
1535 1821 1642 1850 ratione
1684 1820 1767 1849 raevia
1790 1817 2014 1858 compellamus3
2035 1828 2096 1849 non
2116 1818 2151 1849 de
2169 1818 2269 1850 nostris
2290 1820 2398 1852 viribus

1336 1855 1526 1895 confidentes,
1542 1858 1586 1888 sed
1601 1857 1637 1888 de
1650 1859 1659 1888 i
1680 1859 1720 1887 ius
1732 1857 1938 1896 omnipotentia
1951 1858 2029 1895 cujus
2043 1858 2139 1895 viceS,
2159 1857 2224 1887 licet
2240 1859 2406 1897 immeritis

1335 1898 1539 1974 ῗέεὲςεῗιιιεᾯ
1552 1898 1636 1927 terris.
1673 1895 1782 1928 Datum
1793 1895 1899 1927 Romae
1913 1893 1987 1933 apud
2001 1895 2139 1929 Sanstum
2152 1894 2312 1935 Petrum,2
2327 1895 2390 1928 Ka-

1363 1944 1383 1964 n
1407 1958 1411 1963 .
1449 1945 1514 1967 unu.

1335 2065 1483 2111 Ejnftiem
1503 2068 1621 2099 Litterae
1644 2070 1719 2115 Regi
1736 2070 1923 2101 francorum
1939 2080 1950 2106 ‚·
1981 2077 2016 2100 ut
2037 2079 2105 2100 cum
2126 2070 2203 2114 Rege
2222 2065 2394 2113 Anglorum

1443 2118 1552 2149 Pacem
1571 2120 1670 2159 ineat,
1697 2119 1733 2156 <J
1756 2117 1872 2150 Bellum
1888 2127 1990 2149 contra
2011 2119 2173 2150 Saracenos
2185 2125 2287 2163 gerat.

232 2203 286 2232 bus
308 2213 458 2242 remeareS,
476 2203 591 2234 deberet
608 2204 660 2233 tibi
681 2203 836 2242 restituere,
853 2203 1006 2244 praesertim
1020 2213 1090 2235 cum
1104 2204 1225 2241 ejusdem
1239 2205 1293 2236 fra-

232 2241 280 2272 tris
298 2241 337 2272 sui
359 2241 495 2272 thesaurus
515 2241 549 2272 ad
570 2251 636 2272 eum
659 2241 727 2272 esset
747 2242 806 2280 ipso
819 2250 936 2272 mortuo
948 2242 1113 2281 devolutus,
1129 2243 1232 2283 &ipse
1247 2245 1292 2275 vel

232 2278 335 2311 Haeres
356 2281 404 2319 sit,
419 2280 463 2311 vel
484 2280 579 2310 Tutor
599 2280 738 2311 Haeredis.
774 2280 966 2312 Veruntamen
984 2280 1127 2312 scribimus
1140 2283 1291 2313 venerabili

1332 2198 1524 2261 MEdiator
1543 2201 1601 2233 Dei
1616 2202 1649 2233 ὅ(
1662 2201 1815 2233 hominum
1828 2201 1955 2233 Christus
1965 2200 2060 2241 Jesus,
2076 2200 2274 2240 redemptionis
2288 2199 2389 2232 huma-
2406 2211 2487 2243 Arm,
2503 2212 2560 2244 D„

1428 2250 1474 2270 nae
1493 2241 1656 2280 mysterium
1678 2242 1857 2279 impleturus,
1871 2250 1972 2281 pacem
1992 2239 2128 2282 discipulis
2149 2249 2202 2279 pro
2225 2239 2386 2271 haereditate
2431 2253 2514 2290 1193.
2542 2248 2545 2249 ⁷

1331 2277 1447 2317 legavit,
1467 2287 1496 2310 ut
1511 2289 1572 2310 eam
1585 2279 1722 2311 servarent
1736 2280 1911 2316 adinvicem,
1928 2279 1962 2310 &
1975 2278 2009 2309 ad
2022 2279 2246 2309 observationem
2261 2279 2318 2316 ejus
2331 2288 2388 2309 cae-
2405 2294 2442 2318 A⁴
2452 2300 2495 2319 io.

1331 2324 1405 2347 teros
1421 2318 1585 2356 invitarent,
1603 2328 1721 2358 pacem,
1736 2319 1879 2357 inquiens,
1897 2327 1992 2348 meam
2009 2315 2048 2347 do
2067 2317 2164 2355 vobis,
2192 2326 2294 2356 pacem
2305 2317 2389 2348 felin·
2407 2333 2472 2357 R.1·

231 2318 308 2349 fratri
328 2319 426 2349 nostro
449 2318 671 2359 Magdeburgen.
699 2319 940 2361 Archiepisc0p0‚
964 2328 995 2350 ut
1016 2320 1133 2350 Ducem
1153 2320 1242 2359 ipsum
1256 2321 1291 2352 ad

233 2357 433 2388 restituendam
455 2358 604 2397 pecuniam
624 2357 708 2398 ipsam
731 2367 844 2389 moneat
859 2358 1015 2398 diligentius
1029 2359 1062 2390 &
1076 2358 1207 2398 inducat,
1225 2360 1293 2391 alio-

233 2396 304 2434 quin
325 2405 429 2427 tantam
448 2397 575 2435 injuriam
596 2406 656 2426 non
675 2398 830 2436 poterimus
848 2395 896 2427 sub
918 2396 1133 2427 dissimulatione
1155 2399 1266 2428 transire
1283 2422 1293 2438 ,

232 2435 302 2473 quin
324 2436 354 2465 in
373 2434 496 2465 eundem
511 2434 627 2465 Ducem
642 2436 675 2466 &
689 2444 788 2465 terram
803 2437 875 2473 ejus,
894 2435 950 2465 sine
963 2436 1110 2474 cujuslibet
1125 2439 1292 2476 acceptione

233 2472 375 2512 personae,
390 2473 479 2504 nosti-i
499 2473 591 2504 officii
601 2473 730 2504 debitum
744 2474 777 2505 &
792 2473 965 2505 severitatem
979 2484 1109 2505 curemus
1122 2474 1293 2507 Ecclesiasti-

234 2521 316 2549 cam,
335 2512 403 2543 sicut
417 2511 518 2542 'ustum
531 2513 630 2551 fuerit,
648 2521 784 2543 exercere.

271 2549 383 2591 Insuper
413 2551 547 2580 cribimus
567 2550 706 2581 carissimo
726 2552 756 2581 in
770 2550 886 2582 Christo
900 2551 958 2582 silio
973 2552 1071 2583 nostro
1106 2551 1202 2582 illustri
1217 2552 1292 2593 Regi

232 2587 388 2627 Navarrae,
407 2598 438 2619 ut
459 2591 607 2627 pecuniam
626 2591 659 2621 &
683 2588 802 2620 Castella
814 2590 909 2620 Saneti
920 2589 1055 2628 Johannis
1089 2601 1105 2621 e
1120 2590 1293 2628 Pedeportus

232 2626 267 2656 &
286 2627 494 2666 Roccabruna,
512 2638 576 2666 quse
599 2637 674 2668 pater
695 2628 755 2658 suus
777 2629 828 2659 tibi
844 2638 912 2660 curn
928 2628 981 2659 filia
991 2629 1034 2660 sua
1045 2629 1183 2660 concessit
1196 2631 1226 2660 in
1241 2630 1292 2660 do-

233 2671 292 2694 tem
307 2689 316 2702 ,
349 2667 404 2696 fine
423 2667 511 2704 aliqua
536 2666 704 2697 difficultate
727 2666 871 2698 restituat:
904 2667 1027 2707 alioquin
1047 2668 1199 2698 venerabili
1218 2669 1293 2699 fratri

233 2702 334 2733 nostro
352 2704 534 2735 Narbonensi
557 2704 793 2743 Archiepiscopo,
809 2715 876 2735 cum
899 2706 954 2743 jam
967 2706 1018 2736 alia
1031 2706 1111 2744 vice,
1129 2706 1148 2735 si
1162 2706 1236 2740 bene
1250 2717 1293 2738 re-

233 2742 370 2781 colimus,
388 2740 465 2783 super
483 2743 541 2773 hoc
561 2744 715 2781 scripsimus
750 2743 850 2773 nostris
863 2742 960 2773 damus
975 2743 1057 2775 literis
1072 2745 1101 2773 in
1113 2744 1246 2775 mandatis
1261 2754 1291 2776 ut

232 2780 290 2848 {pse
310 2790 376 2810 eum
396 2791 443 2818 per
462 2782 605 2812 censuram
620 2766 859 2818 Ecclesiasticam,
875 2782 910 2812 ad
924 2781 982 2812 hoc
996 2783 1154 2813 monitione
1188 2785 1293 2814 raemis-

243 2828 274 2856 a,
293 2818 397 2850 sublato
410 2820 598 2860 appellationis
611 2820 776 2859 obstaculo,
791 2820 890 2858 justitia
905 2820 1045 2851 mediante
1056 2822 1170 2859 compel
1182 2829 1217 2852 at.

270 2857 317 2887 Ad
336 2858 416 2896 haec,
435 2868 503 2889 curn
523 2858 608 2888 iidem
628 2859 742 2890 Nuncii
763 2870 779 2889 a
794 2860 875 2889 nobis
889 2869 959 2889 cum
973 2859 1099 2890 instantia
1110 2859 1289 2900 postulassent

234 2902 266 2924 ut
291 2897 461 2926 carissimum
488 2898 517 2926 in
544 2896 661 2927 Christo
686 2897 774 2927 filium
801 2898 952 2936 nostrum,
975 2898 1137 2939 Philippum
1159 2897 1293 2930 illustrem

237 2932 363 2964 Franci-:e
390 2935 501 2973 Regem
513 2959 524 2974 ,
555 2935 589 2965 ad
610 2935 815 2966 restitutionem
835 2935 1002 2967 Castrorum
1022 2938 1137 2968 illorum
1157 2938 1191 2968 &
1211 2946 1292 2968 terrae

235 2973 405 3011 compellere
425 2974 603 3012 deberemus,
622 2984 702 3013 quae,
728 2983 826 3006 contra
846 2975 1053 3012 protectionem
1070 2976 1106 3006 ab
1128 2975 1293 3016 Apostolica

235 3009 310 3040 Sede
332 3011 382 3040 tibi
402 3012 581 3051 concessam,
597 3013 729 3044 invaserat
751 3023 814 3044 ante
837 3024 902 3044 uam
919 3013 954 3044 de
976 3016 1201 3054 peregrinationis
1214 3015 1293 3045 obse-

235 3050 306 3117 ἓιιίο
325 3049 359 3079 ad
379 3050 489 3088 propria
506 3060 656 3089 remeares,
672 3051 789 3082 dileCms
807 3024 877 3082 filius
898 3051 1036 3091 Magister
1057 3052 1108 3083 W.
1128 3053 1164 3084 de
1186 3052 1292 3084 Sancto

266 3094 347 3117 azaro
364 3087 498 3131 Nuncius
512 3088 632 3126 ejusdem
646 3090 733 3129 Regis
747 3091 772 3121 se
783 3090 945 3121 constanter
958 3100 1011 3128 pro
1024 3091 1128 3122 eodem
1143 3091 1293 3132 opposuit,

235 3125 315 3155 illum
329 3125 363 3155 ad
378 3126 435 3155 hoc
449 3126 565 3156 asierens
576 3137 635 3156 non
649 3130 738 3158 teneri
751 3152 761 3167 ,
786 3139 853 3159 cuni
868 3128 1015 3160 Pafflones
1030 3131 1063 3161 δε
1079 3129 1294 3161 Conventionoe

234 3163 376 3202 solennes,
387 3174 451 3207 quar:
463 3165 535 3194 inter
547 3175 597 3195 vos
612 3166 802 3204 praecesserant
811 3169 859 3205 ,&
874 3168 940 3198 hinc
952 3168 1017 3198 inde
1030 3168 1138 3198 fuerant
1152 3169 1292 3200 roboratae

235 3211 282 3232 tua
297 3203 500 3242 magnihcentia
514 3213 573 3233 non
593 3204 733 3243 servasset,
750 3206 782 3235 &
798 3216 846 3245 per
861 3215 887 3236 te
901 3206 1013 3237 fuissent
1024 3208 1151 3251 primitus
1163 3208 1291 3246 violatae,

234 3249 356 3271 maxime
368 3251 435 3271 cum
451 3240 574 3271 sororem
586 3242 664 3280 ipsius
678 3242 823 3281 dimiseris,
841 3244 874 3274 ὃ(
887 3245 968 3275 aliam
979 3246 1031 3276 tibi
1046 3247 1181 3276 curaveris
1196 3247 1293 3276 matri-

234 3281 336 3309 monio
356 3280 499 3319 copulari,
518 3281 550 3311 &
592 3281 634 3310 uia
654 3279 718 3319 post
731 3291 870 3320 arreptum
886 3283 937 3313 iter
950 3283 1178 3325 Hierosolymam
1190 3285 1294 3315 adeun—

235 3316 263 3346 di
273 3340 282 3356 ,
300 3327 367 3347 cum
381 3318 510 3356 acquisita
521 3290 652 3358 quaslibet
666 3318 800 3349 deberetis
813 3319 914 3349 habere
930 3324 1096 3353 communia
1105 3345 1115 3361 ,
1127 3325 1293 3361 pecuniam,

236 3364 252 3383 a
274 3356 355 3397 Rege
374 3356 527 3387 Tancredo
545 3365 703 3397 receptam,
721 3358 755 3388 ὃς
774 3357 949 3388 Thesaurum
970 3359 1006 3389 de
1025 3360 1125 3401 Cypro
1145 3361 1293 3399 habitum,

235 3400 283 3422 tua
303 3396 351 3424 sibi
372 3397 584 3426 communicare
604 3395 725 3426 noluerit
744 3396 924 3435 magnitudo,
948 3399 1040 3428 immo
1059 3400 1089 3429 in
1110 3398 1293 3429 transmarinis

231 3432 355 3468 partibus
367 3433 469 3463 damna
483 3435 508 3463 ei
523 3434 639 3478 plurima
652 3435 685 3465 &
698 3434 805 3471 injurias
820 3435 950 3473 irrogarat
986 3435 1046 3466 suos
1062 3436 1186 3475 Milites,
1200 3439 1293 3468 immo

233 3466 463 3509 Consanguineos
476 3472 511 3502 ab
524 3473 604 3510 ipsius
618 3471 769 3514 devotione
784 3473 817 3503 &
831 3472 940 3502 servitio
953 3459 1154 3513 subtrahendo,
1177 3485 1292 3516 propter

256 3507 312 3537 uod
334 3518 392 3538 non
410 3510 465 3542 sine
484 3511 649 3541 confusione
669 3514 713 3542 sua
738 3512 851 3541 coaetus
867 3511 955 3541 fuerat
973 3511 1007 3541 ad
1029 3514 1139 3550 propria
1162 3523 1292 3545 remeare.

266 3545 348 3582 djecit
367 3548 449 3577 etiam
469 3548 564 3589 quod,
579 3550 628 3579 ubi
647 3549 786 3580 restitutus
801 3548 876 3579 fuisti
890 3550 1011 3589 propriae
1023 3550 1156 3588 libertati,
1175 3561 1243 3582 cum
1256 3562 1292 3583 eo

234 3582 313 3621 super
331 3586 442 3615 omibus
461 3587 576 3625 querelis
594 3587 737 3618 voluntate
749 3588 895 3627 spontanea
908 3587 1072 3628 transegisti:
1092 3588 1173 3627 Qiin
1227 3591 1294 3628 tius,

231 3620 300 3660 post
321 3631 419 3664 pacem
438 3623 596 3656 adinvicem
614 3625 732 3663 factam,
750 3627 837 3657 multa
857 3627 908 3657 tibi
929 3625 1017 3657 castra
1030 3626 1065 3657 de
1078 3626 1155 3657 mera
1168 3628 1185 3657 li
1208 3637 1293 3659 ertate

234 3659 359 3689 donaVit.
396 3659 421 3689 E
442 3663 541 3693 contra
561 3673 629 3693 vero
651 3665 776 3703 praedisti
791 3664 904 3695 Nuncii
918 3665 1065 3696 serenitatis
1077 3674 1133 3695 tuae
1149 3665 1293 3696 nihilomi-

235 3706 289 3727 nus
308 3706 466 3735 proponere
488 3701 647 3731 constanter
660 3712 826 3733 curaverunt
840 3703 934 3743 quod,

369 3737 374 3740 Ι
996 3703 1020 3733 st
1035 3703 1140 3734 Foedus
1152 3705 1225 3741 prius
1241 3705 1294 3734 ini-

237 3742 295 3773 tae,
314 3736 348 3766 ὃ(
363 3745 520 3773 juramento
540 3739 656 3771 firmatae
674 3740 822 3779 societatis,
842 3742 918 3772 idern

971 3751 1005 3771 ex
1026 3742 1151 3773 Franciae
1173 3742 1225 3772 tibi
1258 3744 1294 3772 ri-

237 3782 302 3803 mus
315 3773 441 3818 injuriam
455 3776 602 3815 intulisset,
620 3779 692 3815 apud
709 3778 886 3818 Messanam,
902 3780 1051 3819 videlicet,
1069 3780 1118 3810 ubi
1129 3752 1293 3819 insurgegti-

236 3811 289 3843 bus
302 3811 464 3854 hominibus
478 3813 620 3845 Tancredi
633 3816 722 3856 Regis
733 3818 762 3846 in
777 3826 857 3855 tum,
874 3817 909 3848 de
922 3818 1116 3857 impendendo
1128 3819 1179 3849 tibi
1191 3818 1293 3849 auxilio

237 3853 394 3893 requisitus,
418 3859 478 3893 non
498 3851 585 3881 solum
604 3854 757 3893 defecerat,
778 3854 823 3884 sed
842 3856 926 3885 etiam
947 3859 1058 3896 propria
1078 3866 1165 3887 manu
1186 3864 1239 3887 tres
1258 3856 1294 3886 de

234 3886 398 3918 hominibus
415 3896 467 3918 tuis
485 3889 626 3921 occiderat
646 3902 713 3922 cum
734 3892 837 3923 balista.
874 3892 943 3923 Post
956 3895 1032 3934 quod
1045 3895 1169 3933 fadi-um,
1186 3905 1254 3926 curn
1267 3894 1293 3924 se

259 3925 491 3969 oenitudineduci
503 3928 630 3970 assereret
668 3932 738 3961 inter
751 3941 803 3961 vos
816 3930 913 3971 pactio
926 3932 1092 3971 intercessit,
1109 3935 1139 3963 iri
1154 3943 1207 3971 qua
1216 3957 1226 3971 ,
1239 3942 1292 3972 pro

258 3973 338 4007 ecem
352 3963 473 3994 millibus
488 3964 614 3995 Marchis
655 3971 760 4006 rgenti,
774 3979 840 4009 quas
852 3969 878 3998 ei
894 3969 1008 4000 reddere
1022 3971 1170 4010 promisisti
1185 3994 1195 4010 ,
1218 3978 1292 4009 prae-

235 4000 327 4031 dictu<
348 4001 412 4032 Rex
431 4013 446 4032 a
471 4004 666 4034 contrahendo
680 4016 746 4036 cum
760 4007 853 4038 sorore
867 4006 910 4036 sua
924 4010 1107 4040 matrimonio
1118 4018 1147 4040 te
1157 4009 1292 4048 absolvit,

234 4039 446 4110 &isonium
465 4050 534 4072 cum
554 4041 703 4074 chasino
723 4045 775 4076 tibi
796 4046 922 4086 quietum
943 4046 974 4076 iii
988 4055 1155 4087 perpetuum
1168 4049 1291 4080 omnino

316 4090 325 4109 1
338 4101 346 4108 .

1353 2365 1392 2385 uo
1414 2357 1505 2386 vobis.
1538 2356 1689 2396 Prophetae
1710 2367 1826 2396 quoque
1845 2366 1996 2387 monemur
2016 2355 2134 2386 consilio
2148 2363 2178 2386 ut
2191 2365 2310 2394 pacem,
2327 2365 2390 2386 non

1341 2394 1422 2424 olum
1440 2405 1580 2434 quaerere,
1597 2395 1642 2425 led
1664 2397 1748 2426 etiam
1768 2395 1890 2436 persequi
1910 2395 2077 2432 debeamus,
2103 2393 2233 2434 inquire,
2256 2394 2393 2434 dicentis,

1332 2441 1450 2472 pacem,
1469 2434 1502 2464 ὃς
1517 2434 1676 2473 persequere
1692 2444 1764 2465 eam.

1369 2471 1461 2502 Unde
1481 2482 1550 2511 nos,
1565 2475 1612 2512 qui
1635 2475 1710 2503 vices
1732 2471 1856 2511 Christi,
1871 2472 1937 2503 licet
1949 2470 2166 2510 insufficientes,
2185 2480 2347 2501 exercemus
2361 2472 2391 2502 in

1331 2511 1408 2540 terris
1445 2512 1502 2550 ejus
1514 2511 1655 2551 sequentes
1665 2511 1883 2552 exemplum,&
1897 2509 2130 2550 praedecessorum
2141 2508 2301 2540 nostrorum
2318 2519 2390 2541 con-

1330 2535 1503 2580 suetudinem
1518 2551 1658 2581 imitantes
1669 2573 1679 2588 ,
1702 2550 1736 2581 ad
1749 2550 1955 2580 reformandam
1966 2550 2038 2579 inter
2049 2548 2235 2579 discordantes
2250 2558 2326 2579 verae
2340 2559 2392 2586 pa-

1332 2588 1372 2618 cis
1392 2589 1578 2619 concordiam
1597 2589 1739 2620 intendere
1757 2589 1887 2619 volumus
1901 2588 1934 2619 &
1947 2596 2092 2626 tenemur,
2109 2587 2258 2627 praesertim
2274 2596 2391 2630 cum—ex

1330 2626 1548 2659 discordantium
1561 2627 1684 2666 ipsorum
1697 2626 1808 2658 dissidio
1821 2636 1956 2666 magnum
1967 2627 2025 2656 tiim
2038 2626 2099 2663 ipsis
2110 2648 2120 2664 ‚
2143 2626 2229 2665 quiim
2242 2624 2391 2663 Eccleliis,

1332 2665 1366 2695 &
1379 2666 1548 2705 pauperibus
1560 2674 1640 2696 terrae
1652 2666 1721 2704 suae,
1739 2666 1831 2696 immo
1841 2665 1874 2696 &
1887 2665 1940 2695 tori
1952 2663 2118 2694 Christiano
2129 2663 2237 2704 populo
2247 2672 2389 2702 provene-

1332 2704 1367 2732 rit
1379 2704 1590 2734 detrimentum.

1368 2741 1465 2779 Nam,
1483 2750 1514 2772 ut
1526 2741 1551 2772 st
1599 2752 1646 2772 em
1659 2743 1804 2780 virorum,
1822 2740 2010 2771 Ecciefiarum
2021 2740 2181 2780 gravamina
2200 2762 2210 2778 ‚
2234 2749 2389 2780 pauperum

1329 2780 1556 2820 oppressionem,
1633 2782 1717 2811 totius
1735 2781 1794 2810 tam
1815 2780 1972 2811 Gallicanae
1989 2781 2074 2819 quam
2096 2779 2261 2817 Anglicanae
2282 2779 2389 2810 Gentis

1329 2819 1503 2858 periculum,
1519 2829 1581 2859 quae
1594 2828 1708 2859 propter
1720 2827 1956 2859 guerram,quam
1968 2825 1998 2847 tu
2012 2818 2045 2849 ὅ(
2060 2816 2232 2848 charissimus
2243 2818 2273 2846 in
2288 2817 2387 2848 Chris-

1330 2865 1362 2886 to
1376 2857 1445 2887 filius
1461 2859 1479 2877 ³⁸
1495 2857 1590 2888 noster
1602 2858 1667 2888 Rex
1681 2858 1840 2897 Anglorum
1853 2856 1960 2887 illustris
1973 2856 2008 2886 ad
2029 2856 2153 2886 invicem
2166 2856 2386 2894 exercetis,pro-
2402 2863 2423 2885 ιιι
2433 2864 2457 2893 Ῑ,
2479 2872 2542 2891 ior.

1329 2904 1468 2927 venerunt
1480 2896 1613 2928 haetenus
1626 2905 1763 2927 taceamus
1776 2919 1786 2935 ,
1806 2895 1956 2926 communi
1968 2894 2064 2935 populi
2079 2893 2230 2925 Christiani
2243 2894 2387 2932 dispendio

1331 2934 1364 2965 &
1383 2936 1495 2966 excidio
1515 2934 1778 2975 Hierosolymitaiiae
1799 2934 1954 2975 provinciae
1967 2941 1998 2963 tu
2012 2933 2046 2964 &
2058 2933 2114 2973 ipse
2126 2933 2236 2964 causam
2248 2934 2385 2965 videmini

1328 2972 1483 3012 praestitisse
1502 2975 1536 3006 &
1556 2976 1716 3013 materiem,
1733 2983 1801 3005 cum
1823 2972 1983 3003 hominibus
2006 2971 2143 3011 utriusque
2161 2972 2256 3011 Regni
2269 2981 2385 3012 propter

1330 3019 1408 3042 tuam
1427 3013 1461 3043 &
1479 3013 1534 3050 ejus
1555 3012 1751 3044 dissensionem
1763 3012 1898 3050 detentis,
1915 3019 1975 3040 non
1989 3008 2080 3040 solum
2093 3020 2156 3050 quae
2169 3009 2265 3042 amissa
2278 3010 2387 3042 fuerant

1329 3051 1366 3081 ab
1379 3051 1458 3081 initio
1472 3052 1502 3081 iri
1517 3051 1638 3090 partibus
1649 3050 1833 3082 transmarinis
1848 3050 1977 3081 nondum
1987 3050 2141 3089 recuperari
2153 3050 2293 3089 potuerint
2332 3051 2388 3080 im-

1330 3098 1381 3119 mo
1395 3089 1436 3120 his
1450 3090 1536 3120 etiam
1550 3099 1635 3129 grave
1648 3089 1774 3121 videatur
1787 3088 1943 3127 periculum
1956 3087 2103 3119 imminere
2114 3097 2177 3128 quae
2191 3098 2208 3119 a
2221 3071 2386 3120 Christianis

1330 3126 1463 3158 bastenus
1473 3128 1534 3159 sunt
1546 3128 1674 3168 possessa..

1369 3165 1499 3205 Antiquis
1517 3168 1596 3198 enim
1615 3168 1649 3199 &
1669 3164 1790 3197 tristibus
1809 3166 1968 3196 rumoribus
1987 3165 2056 3195 novi
2067 3175 2100 3196 ac
2114 3164 2245 3196 tristiores
2259 3164 2387 3203 superve-

1329 3202 1397 3234 nere
1407 3215 1549 3244 rumores,
1574 3204 1652 3243 quod
1664 3214 1732 3236 curn
1744 3205 1920 3235 Theutonici
1940 3204 2043 3234 Accon
2056 3203 2169 3242 navigio
2182 3205 2385 3243 pervenissent,

1330 3241 1464 3273 Castrum
1485 3243 1587 3274 Baruth
1606 3244 1789 3274 obtinuerunt
1809 3244 1922 3274 nemine
1939 3241 2113 3273 defendente.
2150 3242 2295 3274 Sarraceni
2313 3253 2384 3274 vero

1330 3281 1359 3311 in
1375 3281 1490 3320 Joppen
1507 3282 1638 3313 facientes
1658 3282 1795 3321 impetum
1807 3292 1840 3312 ex
1853 3281 1984 3319 adverso,
2002 3281 2086 3312 etiam
2098 3290 2147 3321 per
2158 3282 2319 3312 violentiam
2331 3291 2384 3312 oc·-

1331 3329 1367 3350 cu
1388 3329 1486 3357 arunt,
1511 3320 1545 3351 &
1564 3320 1640 3350 caesis
1659 3320 1754 3350 multis
1774 3319 1999 3351 Christianorum
2019 3319 2161 3358 millibus,
2179 3329 2242 3351 eam
2260 3319 2385 3350 funditus

1330 3359 1531 3389 destruxerunt.
1569 3357 1676 3389 Verum
1695 3359 1873 3389 Theutonici
1885 3357 2043 3388 rumoribus
2056 3358 2092 3388 de
2104 3366 2196 3389 morte
2210 3357 2388 3395 Imperatoris

1331 3397 1470 3436 acceptis,
1485 3407 1545 3426 nori
1567 3397 1714 3436 expeffifflo
1734 3397 1845 3436 passagii
1865 3405 2010 3434 tempore,
2029 3407 2112 3428 naves
2131 3396 2245 3427 reduces
2257 3396 2387 3427 ascende-

1330 3444 1403 3465 runt.
1442 3434 1534 3465 Unde
1553 3434 1713 3474 Sarraceni,
1731 3437 1780 3475 qui
1799 3436 1833 3466 ad
1854 3435 2035 3467 resistendum
2054 3436 2092 3465 eis
2108 3435 2260 3465 exercitum
2273 3445 2386 3472 parave-

1331 3482 1393 3504 rant
1412 3473 1577 3513 copiosum,
1595 3474 1624 3503 in
1644 3482 1746 3504 terram
1765 3472 1989 3504 Christianorum
2009 3473 2080 3506 adeo
2097 3472 2306 3503 debacchantur
2318 3496 2329 3516 ,
2352 3481 2386 3504 ut

1331 3510 1495 3542 Christianis
1507 3521 1561 3541 nec
1579 3511 1636 3541 fine
1654 3511 1779 3549 periculo
1793 3511 1929 3543 Civitates
1941 3513 2033 3552 egredi
2043 3513 2122 3542 licent
2133 3532 2157 3553 ,⁸
2169 3520 2224 3541 nec
2237 3512 2267 3541 in
2280 3513 2341 3551 ipsis
2353 3511 2388 3542 si-

1331 3560 1369 3582 ne
1387 3549 1538 3580 formidine
1557 3559 1716 3589 remanere,
1733 3551 1825 3581 immo
1838 3552 1876 3582 eis
1887 3550 1992 3592 gladius
2002 3551 2066 3583 foris
2077 3551 2221 3588 imminet,
2239 3558 2329 3581 metus
2341 3551 2388 3581 in-

1330 3598 1382 3620 tus.

1369 3626 1448 3665 Qia
1466 3635 1536 3657 vero
1555 3636 1607 3657 nos
1628 3626 1662 3658 ad
1679 3627 1896 3659 subventionem
1918 3637 1997 3659 terrae
2009 3625 2162 3663 orientalis,
2181 3627 2238 3657 tarn
2252 3627 2282 3655 in
2295 3625 2390 3663 perso-

1331 3664 1391 3703 nis,
1414 3664 1501 3732 qtlisiim
1519 3665 1617 3703 rebus,
1641 3665 1757 3696 dileistos
1779 3667 1848 3697 filios
1869 3666 1979 3697 nostros
1997 3663 2162 3695 Soffredum
2181 3664 2252 3695 tituli
2275 3663 2388 3696 Sanetae

1331 3701 1418 3733 Praxe
1441 3703 1445 3708 '
1480 3703 1514 3733 &
1534 3702 1566 3732 P.
1583 3703 1694 3734 Sandiae
1713 3704 1817 3736 Mariae
1833 3707 1862 3737 in
1877 3706 1923 3735 via
1938 3705 1994 3735 lata
2006 3702 2090 3732 Diac.
2107 3701 2223 3734 Cardin.
2242 3701 2389 3742 Apostoli-

1331 3750 1375 3771 cae
1389 3740 1466 3771 Sedis
1480 3740 1600 3780 Legatos
1615 3764 1626 3780 ,
1651 3744 1724 3774 viros
1737 3743 1881 3775 honestate
1894 3750 2024 3779 morum,
2042 3742 2198 3772 maturitate
2211 3741 2335 3780 confilii,
2352 3743 2388 3774 δε

1331 3778 1444 3809 scientia
1464 3780 1646 3818 reverendos,
1665 3791 1736 3820 quos
1754 3783 1826 3812 inter
1849 3781 1916 3812 alios
1929 3780 2020 3810 fratres
2034 3778 2144 3810 nostros
2154 3779 2262 3818 speciali
2274 3783 2389 3812 caritate

1332 3816 1488 3856 diligimus,
1508 3817 1663 3848 ministerio
1684 3821 1800 3860 proprio
1820 3818 1932 3851 Sanetae
1955 3818 2046 3848 crucis
2061 3817 2219 3848 charactere
2233 3820 2392 3851 curavimus

1331 3855 1468 3894 insigniri,
1487 3865 1524 3885 ne
1544 3856 1613 3896 quid
1633 3866 1667 3886 ex
1688 3859 1787 3889 contin
1807 3858 1914 3887 entibus
1934 3856 2066 3886 omittere
2086 3855 2230 3886 videamur
2244 3878 2254 3894 ,
2279 3856 2390 3889 dietum

1332 3892 1444 3924 Sanetae
1467 3892 1570 3925 Mari-„e
1592 3896 1622 3925 in
1643 3896 1688 3925 via
1710 3896 1762 3928 lata
1809 3896 1861 3926 iac.
1878 3893 2072 3931 Cardinalem,
2087 3894 2180 3924 virum
2194 3893 2306 3928 scientia
2319 3906 2392 3935 prae-

1330 3930 1440 3970 ditum,
1458 3931 1602 3963 honestate
1623 3934 1807 3973 praeclarum,
1825 3933 1895 3962 Deo
1917 3932 1950 3962 &
1965 3931 2128 3962 hominibus
2143 3932 2225 3970 (sicut
2240 3933 2390 3973 speramus)

1330 3978 1497 4008 acceptum,
1516 3969 1549 4000 ad
1568 3979 1645 4001 tuam
1668 3972 1702 4002 &
1723 3970 1844 4011 ejusdem
1864 3969 1953 4009 Regis
1975 3969 2148 4009 praesentiam
2160 3970 2288 4003 duximus
2307 3972 2393 4004 desti·

1329 4009 1473 4046 nandum,
1491 4009 1633 4048 legationis
1645 4011 1671 4040 ei
1683 4009 1814 4041 officium
1827 4009 2046 4039 committentes.
2080 4007 2205 4046 Ideoque
2218 4010 2392 4042 serenitatem

1330 4055 1408 4078 tuam
1426 4056 1574 4087 rogamus,
1591 4057 1752 4086 monemus,
1769 4048 1802 4078 &
1821 4047 1851 4076 in
1864 4045 2054 4077 remissionem
2069 4047 2149 4085 injun
2170 4049 2242 4079 imus
2258 4058 2392 4086 peccato-

1327 4094 1409 4125 rum,
1426 4086 1554 4127 quatinus
1574 4095 1642 4118 euin
1661 4087 1731 4119 ficut
1754 4085 1893 4125 Legatum
1907 4083 2086 4125 Apostolicae
2107 4084 2126 4118 S
2167 4087 2171 4091 '
2203 4087 2391 4156 recipiensh&
