2570 4261
3 288 78 323 Ann.
96 287 136 320 D·

24 328 107 368 1306.

3 371 69 395 Edv.
87 377 110 394 1.

3 585 138 622 511932.

7 2401 86 2434 'Ann.
99 2399 141 2432 D.

30 2439 116 2480 1306.

9 2483 62 2507 Aa.
80 2487 124 2515 34.

13 2522 43 2545 Ε.
63 2527 86 2545 1.

14 2560 55 2583 Ex
82 2557 141 2582 Au-

14 2601 80 2630 ragr-

631 208 761 249 ET
843 209 1165 252 ACTA
1247 209 1830 259 PUBLICA.

153 292 187 323 ad
203 293 310 332 praefati
325 289 537 332 Archiepiscopi
559 294 592 325 &
629 293 733 324 'usdem
751 293 883 333 Episcopi
897 293 1062 333 pervenisset
1078 296 1222 333 notitiam,

154 332 227 369 quod
236 332 351 363 dilectus
365 333 445 362 Filius
460 333 553 363 Petrus
565 333 600 362 de
646 344 715 371 ene,
735 334 782 370 qui
796 333 822 363 se
833 334 944 364 dicebat
958 334 1137 364 Canonicurn
1146 334 1224 364 Lon-

154 372 266 402 donien.
286 370 402 411 afferens
423 371 448 400 ie
471 374 500 401 in
524 371 682 408 hujusmodi
696 372 833 401 electione
846 381 1060 411 contemptum,
1078 372 1220 410 superhoc

155 408 189 438 ad
206 410 300 440 sedern
315 408 495 446 apostolicam
509 409 668 447 appellavit:
688 409 724 439 Et
748 410 782 447 a,
800 409 902 440 foelicis
924 410 1149 448 Recordationis,
1170 410 1222 440 Be-

155 448 271 478 nedidto
284 447 366 485 Papae
383 446 438 476 Xl.
456 447 662 477 Praedecessore
676 447 773 478 nostro
782 470 792 486 ,
808 448 943 479 (111οἂ011]
958 449 1058 478 Filium
1078 449 1203 479 nostrum
1214 472 1224 487 ,

157 486 325 517 Landulfum
341 485 435 515 Sanrffi
448 486 552 523 Angeli
566 485 729 516 Diaconum
746 485 940 524 Cardinalem,
957 487 1111 517 obtinuerat
1119 489 1147 517 in
1157 497 1222 517 cau-

154 525 182 555 sa
196 524 357 563 hujusmodi
369 523 541 562 auditorem,
561 524 691 562 quodque
707 524 831 561 praefatus
846 524 1000 555 Cardinalis
1012 525 1121 555 eunden
1144 525 1222 563 Epis-

156 573 280 601 copum,
297 563 326 592 in
347 562 484 592 audientia
502 563 617 600 public&
632 585 642 600 ,
660 562 695 592 ad
712 562 923 600 procedendum
942 564 971 592 in
988 562 1085 593 eadem
1105 564 1222 601 appella-

156 603 239 632 tionis
251 600 334 631 causa
350 601 368 620 *ἰ
378 602 456 631 citari
470 601 589 639 fecerat,
609 609 638 630 ut
653 600 692 630 est
707 602 808 640 moris,
827 601 861 632 ad
876 601 968 632 sedem
982 600 1163 639 apostolicam
1170 612 1221 640 pro

154 638 313 678 hujusmodi
326 639 515 677 prosecutione
528 639 635 676 negotii
649 638 779 669 accedere
794 642 959 678 procuravit.

194 678 324 708 Demum
340 680 423 716 vero,
448 685 605 708 memorato
626 676 828 709 Praedecessore
844 681 918 709 viam
934 677 1066 709 universae
1079 680 1165 709 carnis
1178 680 1220 708 in-

156 715 270 755 gteffo,
286 717 320 747 &
335 717 526 754 subsequenter
542 716 622 745 nobis
641 715 674 745 ad
691 718 800 754 apicem
815 717 915 747 summi
931 716 1107 755 Apostolatsis
1122 717 1220 747 divina

153 754 330 793 dispositione
346 756 466 792 vocatis,
484 763 550 784 cum
569 756 717 791 negotium
732 754 883 785 Elefflonis
903 754 1061 785 liu'usmodi
1082 765 1132 793 pro
1147 765 1221 793 parte

155 793 202 824 sua
215 793 307 824 fuiffet
324 793 502 832 praepoi‘itum
519 802 620 823 coram
633 793 713 823 nobis
721 796 801 830 snos
815 793 907 824 eidem
923 765 1063 823 dardinaii
1079 794 1221 824 commisi-

155 843 236 870 mus,
256 832 370 862 oraculo
391 833 464 862 vivae
491 832 587 869 vocis,
605 832 695 870 quod,
713 833 743 861 in
767 833 883 869 negotio
896 831 956 869 ipso
972 833 1091 871 partibus
1107 832 1222 870 auditis,

155 872 190 901 δε
204 870 306 901 eodem
321 871 477 900 examinato
492 871 608 907 negotio
620 870 781 908 diligenter,
798 872 898 909 nobis,
915 881 977 910 quae
992 873 1124 901 inveniret
1138 872 1168 901 in
1177 872 1221 912 ip-

152 909 198 947 so,
216 908 314 939 referre
327 917 440 939 curaret.

192 946 306 977 Deinde
326 951 412 983 vero,
431 946 533 976 eisdem
556 946 697 984 Episcopo
713 948 746 978 &
762 947 845 978 Petro
867 948 895 977 in
911 947 1015 978 statuto‘
1025 947 1086 985 ipsis
1100 949 1221 978 termino

153 994 253 1015 coram
270 984 374 1015 eodem
394 985 535 1016 Cardinali
558 986 588 1014 in
601 986 709 1023 judicio
727 987 951 1024 comparentibus
963 1009 973 1024 ,
1004 986 1094 1016 dietus
1113 985 1223 1025 Petrus,

153 1023 284 1053 nondum
299 1023 478 1062 appellatione
493 1022 584 1064 aliqua
605 1025 634 1053 in
649 1023 728 1054 causa
745 1024 844 1054 effidem
862 1025 1003 1062 exhibita,
1023 1025 1091 1054 dixit
1114 1025 1140 1054 se
1157 1035 1223 1055 cau-

156 1061 214 1092 sam
232 1072 328 1093 contra
344 1063 454 1093 dictum
472 1062 643 1099 Epiicopum
662 1062 734 1093 nolle
751 1063 875 1101 prosequi
891 1063 1088 1101 supradictam,
1106 1064 1138 1093 &
1155 1063 1224 1093 desi-

153 1099 232 1169 steths,
247 1102 261 1130 a
281 1101 470 1140 prosecutione
492 1100 677 1139 appellationis
700 1102 822 1140 ejusdem
835 1125 845 1141 ,
877 1102 969 1133 eidem
986 1103 1157 1133 renunciavit
1177 1111 1224 1132 ex-

173 1150 201 1170 re
225 1150 250 1169 e.
443 1162 448 1163 γ

151 1149 172 1178 P
194 1177 280 1209 Facta
295 1179 386 1217 itaque
403 1179 484 1209 nobis
497 1188 545 1216 per
561 1178 682 1209 eundem
698 1177 875 1210 Cardinalem
890 1178 968 1218 super
982 1179 1034 1210 hiis
1046 1180 1176 1211 relatione
1190 1178 1223 1208 fi-

154 1216 210 1247 deli
225 1240 234 1255 ,
262 1227 312 1248 nos
327 1240 337 1255 ,
363 1219 426 1256 quia
444 1217 612 1248 electionem
631 1218 664 1247 &
684 1216 927 1248 confirmationem
940 1218 1046 1250 easdem
1060 1218 1095 1249 de
1110 1218 1224 1257 persona

154 1255 266 1295 ydonea
286 1257 425 1286 canonice
440 1256 586 1286 celebratas
600 1256 633 1286 &
649 1254 732 1286 factas
746 1257 917 1295 invenimuS,
936 1257 991 1287 illas
1006 1256 1218 1296 ratificavimus,

155 1295 188 1325 ὃς
211 1295 293 1324 etiam
317 1295 549 1332 approbavimus,
565 1303 599 1324 ac
614 1293 766 1330 supplentes
780 1294 940 1334 defectum,
958 1296 978 1326 si
993 1297 1052 1332 quis
1066 1295 1175 1334 fuisset,
1193 1298 1221 1327 in

153 1333 293 1363 0108110110
308 1333 341 1363 &
356 1332 570 1363 confirmatione
585 1332 743 1370 praedicitis,
760 1332 795 1363 de
809 1333 969 1371 apostolicae
986 1334 1154 1371 plenitudine
1171 1345 1223 1372 po-

152 1371 252 1401 testatis
287 1370 380 1401 eidem
394 1369 536 1408 Episcopo
549 1369 739 1408 subsequenter
750 1380 798 1409 per
813 1372 1009 1407 Venerabilem
1023 1372 1145 1403 Fratrem
1159 1373 1222 1403 nos-

153 1418 227 1440 trum
270 1433 276 1439 .
294 1408 424 1439 Sabinen.
442 1407 545 1446 Episco
565 1418 615 1439 um
630 1409 750 1439 fecimus
767 1420 866 1440 munus
882 1409 1096 1441 consecrationis
1111 1412 1223 1449 impen-

154 1448 184 1478 di
205 1449 277 1487 (jure
296 1455 388 1478 tamen
408 1446 643 1488 Metropoitico,
669 1447 744 1485 quod
759 1447 852 1478 eidem
866 1448 1088 1486 Archiepiscopo
1100 1448 1223 1480 Cantua-

153 1487 233 1517 riensi
252 1487 282 1515 in
303 1485 353 1516 suis
375 1485 567 1516 consecrandis
588 1485 787 1517 succelsoribus
808 1488 961 1524 competit,
979 1487 1121 1525 reservato)
1140 1487 1221 1518 firma

152 1526 230 1555 enim
253 1531 378 1554 tenemus
398 1523 501 1555 fiducia
521 1524 597 1562 quod
611 1547 621 1562 ,
644 1523 782 1564 dirigente
798 1524 930 1555 Domino
943 1525 1019 1556 adi-us
1031 1525 1107 1563 suOS,
1125 1526 1222 1556 eadem

153 1562 333 1594 Londonien.
349 1562 472 1593 Eccleiia
486 1562 666 1601 spiritualibus
678 1563 932 1603 &tempora-libus,
949 1564 1062 1594 austore
1070 1564 1221 1604 Domino,

151 1601 280 1641 proficiet
293 1603 480 1632 incrementis.

193 1640 343 1678 Rogamus
364 1641 455 1678 itaque
475 1639 656 1671 Serenitatem
676 1639 803 1678 Regiam
826 1641 859 1671 &
874 1641 1015 1672 hortamur
1029 1641 1059 1670 in
1074 1640 1223 1682 Domino,

152 1681 278 1717 quatinus
292 1678 412 1709 eundern
426 1678 617 1718 Episcopum,
635 1678 690 1709 una
706 1688 775 1710 cum
791 1678 914 1710 Ecclesia
928 1679 975 1710 suo
991 1680 1224 1717 commista-regi-

153 1719 246 1757 mini,
269 1717 372 1748 habens
394 1727 445 1755 pro
466 1716 557 1748 nostra
570 1717 603 1748 &
617 1716 778 1754 apostolicae
792 1717 861 1748 sedis
874 1719 1024 1748 reverentia
1039 1719 1224 1750 commenda-

154 1764 213 1795 tos,
237 1755 331 1786 eidem
345 1755 505 1794 Episcopo,
519 1756 549 1786 in
563 1755 726 1793 ampliandis
738 1756 772 1786 δε
786 1756 975 1786 conservandis
989 1755 1109 1794 ejusdem
1124 1756 1227 1790 Eccle-

154 1794 200 1825 siae
218 1794 323 1832 juribus
337 1816 347 1831 ,
370 1794 408 1825 fic
429 1793 568 1824 ferventer
588 1793 704 1831 affistas,
719 1793 814 1832 quod,
831 1804 880 1832 per
895 1795 1025 1825 auxilium
1042 1797 1137 1832 gratiae
1153 1804 1225 1836 tuae,

154 1833 186 1863 in
207 1832 362 1863 commisso
387 1833 436 1863 fibi
451 1831 584 1863 Ecclefiae
598 1832 741 1870 praedictae
755 1834 910 1871 regimine,
928 1833 1017 1863 utilius
1031 1832 1164 1870 proficere
1178 1846 1226 1866 va-

157 1871 227 1902 leat·
245 1879 329 1910 tuque
344 1870 468 1902 divinam
480 1870 696 1903 misericordiam
710 1871 743 1902 &
759 1870 921 1910 apostolicae
933 1871 1001 1902 sedis
1009 1872 1227 1904 benivolentiam

156 1894 240 1947 possis
256 1909 366 1940 uberius
380 1910 539 1948 promereri.

194 1984 263 2017 Dat.
282 1985 415 2024 Lugdun.
434 1984 500 2016 Kal.
519 1985 647 2017 Februar.
665 1985 846 2018 Pontificatsis
861 1986 946 2017 nostri
961 1998 1033 2018 anno
1048 1989 1148 2026 primo.

1122 2068 1190 2095 Rao.

921 2139 975 2170 Sub
982 2140 1034 2182 filo
1047 2141 1153 2172 canabi.

159 2264 250 2297 Balla
263 2267 434 2298 executoria
451 2263 488 2297 de
501 2264 559 2309 fix
577 2265 699 2298 Clericis
717 2267 815 2311 Regiis
834 2263 878 2297 ad
898 2263 1035 2308 beneficia
1053 2268 1078 2298 Ε
1081 2264 1228 2310 cclcfiasti-

564 2324 600 2345 ca
610 2312 832 2359 promovendis.

159 2405 220 2468 C
231 2398 352 2429 Lemeris
367 2397 540 2435 Episcopus,
557 2397 648 2428 servus
656 2396 802 2441 'serv-orum
812 2397 873 2441 'Dei
917 2396 1077 2428 Venerabili
1093 2397 1168 2429 fratri

231 2436 372 2475 Episcopo
389 2436 567 2479 londonien.
584 2436 618 2466 &
632 2435 740 2465 dileetis
756 2436 847 2480 Filiis,
865 2420 1127 2479 westmonasterii,
1143 2439 1180 2481 ὃς
1189 2437 1226 2468 de

161 2474 264 2505 Sancto
280 2475 392 2504 Albano
406 2473 645 2504 Monasteriorum
660 2474 833 2512 Abbatibus,
851 2474 982 2504 Lincohi.
1000 2476 1033 2505 &
1050 2475 1230 2507 Londonien.

162 2512 250 2543 Dioc.
266 2512 379 2543 salutern
393 2513 427 2543 &
443 2511 627 2550 apostolicam
641 2511 878 2542 benedictionem.

197 2551 332 2582 Gerentes
346 2550 381 2581 ad
393 2550 537 2594 personam
552 2550 649 2581 (1110611
664 2550 742 2594 Filii,
760 2550 874 2580 Nobilis
886 2550 1102 2596 ViriEdvvardi,
1121 2553 1229 2590 primo-

161 2591 250 2646 geni*
262 2587 569 2658 Sfflfflffirzfliffliffi
582 2588 1230 2659 Efflaffissssss}off}alii‘ilisffiiffissilssi'ssssssoifil

162 2637 247 2705 ἓξὲξ
256 2667 294 2711 ,δε
310 2667 454 2704 petitiones
467 2665 537 2704 suaS,
556 2650 691 2703 quantum
706 2650 780 2696 curri,
788 2665 856 2696 Deo
869 2665 1028 2705 possumus,
1046 2667 1231 2699 favorabiliter

163 2706 391 2783 exipsssiglitgaque
402 2742 646 2781 supplicationibus
659 2742 800 2781 inclinati,
818 2742 978 2773 discretioni
990 2743 1088 2775 vestrae
1097 2755 1145 2783 per
1155 2743 1233 2782 apos-

166 2783 251 2813 tolica
262 2781 360 2822 scripta
376 2783 540 2825 mandamus
549 2804 559 2820 ,
577 2782 700 2825 quatinus
712 2791 780 2819 vos,
796 2782 841 2825 vel
855 2781 930 2820 duo,
948 2790 992 2825 aut
1007 2793 1076 2813 unus
1087 2783 1234 2827 vestrum,

167 2831 216 2860 pes
226 2819 377 2889 32310ζέ
388 2819 713 2888 ssrssrztsizsslffiiiff
725 2819 844 2889 PZZsffl'rii
856 2819 1069 2896 Υἳῗὲεὲῧέὤῗέ
1077 2821 1235 2900 ἐξᾘξῖὲἑ

166 2870 310 2928 gageiis
325 2896 541 2940 Ecclesiasticis,
560 2906 628 2926 cum
644 2881 723 2940 cura}
741 2897 786 2927 vel
801 2881 862 2927 fine²
874 2907 956 2935 cura,
1104 2937 1109 2942 .
1195 2938 1199 2942 ι

207 2936 253 2967 Ad
269 2935 450 2965 collationem
463 2934 508 2965 seu
523 2934 778 2974 praesentationem,
799 2935 844 2965 seu
861 2945 1068 2974 quamcumque
1081 2936 1236 2975 dispositio-

168 2984 236 3005 nem
256 2973 424 3004 (111οἃ01010
440 2973 573 3004 Filiorum
677 2973 712 3003 de
723 2973 880 3014 Ramesoye
983 2974 1019 3005 de
1032 2975 1126 3012 Burgo
1141 2975 1235 3006 Sancti

169 3011 245 3043 Petri
350 3012 386 3042 de
406 3012 543 3050 Tomoye
647 3011 744 3042 Samniti
765 3012 912 3056 Edmundi
925 3035 935 3051 ,
958 3013 992 3044 δε
1095 3013 1132 3044 de
1144 3013 1237 3054 Croy-

169 3050 251 3081 lande
264 3049 522 3088 Monasteriorum,
539 3049 683 3082 Abbatum
692 3073 702 3089 ,
720 3060 752 3081 ac
859 3050 962 3095 Prioris
975 3050 1115 3083 Prioratfis
1130 3052 1166 3082 de
1182 3053 1237 3083 Le-

169 3099 236 3133 ves,
253 3098 405 3127 eorumque
420 3087 622 3157 0011110111ῐὲοἳ
614 3112 664 3158 ἐπὶ
658 3089 1020 3159 [Ληξίῗιῐέξὲἐιῗοτννιπη.
1038 3091 1072 3122 ὃς
1085 3089 1238 3122 Cicestren.

173 3127 642 3211 Dmo‘ssihsfi‘e'ffltssssnssffiiieciericis
656 3138 817 3198 seffliiiaribus
832 3151 976 3206 affi'gnari,
993 3166 1060 3199 nuni
1075 3167 1120 3198 aiii
1134 3167 1170 3199 de
1179 3168 1240 3207 jure

173 3204 342 3284 deffllgi'um
358 3243 475 3282 quidem
490 3241 661 3280 singulorum
676 3243 876 3276 beneficiorum
884 3244 1018 3283 redditus,
1034 3244 1067 3276 &
1075 3252 1238 3285 proventus,

173 3281 258 3327 usque
273 3281 308 3313 ad
320 3281 462 3325 summam
474 3282 637 3325 odiuaginta
651 3280 839 3330 Marchan'imx
847 3283 1064 3322 Sterlingorum,
1078 3284 1155 3327 juxta
1167 3292 1241 3328 taxa-

170 3328 281 3390 {13:255
273 3320 433 3396 ardtefimae,
451 3330 481 3350 in
492 3321 613 3357 partibus
623 3319 734 3360 Angliae
747 3320 849 3352 ultimo
863 3322 1020 3360 persolutae,
1037 3321 1148 3360 singulis
1163 3332 1240 3352 annis

210 3397 289 3436 Qae
312 3395 436 3440 personae
445 3396 518 3441 'ipsae
532 3406 580 3441 per
595 3395 622 3426 se
656 3395 700 3426 vel
715 3395 907 3442 Procuratores
921 3397 981 3429 suos
996 3398 1031 3429 ad
1045 3398 1101 3442 hoc
1117 3398 1242 3443 speciali-

176 3443 217 3466 ter
238 3435 418 3473 constitutOS,
443 3435 512 3466 infra
533 3445 612 3465 unius
628 3419 734 3465 Mensis
747 3435 880 3475 spatium,
896 3437 1042 3475 postquam
1056 3447 1094 3467 eis
1107 3437 1150 3467 vel
1160 3437 1243 3468 dietis

24 3475 163 3516 *11.983.
178 3473 405 3505 Procuratoribus
425 3472 462 3502 de
483 3472 639 3510 hujusmodi
658 3472 859 3505 beneficiorum
880 3478 1026 3507 vacatione
1045 3476 1059 3495 ¹¹²
1074 3475 1244 3513 constiterit,

179 3513 306 3582 duffirint
318 3509 501 3549 acceptanda,
520 3509 541 3541 si
552 3519 650 3542 vacant
659 3510 695 3542 ad
709 3511 840 3550 praesens,
856 3513 901 3543 vel
915 3524 983 3545 cum
996 3513 1030 3545 ad
1042 3513 1072 3544 id
1081 3513 1210 3545 obtulerit
1217 3513 1244 3544 se

177 3552 309 3629 ἱπῲξ,
319 3598 353 3620 ex
378 3597 454 3620 nunc
473 3587 620 3619 donationi
637 3587 813 3626 Apostolicae
826 3588 990 3622 reservamus
1003 3614 1013 3629 ,
1036 3590 1180 3629 providere
1195 3601 1244 3622 cu-

145 3642 150 3646 ’
179 3630 258 3662 retis.-

213 3666 336 3706 Ipsasque
352 3665 493 3704 personas,
510 3664 556 3697 vel
571 3663 690 3703 ipsarum
699 3664 909 3706 Procuratores,
925 3678 1020 3699 earum
1029 3669 1144 3699 nomine
1151 3667 1245 3705 fingu-

175 3706 268 3738 lariter
282 3707 311 3736 in
325 3704 499 3743 corporalem
506 3702 702 3742 poiseffionem
708 3704 879 3742 singulorum
885 3707 1036 3738 eorundem
1045 3705 1244 3738 beneficiorum

181 3745 331 3783 inducatis,
349 3745 382 3775 &
396 3742 549 3773 defendatis
562 3741 701 3772 indubios.

218 3783 318 3821 Eisque
330 3782 437 3813 faciatis
449 3781 485 3811 de
498 3781 620 3818 ipsorum
630 3780 834 3812 beneficiorum
839 3781 988 3821 frutribus,
1005 3782 1171 3822 redditibus,
1180 3793 1245 3821 pro-

184 3822 330 3861 ventibus,
345 3821 466 3859 juribus,
484 3819 519 3850 &
539 3819 755 3850 obventionibus
769 3820 898 3851 universis
910 3822 1018 3859 integre
1031 3821 1195 3859 responderi.

221 3859 379 3890 Inhibentes
392 3858 564 3896 Abbatibus,
580 3857 686 3895 Priori,
703 3859 736 3889 &
752 3856 944 3890 conventibus
959 3861 1131 3898 memoratis,
1148 3870 1183 3890 ne
1196 3860 1243 3898 ipsi

184 3895 221 3927 de
231 3897 389 3936 hujusmodi
402 3895 559 3934 beneficiis,
576 3904 638 3926 ante
649 3896 751 3934 lapsum
766 3895 873 3927 Mensis
879 3898 1022 3938 praedicti,
1039 3898 1087 3928 nili
1098 3897 1243 3936 postquam

184 3936 223 3964 eis
243 3936 412 3974 constiterit,
437 3935 516 3974 quod
535 3934 641 3965 eaedem
663 3934 803 3973 personae,
820 3935 864 3965 vel
879 3944 1067 3974 procuratores
1083 3937 1127 3967 illa
1142 3936 1244 3967 nollent

184 3972 296 4003 forsitan
312 3983 472 4012 acceptare,
488 3973 592 4011 aliquid
605 3972 749 4010 disponere
760 3974 805 4005 vel
817 3973 943 4004 ordinare
955 3974 1137 4013 praesumant,
1153 3985 1187 4006 ac
1195 3975 1245 4005 de-

185 4018 328 4056 cernentes
345 4022 380 4044 ex
398 4023 475 4044 nunc
493 4013 600 4043 irritum
617 4012 652 4043 &
671 4013 770 4050 inane,
791 4011 814 4044 fi
830 4011 906 4044 secus
918 4011 997 4051 super
1009 4013 1061 4044 hiis
1074 4013 1090 4043 a
1104 4023 1244 4052 quoquam

183 4057 336 4086 conngent
351 4053 520 4089 attemptari:

226 4085 304 4120 Non'
318 4088 490 4123 obstantibus
499 4088 719 4130 quibuscumque
733 4088 858 4129 statutis,
874 4090 909 4123 ὃς
922 4088 1162 4124 coiisuetudinibus
1175 4099 1245 4122 con-

2264 239 2321 280 47

1260 296 1362 340 trariis,
1381 298 1555 343 juramento,
1579 301 1788 346 confirmatione
1801 304 1879 335 Sedis
1892 302 2080 346 Apostolicae,
2100 305 2144 339 seu
2155 309 2320 351 quicunque
2339 306 2413 338 Anu·
2428 305 2472 345 Di

1262 332 1392 378 firmitate
1403 337 1455 367 alia
1471 339 1616 369 roboratis:
2364 346 2447 385 ¹306·

1300 372 1357 404 Aut
1367 376 1400 418 ‚ii-
1410 375 1498 420 aliqui·
1505 377 1581 414 super
1595 380 1809 418 provisionibus,
1826 381 1875 411 sibi
1892 380 2042 421 faciendis,
2059 383 2094 415 de
2111 383 2252 416 beneficiis
2264 387 2323 418 Ec-
2340 386 2407 413 Ed'v·
2426 392 2451 421 ’τ

1260 409 1414 442 Clesiastch5
1435 415 1468 443 ad
1491 416 1612 458 ipsorum
1632 417 1792 456 Abbatum,
1818 418 1918 450 Prioris
1931 421 1964 451 &
1980 420 2181 453 Conventuum
2197 425 2323 456 collatio-

1260 457 1343 486 nem,
1362 451 1617 494 praesentationem,
1634 454 1678 485 seu
1693 466 1898 495 quamcumque
1906 458 2125 499 dispositionem,
2143 463 2320 499 conjunc'tim

1259 486 1303 516 vel
1325 487 1466 532 separatim
1478 490 1684 534 'sperstantibuQ
1701 494 1786 524 dietae
1799 495 1881 534 sedis,
1900 498 1997 535 quibus
2013 499 2118 530 nullum
2132 510 2180 537 per
2195 501 2252 531 hoc
2267 512 2319 532 vo-

1260 523 1351 593 }ugitus
1371 527 1563 566 praejudicium
1583 533 1724 569 generari,
1748 532 1793 563 vel
1810 533 1979 571 Legatorum
1996 536 2052 573 ejus
2069 537 2168 568 litteras
2187 540 2321 577 impetra-

1276 574 1284 592 t
1332 574 1338 592 z

1288 601 1350 644 „Seu
1373 602 1392 632 si
1412 603 1514 634 eisdem
1536 605 1703 643 Abbatibus,
1729 605 1835 646 Priori,
1852 610 1885 639 &
1899 609 2091 644 Conventibus
2126 614 2170 645 vel
2185 607 2324 652 quibusvis

1260 638 1317 668 aliis
1338 640 1373 669 ab
1392 642 1489 684 esdem
1506 643 1535 673 iit
1549 644 1620 674 Sede
1635 643 1789 683 indultum,
1809 647 1883 683 quod
1898 648 1931 678 ad
1945 637 2150 692 receptione'm,
2168 653 2212 684 vel
2226 657 2320 691 provi-

1260 677 1364 707 sionem
1375 678 1484 717 alicujus
1495 682 1615 712 minime
1628 690 1783 722 teneantur,
1800 685 1833 714 &
1847 686 1881 715 ad
1897 686 1924 715 id
1938 690 2081 726 compelli:

1298 715 1351 746 Seu
1376 718 1450 754 quod
1470 720 1612 759 interdici,
1635 720 1775 762 suspendi,
1800 721 1844 752 vel
1865 728 2102 757 excommunicari
2123 739 2182 759 non
2198 727 2317 767 poffint:

1261 752 1318 783 Aut
1331 755 1404 792 quod
1418 755 1453 785 de
1460 757 1601 788 beneficiis
1609 758 1821 799 Eccleiiasticis,
1840 761 1871 790 ad
1881 771 1978 793 eorum
1987 764 2162 796 collationem
2169 768 2212 798 seu
2221 779 2319 806 quam-

1260 800 1382 830 cumque
1401 793 1606 838 dispositionem
1616 820 1625 835 ,
1643 797 1822 834 conjunctim
1837 799 1882 829 vel
1895 799 2037 838 separatim
2046 802 2320 844 spectantibusfflulli

1259 829 1344 860 valeat
1358 834 1496 870 prowderi
1512 845 1559 871 per
1574 835 1672 865 litteras
1687 836 1772 866 diebe
1787 837 1881 876 Sedis,
1898 849 1958 868 non
1973 838 2103 870 facientes
2111 841 2318 878 plenumstex-

1258 868 1394 907 preffam,
1417 881 1449 901 ac
1469 871 1504 902 de
1525 874 1612 903 verbo
1634 873 1668 904 ad
1692 875 1826 913 verbum,
1849 876 1886 906 de
1901 877 2008 908 indulto
2023 878 2181 916 hujufinodi
2196 884 2316 913 mentio-

1258 915 1342 945 nem,

1294 943 1472 993 Esquslibet
1494 947 1546 978 alia
1565 948 1686 986 ejusdem
1702 949 1778 980 Sedis
1794 950 1985 992 indulgentia,
2002 955 2121 993 generali
2135 957 2179 987 vel
2191 955 2320 997 speciali,

1259 984 1444 1027 cujuscunque
1465 987 1566 1029 tenoris
1589 987 1700 1025 existat,
1719 998 1775 1030 ‘per
1790 999 1874 1026 quarn
1890 992 2063 1027 praesentibus
2075 1004 2133 1024 non
2146 996 2296 1033 expreffarn
2306 1019 2317 1034 ,

1260 1021 1304 1063 vel
1318 1022 1433 1052 totaliter
1449 1033 1507 1067 non
1522 1024 1662 1068 insertam,
1680 1026 1795 1057 011οἑ103
1809 1028 1965 1065 hujusmodi
1977 1031 2078 1061 nostrae
2092 1035 2318 1071 gratiaeimpedi-

1260 1068 1284 1088 ri
1299 1059 1403 1097 valeat,
1422 1061 1465 1091 vel
1478 1062 1598 1105 distem,
1615 1064 1648 1093 &
1663 1063 1698 1094 de
1714 1064 1784 1102 qua,
1802 1067 1931 1103 cujusque
1947 1076 2008 1098 toto
2022 1078 2117 1101 tenore
2131 1071 2166 1102 de
2180 1073 2269 1103 verbo
2283 1072 2318 1104 ad

1261 1097 1378 1128 verbum
1393 1098 1491 1129 debeat
1505 1110 1534 1129 in
1549 1100 1646 1131 nostris
1660 1101 1754 1132 litteris
1769 1103 1826 1133 fieri
1841 1106 1948 1134 mentio
1963 1105 2095 1143 specialis:

1297 1134 1526 1183 βοησαάὶᾶο103
1541 1148 1590 1175 per
1605 1139 1745 1171 censuram
1760 1140 1981 1173 Ecclesiasticain
1988 1167 1999 1182 ,
2016 1146 2194 1183 appellatione
2206 1148 2322 1187 postpo-

1261 1173 1328 1213 sita,
1345 1175 1565 1213 compescendo.

1296 1250 1362 1282 Dat.
1382 1251 1513 1289 Lugdun.
1533 1262 1559 1292 7.
1577 1252 1619 1284 Id.
1638 1254 1718 1286 Febr.
1736 1254 1838 1288 Pontif.
1856 1257 1945 1288 nostri
1958 1268 2032 1290 anno
2048 1261 2150 1298 pn'mo.

2045 1336 2100 1366 Sub
2104 1335 2158 1378 filo
2173 1337 2268 1370 camb.

1332 1476 1391 1506 Pro
1414 1477 1543 1508 Nunciis
1560 1480 1641 1524 Papa
1658 1476 1778 1526 benigne
1792 1479 1965 1526 recipiendis
1983 1483 2020 1518 (ἐν
2039 1481 2247 1517 exaudirndis.

1334 1567 1455 1613 Lemens
1477 1570 1647 1616 Episcopus,
1672 1574 1732 1605 &c.
1751 1573 1901 1605 Cariffimo
1916 1576 1944 1606 in
1961 1574 2076 1607 Christo
2093 1577 2163 1608 Filio
2177 1577 2326 1618 Edvardo,
2343 1576 2418 1608 Ann.
2429 1576 2472 1609 D.

1342 1606 1419 1644 Regi
1433 1609 1548 1651 ‚Angiiae
1560 1611 1671 1650 illustri,
1687 1612 1800 1644 salutem
1816 1615 1849 1644 &
1864 1614 2044 1652 apostolicam
2053 1616 2289 1648 benedictionem.
2373 1617 2455 1657 1306.

1300 1644 1497 1688 Venerabilem
1519 1649 1640 1693 Fratrem
1660 1651 1788 1682 nostrum
1804 1652 1962 1684 walterum
1978 1654 2118 1685 Lichfeld.
2136 1655 2170 1685 &
2186 1655 2324 1687 Coventr.
2341 1659 2394 1684 Av-
2412 1665 2457 1692 34·

1263 1682 1455 1728 Episcopum,
1471 1686 1505 1716 &
1518 1687 1582 1718 ahos
1597 1689 1812 1723 magnificentiae
1827 1699 1882 1721 tuae
1897 1693 2031 1731 nuncios,
2049 1703 2135 1731 nuper
2149 1693 2183 1724 ad
2199 1694 2323 1725 nostram
2344 1699 2371 1721 E·
2391 1704 2413 1721 ¹-

1262 1721 1434 1758 praesentiam
1449 1725 1627 1770 accedentes,
1646 1728 1679 1758 &
1694 1727 1796 1766 literas,
1814 1739 1879 1767 quas
1892 1730 1972 1760 nobis
1985 1739 2019 1760 ex
2033 1740 2107 1768 parte
2123 1731 2218 1769 Regia
2226 1733 2322 1764 attule-
2342 1737 2383 1760 Ex
2396 1734 2455 1759 Au·

1262 1769 1343 1799 runt,
1360 1770 1470 1805 paterna
1487 1764 1656 1801 benignitate
1672 1768 1844 1806 recepimus,
1861 1768 1894 1798 &
1910 1777 1966 1798 tam
1979 1778 2028 1806 ea,
2048 1779 2111 1808 quae
2128 1771 2178 1808 ipli
2191 1772 2272 1802 nobis
2280 1773 2323 1802 vi·
2341 1779 2407 1807 togr.

1262 1808 1307 1828 vae
1323 1810 1403 1844 vOCis
1416 1801 1593 1845 exposuerunt
1608 1805 1719 1834 oraculo
1728 1828 1737 1842 ,
1754 1805 1839 1843 quam
1854 1807 1937 1836 etiam
1953 1807 1982 1836 in
1996 1808 2035 1837 cis
2050 1816 2181 1839 contenta
2196 1809 2278 1839 literis
2292 1810 2323 1839 li-

1264 1836 1340 1867 benti
1361 1849 1457 1883 animo
1471 1841 1626 1880 audientes,
1643 1842 1702 1881 illa,
1720 1853 1852 1881 quantum
1867 1854 1937 1875 cum
1952 1844 2018 1875 Deo
2033 1846 2066 1877 &
2080 1845 2222 1878 honestate
2237 1849 2328 1885 potui-

1265 1885 1344 1914 rnus,
1362 1877 1549 1909 exaudivimus
1563 1880 1716 1917 diligenter.

1300 1912 1474 1957 Intendcntes
1486 1921 1504 1955 ,'
1520 1918 1572 1948 Fili
1595 1919 1748 1957 carissime,
1772 1920 1800 1950 in
1823 1920 1937 1957 agendis
1957 1922 2026 1960 tuis,
2044 1930 2125 1960 prout
2141 1923 2330 1964 potuerimus,

1265 1951 1400 1992 benignos
1413 1965 1465 1985 nos
1477 1956 1606 1995 reddere,
1624 1958 1656 1988 &
1672 1958 1798 1988 exhibere
1814 1958 1996 1989 favorabiliter
2009 1960 2146 1999 gratiosos.
2219 1992 2221 1996 ,

1305 1989 1451 2029 Propterea
1475 1995 1538 2032 quia
1560 1995 1673 2026 eosdem
1693 1996 1840 2034 Nuncios,
1866 2007 1934 2035 quos
1949 2006 2026 2036 potes
2040 1999 2076 2029 de
2089 1998 2232 2036 diligentia
2248 2009 2332 2031 com-

1268 2030 1418 2072 mendare,
1438 2032 1476 2075 ¹ad
1498 2032 1669 2070 praesentiam
1682 2042 1758 2065 tuam
1774 2045 1832 2065 non
1845 2035 1950 2065 rediere
1966 2036 2095 2076 00101103,
2114 2036 2255 2069 Qlfitudo
2272 2039 2330 2069 Re-

1269 2076 1387 2113 gia'non
1403 2079 1534 2110 miretur,
1555 2082 1621 2102 cum
1635 2081 1694 2103 tam
1710 2074 1813 2112 proprii
1829 2075 1952 2112 corporis
1967 2074 2071 2114 paffio,
2089 2077 2174 2114 quain
2189 2077 2240 2107 alia
2256 2077 2331 2108 mul-

1267 2106 1390 2149 tiplicia,
1408 2118 1471 2146 quae
1485 2119 1536 2140 nos
1550 2110 1727 2149 occupav31e
1741 2113 1873 2152 negotia,
1891 2111 2053 2144 celeriorem
2067 2114 2271 2152 expeditionem
2278 2115 2331 2146 hu·-

1265 2144 1389 2182 Jusmodi
1404 2147 1578 2179 retardarunt.

1305 2182 1377 2227 Sane
1399 2184 1579 2217 Serenitatem
1594 2195 1670 2218 tuam
1683 2190 1784 2219 attente
1800 2198 1951 2228 rogamus,
1970 2190 2094 2228 quatinus
2108 2189 2240 2222 Nuncios
2255 2190 2332 2230 apos-

1268 2220 1374 2268 i’tolicae
1395 2222 1480 2267 sedis,
1505 2235 1572 2256 cum
1593 2236 1640 2256 eos
1655 2226 1690 2257 ad
1709 2227 1879 2264 praesentiam
1894 2237 1971 2258 tuam
1985 2230 2081 2258 venire
2099 2231 2266 2268 contigerit,
2283 2240 2333 2261 cu-

1268 2259 1358 2307 rialius
1375 2260 1457 2292 solito
1478 2264 1616 2303 recipere,
1641 2265 1693 2304 &,
1711 2273 1740 2296 ut
1754 2266 1854 2304 decet,
1870 2266 1995 2304 benigne
2009 2277 2060 2304 pro
2072 2267 2153 2305 ipsius
2167 2267 2243 2299 Sedis
2256 2277 2335 2300 reve-

1267 2306 1356 2329 rentia
1368 2299 1460 2331 audire
1474 2311 1611 2338 procures.

1298 2335 1445 2382 Caeteriirn
1460 2361 1470 2377 ,
1495 2341 1557 2378 quia
1582 2341 1704 2378 longum
1715 2341 1786 2373 vesset
1799 2341 1901 2382 fingula
1913 2342 2047 2382 scribere,
2065 2343 2185 2382 ipsorum
2198 2343 2333 2376 Nuncio-

1266 2378 1328 2405 rum
1343 2375 1437 2407 relatui
1450 2378 1576 2409 exhibeas
1589 2380 1701 2417 plenam
1715 2379 1809 2411 fidem.

1281 2490 1285 2495 ι
1301 2450 1366 2482 Dat.
1385 2453 1457 2497 apud
1472 2454 1606 2486 Sanitum
1614 2454 1742 2487 Ciricum
1749 2457 1837 2496 prope
1846 2456 1977 2497 Lugdun.
1994 2466 2023 2498 4.
2033 2456 2235 2498 Non.Martii·,
2245 2458 2321 2491 Pon-

1266 2488 1332 2520 tific.
1350 2493 1438 2522 nostri
1451 2503 1526 2523 anno
1539 2495 1642 2531 primo.

2070 2572 2123 2604 Sub
2127 2571 2190 2613 filio
2201 2572 2297 2604 canab.

1273 2710 1293 2730 *
1315 2713 1374 2744 Pro
1402 2714 1534 2746 Domino
1562 2717 1721 2748 Amaneno
1739 2715 1774 2749 de
1790 2713 1914 2750 chreto
1927 2744 1936 2759 ,
1960 2715 2040 2763 quod
2052 2715 2131 2763 poffit
2149 2714 2256 2751 habere
2274 2719 2333 2750 Ca·
2349 2713 2369 2735 ἢ*
2380 2712 2487 2751 11.984.

1638 2763 1739 2810 strum
1759 2764 1795 2797 de
1808 2764 1965 2799 Millmno.

1343 2855 1464 2898 Lemens
1477 2857 1644 2898 Episcopus,
1661 2859 1749 2891 servus
1764 2859 1902 2890 servorum
1919 2860 1977 2890 Dei
2015 2858 2156 2892 carislimo
2172 2860 2201 2890 in
2218 2859 2334 2891 Christo
2359 2858 2434 2890 Anii.
2448 2857 2488 2890 D.

1353 2895 1427 2939 nio,
1453 2896 1584 2928 flavardo
1607 2898 1683 2936 Regi
1705 2899 1813 2938 Angliae
1834 2898 1945 2938 illustri,
1970 2883 2127 2930 drumm&
2142 2899 2337 2938 Apostolicam
2380 2900 2462 2937 1306⁴

1273 2932 1514 2967 benedictionem.
2360 2941 2412 2964 An.
2423 2947 2466 2973 34·

1310 2971 1364 3001 Etsi
1387 2974 1507 3003 caritatis
1524 2973 1669 3005 foecundae
1685 2975 1818 3006 sinceritas
1835 2975 1917 3013 (qui,
1934 2975 2007 3006 velut
2022 2976 2162 3006 dominici
2179 2976 2271 3015 gregis
2286 2975 2339 3006 Pa-
2362 2979 2390 3002 E·
2413 2985 2436 3001 ι.

1275 3009 1347 3048 stor,
1366 3011 1508 3049 personam
1523 3013 1556 3042 δί
1571 3013 1694 3044 domum
1710 3014 1846 3053 Regiam,
1863 3014 1940 3044 claris
1955 3016 2048 3051 utique
2062 3014 2220 3044 devotionis
2233 3016 2265 3046 &
2274 3012 2338 3044 fidei
2361 3018 2400 3040 Ex
2413 3015 2473 3040 Au-

1276 3049 1358 3079 titulis
1380 3050 1554 3089 insignitam,
1580 3051 1667 3088 digne
1687 3052 1885 3090 prosequimur)
1903 3052 1985 3089 pulsat
1999 3051 2124 3083 nostium
2138 3052 2267 3083 instanter
2281 3055 2341 3083 ani-
2361 3060 2424 3089 tog?-

1277 3097 1374 3125 mum,
1394 3097 1574 3127 mentemque
1587 3089 1727 3128 sollicitat,
1745 3100 1775 3120 ut
1790 3092 1864 3120 circa
1879 3099 1924 3128 te,
1941 3090 2024 3121 veluti
2033 3090 2122 3121 filium
2129 3091 2340 3130 praedilectum,

1277 3126 1376 3156 interni
1397 3127 1508 3158 luminis
1526 3129 1615 3158 aciem
1638 3128 1804 3167 dirigentes,
1820 3130 1849 3158 in
1864 3137 1891 3158 te
1906 3130 2001 3165 vigere
2013 3129 2151 3167 utriusque
2164 3129 2275 3160 salutem
2290 3130 2343 3160 ho-

1278 3165 1363 3195 minis
1377 3164 1556 3204 affectemus,
1574 3166 1642 3196 illius
1655 3175 1747 3197 tamen
1761 3165 1924 3197 domesticae
1936 3167 2139 3206 familiaritatis,
2157 3178 2209 3206 qua
2216 3168 2268 3198 tibi
2275 3168 2343 3198 hac-

1278 3211 1373 3242 tenus,
1398 3206 1499 3235 minori
1523 3204 1665 3243 fungentes
1678 3204 1796 3243 officio,
1812 3204 2012 3241 stringebamur
2028 3205 2266 3244 (Consiliariorum
2278 3214 2341 3236 tuo·-

1279 3251 1341 3272 rum
1366 3250 1460 3280 utpote
1484 3242 1591 3280 ascripti
1614 3241 1763 3280 consortio)
1782 3253 1839 3273 non
1854 3243 1950 3281 obliti,
1967 3243 2012 3273 sed
2027 3254 2166 3274 memores
2181 3244 2341 3282 existentes,

1280 3280 1314 3310 &
1334 3289 1484 3318 reputantes
1505 3290 1555 3311 nos
1575 3280 1660 3311 fidelis
1682 3281 1884 3312 consultationis
1907 3281 2061 3312 ministerio
2075 3282 2228 3319 debitores,
2245 3282 2340 3311 multae

1278 3317 1465 3350 sollicitudinis
1486 3321 1636 3350 excitamur
1655 3319 1780 3350 instantia
1803 3328 1852 3358 ut,
1886 3329 1937 3357 pro
1951 3320 2034 3360 Regii
2049 3321 2160 3350 honoris
2175 3327 2340 3361 augmento,

1278 3365 1388 3395 tuaeque
1409 3358 1490 3389 laudis
1511 3357 1592 3387 titulis
1612 3357 1790 3396 extollendis,
1815 3359 1845 3388 in
1865 3359 1936 3396 hiis,
1963 3368 2026 3396 quae
2042 3367 2156 3396 urgente
2170 3359 2340 3388 conscientia

1279 3396 1502 3427 meditationibus
1516 3395 1613 3426 nostris
1626 3405 1775 3427 occurrunt
1784 3419 1794 3435 ,
1810 3396 1856 3434 id,
1873 3396 1949 3435 quod
1963 3396 2088 3435 expedire
2102 3395 2338 3426 credimus&de-

1277 3444 1357 3472 cere,
1374 3436 1442 3473 tibi,
1460 3442 1488 3465 ut
1506 3435 1657 3473 convenit,
1671 3436 1862 3472 exprimamus.

1319 3474 1409 3513 Sane,
1426 3473 1473 3504 iiiii
1488 3482 1538 3510 pro
1553 3474 1656 3503 meritis
1669 3475 1782 3510 praemia
1798 3473 1995 3510 praeberentur,
2011 3479 2057 3502 aut
2074 3481 2143 3501 rarus
2154 3493 2164 3509 ‚
2190 3470 2235 3501 vel
2248 3469 2335 3502 nullus

1281 3511 1366 3550 esset,
1392 3514 1439 3551 qui
1459 3511 1538 3541 vellet
1558 3509 1626 3542 Deo
1641 3512 1685 3541 vel
1699 3511 1858 3542 hominibus
1871 3510 2020 3548 deservire,
2036 3509 2100 3547 sed,
2117 3517 2145 3539 ut
2160 3508 2337 3554 servientium

1281 3553 1409 3583 invitetur
1430 3548 1560 3587 affectis,
1588 3551 1730 3580 retributor
1744 3550 1882 3580 bonorum
1898 3549 2044 3586 omniurn,
2062 3557 2144 3586 quem
2161 3557 2259 3577 omnes
2273 3558 2339 3578 imi-

1281 3591 1330 3621 tari
1351 3598 1476 3621 tenemur
1482 3610 1492 3627 ,
1516 3598 1553 3618 ne
1572 3587 1641 3618 dum
1662 3597 1713 3626 pro
1737 3589 1858 3625 meritis,
1874 3586 1919 3617 sed
1934 3588 2017 3618 ctiam
2032 3586 2099 3617 ultra
2115 3586 2213 3616 merita
2227 3595 2339 3618 recom-

1280 3628 1380 3668 pensat.
2262 3663 2267 3668 ι

1320 3668 1416 3705 Qam
1437 3672 1529 3695 autem
1550 3662 1684 3703 fideliter,
1707 3664 1793 3702 quam
1814 3662 1971 3701 fructuose,
1986 3662 2123 3706 quamque
2136 3659 2290 3693 necessario
2304 3661 2338 3693 &

1282 3705 1380 3737 utiliter
1393 3703 1506 3734 dilectus
1520 3701 1604 3740 filius,
1622 3702 1720 3732 nobilis
1735 3703 1777 3732 vir
1786 3724 1795 3740 ,
1816 3702 1973 3732 Amanenus
1986 3700 2126 3730 Dominus
2141 3699 2177 3730 de
2190 3701 2342 3739 hebereto,

1284 3743 1384 3781 Miles,
1401 3741 1485 3773 fidelis
1495 3749 1572 3779 tuus,
1587 3741 1639 3771 tibi
1652 3740 1774 3778 dudum,
1792 3739 1930 3778 potiffime
1945 3739 1974 3768 in
1988 3737 2155 3769 Guasconiae
2169 3738 2341 3776 guerra,ser-

1282 3784 1399 3819 viverit,
1423 3779 1521 3810 melius
1535 3779 1672 3810 evidentia
1688 3787 1774 3810 narrat
1781 3788 1915 3817 operum,
1933 3786 2018 3815 quam
2032 3777 2181 3807 litterarum
2194 3777 2284 3814 postet
2297 3775 2339 3807 se-

1282 3823 1332 3852 ries
1347 3819 1488 3857 explicare.
2009 3853 2012 3859 .
2028 3854 2032 3858 ¹
2105 3853 2111 3859 ὁ
2258 3852 2264 3858 .

1320 3859 1390 3890 Νο11
1405 3858 1481 3887 enim
1495 3855 1558 3886 latet
1573 3863 1600 3886 te
1613 3855 1689 3887 labor
1702 3855 1795 3894 ipsiuS,
1812 3864 1869 3884 non
1884 3852 1972 3891 potest
1986 3852 2338 3891 diligentiaoccultari,qui

1282 3897 1367 3928 fidem
1381 3897 1452 3934 ejus,
1466 3894 1679 3925 sollicitudinem
1692 3895 1815 3931 &opera
1828 3890 2035 3935 comprobasti,
2051 3902 2105 3922 nec
2111 3891 2198 3922 aliena
2205 3891 2338 3934 sintano-

1281 3935 1341 3966 titia
1362 3935 1454 3971 Regis
1474 3932 1625 3971 profluvia,
1651 3942 1713 3970 quae
1731 3934 1760 3962 in
1772 3931 1817 3969 se,
1833 3940 1866 3961 ac
1877 3932 1945 3968 iuis,
1961 3939 1991 3972 in
2002 3929 2080 3960 dieta
2096 3930 2211 3968 guerra,
2228 3929 2338 3967 pertulit

1282 3973 1456 4011 expensarum
1470 3983 1480 4010 3
1503 3971 1577 4001 suam
1599 3971 1632 4002 &
1643 3971 1753 4001 suorum
1766 3970 1897 4000 omnium
1911 3969 2033 4006 personas
2046 3977 2178 4006 perpetuo
2193 3969 2288 3998 banno
2303 3966 2336 3997 δε

1283 4010 1494 4043 exliaeredationi
1508 4010 1593 4040 etiam
1608 4008 1787 4047 exponendo·
2126 4045 2131 4051 ι
2167 4045 2173 4051 ⁴

1319 4050 1430 4089 Qibus
1441 4047 1578 4079 facultates
1591 4057 1689 4078 eorum
1704 4031 1818 4077 exaustae
1831 4044 1936 4076 sunt&
1944 4044 2096 4083 plurimum
2103 4045 2266 4088 diminutae,
2274 4051 2335 4072 cre-

1282 4088 1407 4121 deremus
1429 4086 1544 4125 quidem
1557 4095 1674 4125 peccare
1687 4095 1746 4118 non
1758 4084 1906 4118 modicum
1919 4084 1940 4115 fi
1953 4093 2003 4123 pro
2016 4093 2052 4116 eo
2065 4083 2262 4115 conscientiam
2278 4079 2337 4122 Re-
