2570 4261
648 191 775 234 ET
891 194 1215 236 ACTA

21 264 96 298 Ann.
110 261 150 293 D.
180 262 302 302 nostros,
318 273 386 303 quos
400 273 485 302 nuper
499 265 533 295 ad
549 265 718 303 praesentiam
734 267 852 298 vestram
868 267 1075 306 transmisimus,
1099 267 1241 298 admisistis

39 303 123 342 1306.
179 302 391 342 honorifice,&
407 303 531 340 benigne
547 303 632 333 nostri
648 305 864 337 consideratione
878 306 1010 336 tractastis
1016 315 1116 346 ,prout
1129 306 1239 335 illorum

18 347 88 373 14...
108 351 131 373 i.
178 341 271 371 relatio
285 343 366 372 nobis
381 342 485 380 plenius
501 342 637 379 patefecit.

216 379 291 410 Sanc
306 391 357 419 pro
377 380 537 418 quibusdam
556 380 643 423 arduis
660 382 795 420 negotiis,
808 392 858 412 nos
879 383 912 412 &
927 381 1026 412 statum
1042 382 1166 412 nostrum
1179 386 1238 411 tan-

183 419 330 457 gentibus,
341 430 404 457 quae
415 428 473 448 non
489 418 667 448 mediocriter
681 420 796 450 insident
811 419 891 449 cordi
905 419 1151 458 nostro,di1cretos
1164 421 1237 449 viros

180 455 354 493 Magistrum
368 457 516 487 Thomam
534 455 570 485 de
593 456 725 486 Cobham
751 456 929 488 Canonicum
956 458 1088 488 London.
1111 458 1235 488 decreto-

177 504 240 524 rum
258 494 423 533 do&orem,
440 495 473 525 ὃς
491 494 657 533 Rogerum,
674 495 783 525 dicium
802 496 946 534 Sauvage,
963 496 1087 525 Militem
1101 496 1236 533 nostrum,

175 532 379 569 praeseiitatores
398 532 570 570 praesentium
587 532 638 570 (de
655 543 772 570 quorum
787 533 912 563 fidelitate
934 535 966 564 ὃς
986 534 1236 571 circumspectione

175 570 286 607 plenam
301 570 431 601 fiduciam
444 571 601 608 optinemus
610 574 619 607 )
635 574 668 601 ad
682 571 801 601 vestram
817 571 986 609 praesentiam
1001 571 1180 611 destinantes,

214 608 358 639 Sanctitati
378 609 476 639 vestrie
491 608 675 676 &plicamus
696 609 835 640 humiliter
850 610 882 640 ὃ(
904 610 1024 648 devote,
1039 612 1162 648 quatinus
1184 610 1236 640 eis*

175 647 261 684 dem,
276 646 426 678 Canonico
442 648 474 678 δε
529 647 580 676 iliti
596 647 714 684 (quibus
737 647 813 685 super
835 648 917 677 dietis
939 649 1056 685 negotiis
1079 651 1236 686 aperuimus

175 684 255 715 latius
270 695 395 716 mentem
410 685 548 723 nostram,
569 684 731 715 Beatitudini
753 686 849 716 vestrae
872 697 918 723 per
942 697 990 716 eos
1007 686 1127 717 seriosius
1149 696 1233 723 expo-

176 723 314 761 nendam)
332 726 361 755 in
375 726 445 763 hiis,
458 733 520 760 quae
541 732 574 752 cx
598 732 672 760 parte
695 723 786 754 nostra
814 724 890 762 super
912 724 993 754 dietis
1014 727 1133 760 negotiis
1154 726 1235 755 vobis

176 762 354 800 expresserint
370 764 433 792 viva
448 771 538 799 voce,
549 760 722 800 dignemini,
736 762 754 792 si
772 761 877 800 placet,
895 761 979 792 fidem
993 763 1136 793 indubiam
1157 763 1233 793 adhi-

174 801 259 839 bere,
271 811 303 831 ac
313 802 389 839 juxta
402 800 533 837 speratam
547 799 679 830 fiduciam
693 801 822 838 operibus
835 801 993 838 adimplere.

216 840 235 858 ²*
254 839 287 869 In
305 838 480 876 prosperitate
497 839 630 868 continua
644 839 676 868 &
692 838 821 875 longaeva
838 861 846 876 ,
861 838 893 869 ad
901 839 1094 869 exaltationem
1102 838 1234 869 Ecclesiae

176 877 230 908 suae
243 877 362 914 sandtae,
376 875 495 907 vestram
511 877 651 907 conservet
663 876 804 907 altissimus
816 876 996 907 sanetitatern.

210 952 320 983 Datum
336 952 477 993 Wynton.
491 953 625 984 vicesimo
637 955 720 984 tertio
732 953 779 984 die
793 953 904 992 Aprilis.

176 1081 226 1113 De
250 1081 485 1112 Examinatione
507 1078 598 1124 sisper
630 1081 864 1111 Canonizatione
886 1078 1003 1113 Thomae
1024 1079 1060 1112 de
1081 1080 1234 1124 Cantilupo

614 1126 801 1173 expedienda.

19 1188 94 1223 Ann.
109 1189 150 1220 D.

40 1230 126 1269 1306.

18 1272 70 1296 An.
88 1278 130 1304 34.

235 1212 372 1245 Enerabili
391 1214 418 1244 in
437 1212 554 1244 Christo
570 1212 660 1252 Patri,
680 1212 812 1245 Domino
830 1238 835 1244 .
852 1238 860 1244 .
876 1238 882 1244 .
903 1213 961 1244 Dei
974 1212 1080 1251 gratia,
1094 1213 1234 1251 Episcopo

252 1252 411 1291 Portuensi,
429 1252 597 1291 Edwardus,
611 1252 710 1294 eadem
728 1252 832 1291 gratia,
853 1251 915 1282 Rex
935 1252 1067 1290 Angliae,
1088 1253 1148 1282 &c.
1167 1251 1234 1281 salu-

172 1298 230 1322 tem
250 1292 282 1322 &
300 1292 414 1321 sincerae
428 1290 582 1320 dilecfftionis
595 1290 737 1322 as'retstum.

213 1329 352 1360 Gioriofae.
365 1331 447 1367 vitae,
462 1329 570 1359 Sancitae
586 1331 750 1368 memoriae,
763 1329 835 1359 beati
855 1329 983 1359 Thomae
1004 1328 1040 1358 de
1063 1326 1214 1365 Cantilupo
1223 1351 1233 1366 ,

175 1368 318 1407 quondam
333 1367 463 1404 Episcopi
478 1366 685 1397 Herefordensis
703 1390 712 1405 ,
743 1368 858 1404 insignia
876 1377 910 1397 ex
937 1367 1022 1396 multa
1041 1365 1234 1404 familiaritate,

175 1417 259 1445 quam
277 1406 425 1436 nobiscum
439 1405 551 1443 habuit,
564 1404 635 1435 dum
656 1406 784 1444 vivebat,
801 1407 911 1435 coonita
932 1405 1013 1434 nobis
1029 1405 1165 1441 pleti‘ez&
1180 1406 1234 1434 mi-

172 1445 329 1476 raculorum
343 1442 582 1474 choruscationem
596 1442 779 1482 multiplicem
794 1429 858 1481 pofi
872 1441 1012 1473 deceffiim
1028 1442 1121 1482 ipsius,
1136 1444 1233 1485 ut-ejus

171 1483 306 1514 sanctitas
319 1483 399 1512 certis
414 1482 641 1519 comprobaretur
662 1482 772 1512 indiciis
793 1505 802 1520 ‚
831 1481 1014 1518 attendentes,
1033 1490 1085 1518 pro
1113 1481 1233 1520 ejusdem

173 1521 399 1552 Canonizatione
432 1520 554 1558 pluribus
570 1520 684 1551 summis
713 1520 894 1551 Pontificibus
907 1543 916 1557 ,
940 1522 1000 1558 jam
1021 1519 1157 1550 destinetis
1171 1542 1181 1558 ,
1200 1521 1233 1553 &

169 1569 247 1590 nunc
261 1559 376 1589 demum
422 1559 522 1589 omino
535 1557 644 1589 summo
658 1558 807 1597 Pontifici,
821 1560 868 1596 qui
883 1568 958 1588 nunc
974 1557 1087 1596 est,per
1102 1558 1233 1589 Nuncios

156 1599 204 1630 ,ὃς
219 1598 316 1628 litteras
336 1597 463 1635 speciales
478 1597 624 1628 recolimus
639 1597 740 1635 pluries
754 1598 894 1628 humiliter
906 1596 1076 1635 supplicasse.

207 1636 313 1675 Unde,
327 1646 395 1666 cum
409 1635 565 1673 hujusmodi
579 1634 809 1666 Canonizat'ionis
821 1636 986 1666 examinatio
997 1637 1095 1673 vobis,
1117 1635 1150 1666 ὃς
1172 1635 1234 1673 qui-

168 1674 284 1707 busdam
303 1674 360 1705 aliis
372 1675 452 1705 certis
472 1673 680 1713 Cardinalibus,
697 1675 712 1703 *a
727 1674 864 1712 praedieto
880 1674 1012 1704 Domino
1030 1673 1142 1704 summo
1156 1673 1232 1704 Pon-

169 1714 244 1745 tifice
253 1737 262 1752 ,
276 1713 345 1744 sicut
357 1714 535 1750 accepimus,
548 1713 578 1742 sit
593 1713 762 1751 commissa,
775 1714 807 1744 δε
823 1711 996 1750 potissimum
1011 1712 1101 1743 nostra
1115 1712 1232 1743 versetur

169 1753 287 1783 intentio
301 1751 377 1789 quod
391 1760 518 1788 optatum
533 1750 612 1788 super
627 1751 683 1781 hoc
697 1760 763 1781 vota
778 1751 868 1782 nostra
880 1751 1022 1781 sortiantur
1037 1750 1187 1782 effectum.

208 1790 400 1820 Patemitatem
416 1789 535 1820 vestram
546 1812 556 1827 ,
567 1789 603 1820 de
622 1800 675 1827 qua
693 1789 873 1828 confidimus,
884 1798 984 1819 attente
1003 1791 1182 1829 requirimus,
1197 1790 1230 1819 &

168 1827 320 1860 affectuose
333 1838 466 1865 rogamus
477 1851 486 1866 ,
509 1829 633 1866 quatinus
646 1830 855 1859 examinationis
876 1828 997 1866 praefatae
1009 1830 1175 1867 negotium,
1193 1828 1229 1857 de

17 1329 71 1372 Rbt.
85 1330 132 1372 cl.

19 1392 64 1419 34.
72 1387 101 1410 E.
113 1392 136 1409 i.

17 1430 57 1449 m.
67 1431 110 1457 ¹5-
125 1421 151 1448 d.

167 1877 227 1906 quo
246 1866 362 1897 felicem
384 1867 560 1904 expectamus
575 1875 724 1904 eventum,
741 1867 816 1905 juxta
835 1866 999 1897 desiderium
1017 1866 1101 1896 nostri
1124 1867 1232 1906 cordis,

169 1915 298 1944 prompta
312 1906 344 1936 &
359 1905 444 1935 celeri
457 1904 598 1943 studeatis,
614 1905 633 1934 si
648 1904 755 1944 placet,
771 1906 933 1936 executione
948 1905 1100 1943 complere.

208 1944 281 1975 Non
299 1952 393 1974 autem
408 1943 525 1981 indigne
543 1943 578 1973 ad
598 1942 679 1981 ipsius
702 1943 798 1974 Sanciti
817 1944 1036 1974 Venerarionem
1057 1954 1110 1981 pro
1128 1944 1232 1974 viribus

168 1982 374 2020 procurandam
389 1981 568 2020 inducimur,
590 1991 659 2012 cum
680 1991 731 2011 nos
751 1983 783 2013 &
810 1981 944 2020 populum
964 1981 1060 2019 Regni
1083 1981 1168 2012 nostri
1188 1983 1232 2012 in—

168 2022 228 2051 dies
239 2022 296 2059 ejus
314 2030 459 2050 cernamus
473 2018 608 2057 suffragiis
622 2020 758 2059 adjuvari,
775 2022 808 2052 &
827 2020 976 2059 praeseriim
992 2029 1132 2058 ut,quem
1148 2020 1232 2051 fami-

169 2059 266 2090 liarem
280 2060 426 2090 habuimus
439 2060 468 2089 in
484 2060 558 2090 terris
567 2081 577 2098 ,
591 2057 743 2089 Patronum
756 2061 786 2090 in
801 2060 882 2091 coelis
895 2060 984 2098 magis
999 2060 1154 2097 propitium
1172 2069 1232 2090 me-

170 2108 287 2129 reamur.
630 2116 632 2118 v

207 2175 318 2206 Datum
331 2175 472 2217 Wynton.
487 2176 624 2207 vicesimo
635 2177 715 2208 tertio
728 2176 773 2207 die
788 2175 899 2214 Aprilis.

442 2302 500 2336 Ad
518 2307 632 2350 Papam
645 2328 657 2346 ,
683 2301 954 2336 commendatoria.

20 2394 94 2427 Am,
110 2393 150 2426 D,
219 2388 390 2419 Aneiiffimo
411 2389 441 2418 in
463 2387 577 2418 Christo
598 2387 690 2425 Patri,
713 2387 846 2418 Domino
871 2386 907 2418 C.
932 2387 1027 2418 divine
1042 2384 1234 2427 providentia,

46 2436 131 2474 1306.
176 2462 179 2463 ⁷
218 2428 407 2458 Sacrosanc'sstae
421 2450 431 2466 ,
455 2438 488 2457 ac
501 2426 656 2457 universalis
676 2425 808 2456 Ecclesiae
821 2425 934 2455 summo
948 2425 1098 2465 Pontifici,
1116 2427 1234 2458 Edwar-

17 2476 70 2501 An.
87 2483 132 2509 34.
167 2466 233 2503 dus,
251 2465 352 2496 eadem
368 2464 470 2504 gratia,
487 2464 549 2495 Rex
566 2465 695 2503 Angli-ae,
713 2465 774 2494 &c.
793 2463 893 2494 devota
908 2463 1013 2501 pedum
1032 2464 1124 2496 oscula
1137 2466 1233 2496 beato·-

18 2515 49 2538 E.
75 2521 96 2539 ι.
170 2513 240 2535 rum·

17 2553 73 2577 Rot.
88 2551 128 2577 Cl.
210 2540 286 2581 Qia
307 2541 407 2583 domus
428 2542 461 2572 &
480 2540 604 2572 aedeficia
616 2539 754 2572 Prioratsis
764 2540 800 2570 de
813 2539 951 2580 Pontous,
969 2549 1095 2579 tempore
1108 2552 1233 2581 guerrae,

20 2597 66 2623 34,
84 2593 114 2616 Ε,
130 2598 150 2617 1,
169 2581 242 2611 inter
263 2580 375 2617 Regem
396 2580 520 2610 Franciae
543 2582 575 2611 &c
591 2590 642 2610 nos
657 2582 685 2610 in
700 2579 837 2610 Vasconia
850 2585 936 2616 nuper
948 2587 1051 2618 motae,
1068 2580 1232 2619 combusta,

19 2635 56 2654 m.
69 2636 77 2653 1
83 2636 109 2663 5,
122 2628 144 2656 A,
165 2618 397 2657 possessionesque
411 2618 551 2649 prioratus
562 2618 685 2657 ejusdem
699 2617 845 2648 destructe
860 2617 968 2648 fuerunt
982 2619 1104 2649 similiter
1119 2621 1152 2650 δε
1161 2630 1230 2649 con-

165 2657 298 2695 sumptae:
319 2657 363 2688 Ac
380 2657 495 2687 dilectus
511 2656 672 2695 Capellanus
680 2656 788 2694 noster,
806 2656 885 2686 frater
895 2656 1045 2696 Arnaldus,
1064 2656 1143 2687 Prior
1152 2657 1231 2687 Prio-

168 2695 243 2726 ratsis
263 2695 405 2734 praediCti,
450 2706 483 2725 ro
498 2706 534 2725 eo
553 2696 628 2733 quod
644 2696 712 2733 parti
724 2694 825 2725 nosttae
839 2694 952 2725 fideliter
967 2696 1093 2735 adhaesit,
1111 2696 1232 2734 dampna

168 2736 275 2771 recepit
289 2745 349 2764 non
363 2745 414 2764 mo
436 2736 479 2764 ica
493 2735 524 2764 &
535 2735 666 2772 jacturas:

209 2773 275 2803 Nos
293 2772 383 2810 ipsum
405 2772 546 2811 Priorem,
569 2772 619 2802 suis
632 2772 805 2809 exigentibus
817 2773 935 2809 meritis,
953 2774 1094 2811 cupientes
1105 2772 1232 2812 prosequi

169 2811 306 2849 gratiose,
331 2810 429 2841 vestrae
450 2811 607 2842 clementiae
625 2810 733 2841 devotis
748 2811 874 2848 precibus
887 2810 1088 2849 supplicamus,
1107 2813 1232 2850 quatinus

169 2850 262 2880 eidem
283 2849 371 2879 Priori
391 2849 427 2879 de
447 2849 540 2887 aliquo
561 2849 699 2880 beneficio
721 2851 911 2889 competenti,
931 2850 1006 2887 juxta
1022 2850 1123 2881 statum
1136 2850 1232 2888 suum,

169 2890 200 2918 in
216 2889 336 2926 partibus
349 2887 512 2926 Vasconiae,
532 2888 577 2918 vel
589 2888 668 2927 alibi,
686 2888 732 2919 ubi
747 2888 844 2918 vestrae
858 2888 990 2926 placuerit
1003 2888 1153 2927 sanetum,
1167 2899 1232 2927 pro-

170 2927 264 2957 videte
278 2926 409 2964 dignetur
423 2926 510 2957 vestra
524 2927 683 2957 dominatio
697 2926 825 2964 gratiosa3

208 2964 266 2995 Has
287 2975 381 3002 preces
402 2963 506 2995 nostras
527 2966 581 3003 sic,
605 2966 624 2996 si
644 2966 732 3004 placet
773 2964 853 2995 Pater
871 2964 987 3004 Sandta,
1004 2965 1039 2995 ad
1052 2966 1233 2996 exauditionis

171 3005 291 3040 gratiam
311 3003 484 3033 admittentes
498 3027 507 3041 ,
531 3003 607 3042 quod
625 3004 715 3035 dietus
736 2988 828 3041 l’rior,
845 3012 976 3041 praetexm
989 3003 1074 3034 fidelis
1086 3003 1180 3042 gestus
1194 3004 1232 3035 sui

170 3051 238 3079 erga
265 3051 316 3071 nos
336 3063 345 3079 ,
376 3041 514 3079 bonaeque
538 3041 695 3073 affectionis
717 3052 798 3080 quam
820 3043 853 3072 ad
875 3052 926 3072 nos
947 3044 1040 3080 gerit,
1064 3043 1232 3081 ampliorem

171 3081 290 3117 gratiam
315 3079 349 3110 &
372 3079 500 3110 favorem
523 3080 552 3110 in
578 3080 666 3112 vestra
688 3081 778 3112 saneta
801 3080 940 3119 praesentia
962 3080 990 3112 se
1014 3080 1109 3112 sentiat
1128 3080 1234 3113 assecu-

171 3127 242 3150 tum.

210 3155 383 3195 conservet,
399 3157 459 3188 &c.

208 3233 315 3265 Datum
329 3234 401 3273 apud
416 3233 602 3277 Wolveseye,
619 3244 668 3274 27.
686 3230 732 3267 die
745 3237 856 3275 Aprilis.

174 3358 282 3400 Bulla,
318 3358 354 3392 de
375 3359 495 3393 damnis
512 3359 679 3406 ficundum
697 3361 836 3405 fhrmam
859 3368 942 3409 pacis
969 3368 1045 3397 inter
1068 3366 1182 3413 Anglii:
1197 3367 1234 3404 &⁵

358 3410 490 3441 Franciae
516 3413 607 3456 Rogas
626 3409 816 3443 emendandis
833 3438 843 3454 ‚
869 3411 1046 3447 hortatoria.

24 3497 98 3529 Αῃῃ,
113 3497 153 3529 D,
178 3492 234 3554 C
244 3490 364 3536 Lemens
385 3491 553 3561 Episcqpus,
573 3493 662 3538 servus
675 3493 818 3540 servorum
832 3495 906 3536 Dei,
923 3499 1063 3529 carissimo
1078 3499 1107 3529 in
1123 3498 1235 3530 Christo

44 3537 130 3576 1306·
213 3529 316 3598 dgio,
332 3529 462 3561 Edvardo
503 3541 552 3569 egi
568 3533 680 3570 Angliae
690 3533 798 3572 illustri,
815 3533 925 3567 salutem
940 3539 973 3568 ὃς
987 3537 1178 3576 Apostolicam
1186 3538 1236 3568 be-

22 3579 75 3603 An.
131 3598 137 3605 ,
177 3577 212 3597 ne
232 3577 240 3597 i
273 3578 379 3599 ionem.

24 3619 54 3642 13.
69 3586 152 3643 μῖνος,
213 3604 288 3637 Inter
302 3612 418 3651 caeteros
433 3604 514 3638 studii
528 3607 617 3638 nostri
629 3608 753 3648 labores,
771 3611 791 3630 *⁵
809 3611 908 3650 quibus
923 3614 1050 3652 iiijunClo
1064 3613 1146 3645 nobis
1158 3614 1236 3652 Apo-

23 3652 66 3679 ει,
93 3662 136 3690 34,
177 3643 291 3675 stolatsis
298 3644 399 3689 officio
405 3642 508 3677 affidue
522 3656 618 3677 vacare
631 3649 842 3689 compellimur,
857 3651 902 3681 ille
914 3651 1039 3684 intimior
1055 3653 1150 3684 insidet
1158 3653 1237 3683 coi-di

23 3694 54 3718 E.
79 3700 88 3717 ι
176 3683 288 3722 nostro,
312 3691 341 3714 ut
357 3692 428 3728 inter
439 3692 483 3723 te,
500 3683 538 3715 fiii
553 3685 727 3725 praedilecte,
744 3688 777 3718 &
790 3688 962 3721 carissimum
975 3693 1004 3721 i'n
1019 3691 1135 3722 Christo
1149 3691 1237 3722 filium

32 3738 58 3755 m
69 3729 138 3756 1241,
176 3722 305 3765 nostrum
324 3721 488 3761 Philippum
503 3722 616 3760 Regem
631 3724 802 3755 Francorum
817 3726 946 3758 illustrem
962 3729 1008 3767 (de
1044 3741 1143 3761 uorum
1156 3741 1238 3762 vexa—

20 3765 159 3803 *11,994,
176 3767 252 3790 tione
273 3760 400 3791 Romana
420 3760 512 3791 Mater
532 3761 697 3799 ingemescit
714 3763 834 3794 Ecclesia
869 3767 903 3796 &
916 3768 1016 3798 unitate
1039 3769 1144 3806 iet-itur)
1159 3779 1192 3799 ac
1207 3781 1238 3800 u-

176 3798 296 3843 triusque
305 3830 308 3834 ,
317 3798 440 3830 vestrum
461 3799 582 3830 subditos
596 3801 678 3837 (inter
691 3811 758 3839 quos
772 3802 816 3832 ille
831 3788 870 3834 sier
890 3815 951 3844 ens,
968 3808 1092 3846 antiquus
1103 3807 1171 3838 sator
1183 3807 1238 3838 dis-

176 3836 298 3880 cordiae,
343 3839 397 3868 acis
411 3837 542 3876 aemulus,
558 3838 591 3869 ὃ(
604 3838 664 3869 odii
677 3839 822 3870 seminator
869 3853 980 3880 omenta
995 3847 1113 3877 zizaniae
1127 3857 1175 3885 per
1191 3857 1239 3877 ca-

174 3872 282 3917 liditatis
359 3878 442 3914 tiam,
459 3886 517 3907 non
533 3877 604 3914 sine,
621 3888 689 3908 cum
704 3865 886 3911 amaritudine
899 3885 1133 3923 rememorandis,
1149 3895 1238 3921 angu-

174 3910 231 3941 stus
250 3912 421 3952 subnutrivit)
446 3916 522 3954 pacis
540 3915 706 3954 reformetur
725 3925 785 3947 tran
807 3918 909 3957 uilitas,
932 3917 1090 3954 animorum
1112 3923 1238 3954 identitas

174 3949 342 3993 perseveret,
362 3953 417 3991 ¹&,
440 3961 470 3984 ut
479 3963 529 3983 nos
542 3954 574 3984 &
588 3954 642 3992 ipsa
655 3955 782 3985 obtamus
821 3957 934 3997 cclesia,
950 3960 1096 3992 vinculum
1107 3961 1238 3993 dileetio-

176 3997 218 4017 nis
230 3995 361 4033 internae,
378 4000 407 4022 ut
419 3991 500 4023 decet
514 3993 547 4022 &
561 3995 709 4031 convenit,
726 3993 859 4025 solidetur.
1239 4004 1242 4007 ’

203 4024 286 4070 ¹Sane
304 4035 374 4058 inter
391 4038 418 4060 te
437 4031 471 4062 &
491 4031 580 4069 ipsum
601 4032 629 4061 in
648 4033 721 4070 pacis
735 4033 848 4064 tracitatu
859 4035 948 4066 extitit
961 4058 972 4074 ‚
994 4043 1024 4068 ut
1036 4037 1151 4077 dicitur,
1169 4040 1238 4070 inter

175 4064 448 4136 alianffnforgatplm
465 4092 475 4107 ,
499 4069 575 4108 quod
596 4069 784 4109 dampnorum
803 4071 837 4103 &
857 4074 1002 4111 gravamin'
1003 4085 1069 4115 um,
1091 4082 1180 4117 pace,
1195 4079 1240 4110 seii

1331 193 1911 247 PUBLICA.
2286 224 2332 262 51

1278 268 1376 306 treuga
1391 265 1481 298 secuta
1496 269 1544 315 vel
1559 272 1682 317 indicia,
1706 275 1819 308 durante
1839 277 1907 309 hinc
1923 278 1988 310 inde
2004 281 2040 310 ab
2053 279 2200 314 alterutrius
2213 283 2337 315 vestrum

1280 303 1409 346 gentibus
1422 305 1454 335 &
1468 307 1579 339 subditis
1591 321 1774 349 irrogatorum
1788 317 2020 356 quomodolibet,-
2037 319 2070 350 &
2087 322 2171 351 etiam
2186 321 2321 353 illatorum
2357 307 2431 339 Ann‘
2446 307 2488 340 D'

1277 337 1414 370 sssffiClens
1425 345 1594 380 Pi‘aestaretur
1605 352 1729 381 emenda.
2328 346 2339 362 ⁹
2377 347 2461 390 ¹3⁰⁶?

1276 412 1293 441 s
1316 376 1351 407 Et
1365 381 1474 425 tandem
1482 406 1493 421 ,
1508 386 1613 427 ¹eodem
1626 387 1708 425 Rege
1721 391 1754 420 &
1768 392 1820 421 tuis
1832 391 1954 424 Nunciis
1964 394 2114 433 Lugduni,
2130 397 2259 428 innostra
2267 407 2338 436 prae—
2358 387 2423 412 ἢν
2445 394 2479 411 ’“’

1287 423 1359 445 entia
1373 419 1526 463 constitutis
1534 445 1543 460 ,
1562 431 1608 468 ut,
1626 427 1701 463 quod
1715 428 1751 458 de
1764 429 1944 462 satisfactione
1957 433 2112 471 hujusmodi
2125 434 2212 465 fuerat
2225 439 2338 467 ordina-

1275 459 1335 494 tum
1343 476 1353 491 ,
1370 456 1521 502 pleniorem
1533 461 1669 493 sortiretur
1681 464 1815 496 cffectum
1825 491 1833 505 ,
1850 470 2023 507 adjunximus
2035 479 2064 502 ut
2079 482 2193 510 quatuor
2205 475 2287 511 probi
2293 476 2337 505 vi-

1275 500 1297 518 11
1308 492 1414 546 ‚(d}10*,
1436 496 1557 544 scilicet,
1582 511 1633 546 pro
1648 512 1721 539 parte
1742 506 1870 543 qualibet)
1887 508 2096 548 deputarentur,
2113 512 2161 548 qui
2174 512 2253 549 super
2264 522 2335 550 prae-

1273 530 1371 582 triiffis,
1392 542 1519 575 inquiiita
1538 537 1644 574 plenius
1664 543 1790 579 veritate,
1816 544 1935 576 facerent
1953 546 2031 584 paffis
2044 548 2167 586 dampna
2179 550 2336 588 &injurias

1271 565 1487 634 sanstfacsstionem
1504 584 1660 619 congruam
1668 579 1756 616 ,juxta
1763 581 1919 617 qualitatem
1933 587 2057 624 negotii,
2073 587 2203 618 exhiberi.

1342 616 1440 647 erum,
1457 610 1522 656 licet
1538 613 1619 652 haec,
1637 618 1705 659 sicut
1715 620 1891 654 praemittitur
1926 621 2024 653 fuerint
2040 624 2162 655 ordinata
2176 648 2185 663 ,
2204 636 2265 664 quae
2279 626 2330 657 de⁴

1273 641 1391 688 buerunt
1409 655 1516 683 penitus
1530 651 1682 695 observari,
1700 663 1809 694 tamen,
1828 642 1909 694 quod>
1920 668 1970 688 nos
1983 663 2063 697 cogit
2078 664 2270 694 vehementius
2282 665 2331 695 ad*

1273 689 1379 726 mirari,
1395 686 1543 732 postquam
1562 690 1649 734 iidern
1663 691 1774 723 Nuncii
1788 694 1919 731 Lugdun.
1938 697 2034 727 nostro
2047 699 2072 729 se
2084 702 2247 739 conspeffimi
2262 713 2333 740 prae-

1272 717 1367 750 sentari
1381 744 1390 759 ,
1407 722 1485 767 &sssf
1500 736 1532 756 iis
1544 727 1627 772 aliqui
1641 730 1656 759 a
1670 731 1751 761 nobis
1765 734 1848 762 etiarn
1857 733 2036 774 recesserunt,
2052 738 2126 768 bona
2133 740 2332 778 quamplurima

1272 757 1383 789 arestata
1396 782 1406 797 ,
1428 766 1508 807 saisita
1528 770 1713 798 mercimonia
1725 792 1735 807 ,
1757 770 1790 800 &
1813 770 1934 809 dampna
1952 782 2010 802 non
2024 776 2138 806 modica
2188 788 2200 807 r
2218 787 2333 815 gentem

1273 802 1349 825 tuam
1376 801 1513 845 nonnullis
1534 802 1653 836 Civibus
1671 807 1900 840 Anibianensibus
1914 834 1924 848 ,
1948 812 2105 849 caeterisque
2166 817 2334 847 creatoribus

1273 831 1402 888 Corbuze
1412 859 1422 874 ,
1440 849 1472 868 ac
1491 840 1595 871 illarum
1607 844 1640 873 ὃ(
1655 844 1768 889 aliarum
1785 849 1902 884 partium
1924 847 2020 886 Regni
2043 850 2096 888 sui,
2113 852 2332 885 ordinationibus

1273 874 1415 907 praemiffis
1435 886 1608 924 nequaquam
1622 881 1808 922 obstantibus,
1823 885 1892 916 illata
1912 886 2056 918 dicuntur:
2082 890 2115 920 ὃ(
2133 890 2334 922 nichilominus

1273 919 1389 954 unus'ex
1402 920 1468 956 tuis,
1485 916 1520 960 de
1534 918 1615 962 distis
1629 928 1757 959 quatuor,
1776 923 1824 960 qui
1835 932 1901 953 tunc
1924 926 1951 954 in
1966 925 2061 956 nostra
2071 926 2176 958 fuerant
2192 930 2332 965 prasentia

1273 956 1424 994 nominati,
1441 953 1521 984 electi
1535 955 1567 985 8(
1580 965 1665 1000 etiarn
1678 958 1813 998 deputati,
1832 963 1946 998 negotio
1960 964 2144 1004 imperfecto,
2161 966 2287 998 discessit.

1309 985 1388 1030 Cum
1403 998 1510 1033 itaque,
1528 992 1564 1037 sili
1581 995 1733 1037 cariffime,
1752 1007 1786 1027 ex
1800 999 1941 1036 praemissis
1960 1002 1990 1038 (si
2005 1004 2117 1034 veritate
2132 1006 2260 1042 nitantur)
2272 1015 2331 1036 tan-

1272 1031 1298 1054 ta
1320 1035 1430 1069 majoris
1445 1031 1603 1074 turbationis
1614 1036 1758 1064 materiam
1773 1036 1937 1075 habeamus,
1955 1050 2028 1077 quo,
2045 1042 2094 1071 nisi
2107 1044 2146 1072 eis
2160 1043 2254 1073 celeris
2267 1054 2333 1074 cor-

1270 1062 1545 1138 ²rtelsergorglixilsmrennead10
1560 1079 1736 1111 occurratur,
1753 1074 1862 1111 possent
1875 1076 1966 1105 timeri
1975 1079 2094 1114 pericula
2110 1082 2209 1111 exinde
2217 1091 2332 1119 praetei‘-

1427 1114 1470 1144 ra,

1308 1138 1509 1188 Celsitudinem
1522 1152 1598 1176 tuam
1606 1152 1736 1185 rogamus
1743 1152 1868 1182 attentius
1875 1174 1885 1190 ,
1902 1151 1935 1182 ὃς
1943 1152 2081 1185 hortamur
2090 1157 2118 1185 in
2128 1156 2332 1196 DominoJehu

1272 1176 1388 1209 Christo
1400 1203 1411 1218 ,
1423 1190 1559 1227 'quatinus
1580 1185 1654 1216 bona
1674 1188 1707 1217 &
1728 1190 1931 1228 mercimonia,
1955 1191 1991 1221 sic
2007 1192 2116 1222 atestata
2132 1203 2212 1232 atque
2227 1195 2306 1226 saisita
2321 1217 2332 1234 ‚

1272 1217 1431 1262 exarresl'ari
1450 1220 1483 1250 &
1505 1221 1625 1266 dissaisiri
1644 1226 1755 1262 jubeas:
1781 1238 1813 1257 ac
1828 1228 1863 1258 de
1876 1228 2032 1266 hujusmodi
2047 1230 2172 1268 dampnis
2183 1234 2215 1262 ὃ(
2231 1235 2334 1273 injuriis

1272 1255 1393 1300 personis
1407 1257 1509 1288 eisdem
1523 1260 1607 1304 facias
1618 1262 1830 1295 satisfactionem
1846 1265 1996 1304 plenariam
2004 1268 2144 1307 exhiberi,
2160 1271 2333 1310 eundemque

1273 1304 1337 1332 qui,
1362 1298 1429 1326 sicut
1442 1297 1617 1339 praedicitur,
1636 1301 1651 1330 a
1665 1302 1855 1339 prosecutione
1870 1305 2071 1342 praedffltorum
2086 1307 2220 1346 discessit,
2239 1312 2334 1340 remit-

1272 1340 1309 1362 tas
1327 1332 1361 1362 ad
1382 1333 1495 1378 locum,
1518 1337 1632 1380 &cum
1645 1340 1701 1369 aliis
1714 1341 1857 1381 diligenter
1872 1345 1900 1373 in
1915 1344 2058 1380 prael‘niffis
2073 1345 2214 1384 intendat,
2230 1348 2262 1378 ἃ
2273 1347 2335 1386 illa,

1271 1369 1400 1401 submoto
1413 1372 1579 1418 difficultatis
1592 1377 1750 1417 obstaculo,
1768 1381 1950 1419 prosequatur.

1308 1409 1429 1454 Attende
1442 1421 1538 1452 igitur,
1557 1414 1594 1444 fili
1609 1416 1786 1457 praediieete,
1805 1420 1855 1457 &,
1874 1421 1949 1457 pacis
1963 1429 2081 1459 amator,
2099 1422 2225 1460 inspicias
2238 1423 2334 1463 quod,

1272 1447 1291 1476 si
1308 1449 1511 1495 praemiffa,'ad
1525 1463 1587 1490 quae
1600 1462 1626 1483 te
1640 1455 1799 1495 hortamur,
1819 1458 2025 1498 percompleas,
2043 1460 2185 1498 multiplex
2200 1462 2264 1492 inde
2279 1463 2332 1492 bo-

1271 1493 1340 1515 num
1360 1496 1504 1524 proveniet
1514 1500 1523 1534 ,ε
1536 1491 1582 1535 .&
1602 1491 1638 1522 de
1660 1497 1819 1534 contrario,
1844 1496 1919 1534 quod
1940 1497 2022 1536 absit,
2040 1498 2128 1535 posset
2144 1500 2333 1532 inextimabile

1271 1523 1428 1556 scandalum
1444 1537 1557 1559 exoriri:

1310 1563 1458 1603 Quodque
1477 1575 1522 1611 tu,
1547 1577 1644 1605 praeter
1656 1569 1786 1602 divinum
1800 1574 1949 1610 praemium
1957 1597 1968 1612 ,
1985 1574 2176 1613 gratificaberis
2190 1575 2331 1607 Romanae

1274 1600 1407 1646 Ecclesiae
1423 1604 1508 1635 Matri
1516 1614 1585 1650 tuce,
1595 1608 1685 1639 &nos
1696 1610 1754 1648 (qui
1763 1619 1790 1640 te
1798 1611 1946 1650 &Regem
1954 1613 2073 1643 eundem
2091 1615 2120 1642 in
2136 1615 2211 1651 pacis
2225 1614 2332 1645 habun-

1269 1639 1360 1683 dantia
1368 1642 1544 1674 ambulare&
1550 1655 1642 1675 Vivere
1648 1649 1790 1687 cupimus,
1805 1651 1906 1688 quique
1914 1651 1994 1680 etiam
2008 1652 2037 1680 in
2044 1652 2094 1681 tuis
2102 1652 2235 1690 prosperis
2249 1654 2282 1684 &
2290 1653 2332 1684 fe·

1270 1677 1369 1709 licibus
1382 1679 1546 1713 successibus
1560 1684 1595 1721 ab
1608 1685 1713 1716 intimis
1721 1687 1898 1726 gratulamur)
1908 1691 1979 1720 votis
1991 1691 2042 1720 tuis
2057 1689 2172 1720 stucTtius
2184 1692 2330 1729 obligabis.

1311 1754 1377 1786 Dat.
1403 1755 1563 1796 Petragoris
1589 1770 1616 1791 2.
1635 1760 1696 1792 Kal.
1716 1762 1811 1803 Maii,
1836 1763 2016 1797 Pontificaifis
2029 1765 2117 1797 nostri
2135 1777 2208 1798 anno
2226 1768 2332 1806 primo.-

1957 1842 2012 1872 Sub
2018 1842 2071 1885 filo
2088 1843 2210 1874 canabeo.

1318 1959 1377 1995 Ad
1391 1965 1504 2009 Papam
1521 1968 1557 2003 ὠ*
1580 1962 1771 2050 Οανάὶηαῖἵη
1785 1996 1794 2010 ‚
1823 1980 1876 2050 pZo
1897 1968 1984 2004 Bald.
2008 1972 2120 2003 Fratre
2141 1972 2224 2003 Com.
2249 1969 2285 2003 de

1754 2029 1837 2050 neem
1860 2042 1868 2052 .

1271 2094 1412 2163 PApae,
1430 2097 1492 2129 Rex
1507 2098 1606 2131 devota
1621 2100 1724 2139 pedum
1736 2102 1827 2135 oscula
1839 2104 1995 2136 beatorum.
2353 2098 2430 2129 Ann-
2446 2098 2486 2130 D·

1337 2174 1341 2178 ι
1354 2135 1460 2166 Comes
1481 2137 1517 2168 de
1531 2139 1740 2183 'Isucenburgh
1757 2142 1905 2180 specialiter
1919 2154 1970 2174 nos
1985 2146 2111 2182 rogavit,
2129 2153 2158 2175 ut
2174 2144 2250 2183 super
2265 2153 2331 2182 pro-
2380 2139 2463 2178 1306*

1273 2181 1399 2218 motione
1416 2174 1569 2207 Baldewmi
1581 2178 1668 2209 fratris
1680 2180 1735 2218 sui,
1753 2181 1867 2212 Militiae
1880 2180 2011 2213 Clericali
2026 2182 2152 2221 ascripti,
2167 2183 2332 2214 Beatitudini
2351 2180 2404 2205 Aa.
2422 2187 2467 2214 34·

1273 2211 1369 2242 vestrae
1380 2213 1477 2256 litteras
1490 2214 1592 2259 nostras
1604 2217 1804 2254 deprecatorias
1817 2219 1938 2256 dirigere
1952 2231 2120 2251 curaremus:
2351 2218 2379 2243 E.
2404 2225 2425 2243 ¹·

1307 2250 1372 2280 Nos
1387 2258 1492 2295 itaque,
1518 2263 1595 2299 circa.
1606 2256 1685 2293 ipsius
1697 2256 1729 2287 Β.
1748 2258 1904 2288 commoda
1917 2258 2110 2296 promovenda
2124 2259 2250 2290 licentius
2262 2269 2333 2290 con·
2354 2257 2409 2280 ¹³⁰²·
2428 2253 2467 2281 Cl.
2485 2295 2489 2298 ,

1273 2289 1454 2333 templatione
1469 2292 1597 2336 praediea
1608 2293 1712 2334 yestrae
1727 2296 1854 2326 attentius
1868 2295 2070 2335 supplicamus,
2087 2299 2211 2335 quatinus
2225 2298 2334 2328 dietum
2360 2301 2402 2328 34-
2418 2297 2447 2320 E.
2464 2301 2488 2324 ¹·

1274 2325 1304 2356 B.
1322 2326 1425 2370 favoris
1446 2329 1479 2359 &
1492 2339 1587 2374 gratiae
1600 2333 1720 2369 ipecialis
1733 2334 1917 2365 benivolentia
1930 2335 2138 2373 prosequentes,
2156 2336 2194 2366 sic
2209 2346 2274 2366 eum
2289 2336 2339 2366 ha·
2359 2340 2393 2359 '⁷'-
2405 2340 2447 2367 15·
2461 2332 2487 2359 d·

1273 2364 1353 2408 bere,
1371 2369 1390 2395 si
1405 2365 1509 2411 placet,
1527 2368 1683 2406 dignemini
1698 2373 1726 2401 in
1741 2373 1809 2410 hiis,
1827 2383 1890 2410 quae
1906 2373 2005 2404 statum
2013 2374 2092 2403 suum
2099 2373 2260 2412 respiciunt,
2272 2383 2344 2411 gra-

1271 2403 1745 2448 tiosisaffechbuscommendatum,
1765 2413 1858 2448 quod,
1872 2421 1991 2448 precum
1998 2411 2154 2450 hujusmodi
2161 2412 2334 2452 interventu,

1272 2441 1429 2472 uberiorem
1444 2443 1565 2474 fructum
1577 2446 1604 2476 se
1616 2448 1733 2484 gaudeat
1749 2447 1908 2479 assecutum.

1309 2479 1480 2521 conservet,
1497 2483 1558 2514 &c.

1306 2556 1374 2589 Dat.
1390 2559 1463 2597 apud
1478 2561 1520 2591 W
1521 2570 1616 2603 ynton.
1636 2573 1661 2604 3.
1678 2564 1724 2595 die
1738 2564 1829 2604 Maii,
1845 2575 1920 2597 anno
1934 2564 2034 2604 Regni
2048 2565 2150 2606 nostri,
2167 2566 2228 2597 &C-

1271 2633 1290 2652 ²*
1377 2635 1515 2680 Enerabili
1531 2640 1561 2668 in
1577 2638 1690 2671 Christo
1703 2640 1775 2672 Patri
1789 2641 1920 2672 Domino
1935 2641 1972 2672 R.
1990 2642 2101 2673 SanCtae
2116 2641 2218 2673 Mariae
2233 2641 2334 2673 Novae
2354 2629 2489 2664 *¹1³⁹*

1330 2711 1350 2719 ,Α
1392 2674 1526 2707 Diacono
1535 2677 1675 2709 Cardinali
1684 2702 1694 2717 ,
1705 2680 1812 2710 Amico
1824 2680 1871 2710 fiio
1880 2680 2037 2720 karissimo,
2055 2680 2222 2719 Edwardus,
2236 2681 2335 2712 eadem
2356 2668 2430 2700 Arm·
2446 2669 2488 2702 D·

1270 2719 1371 2755 gratia,
1389 2712 1505 2759 sali-item¹
1515 2716 1548 2747 &
1562 2716 1674 2747 sincerae
1687 2718 1843 2749 dilefflonis
1858 2717 2000 2750 asscitum.
2370 2708 2470 2747 -1306'

1306 2748 1391 2781 Circa
1412 2752 1508 2784 dilecti
1529 2754 1610 2785 nobis
1632 2755 1781 2787 Baldewini
1802 2756 1890 2787 fratris
1910 2757 2025 2788 Nobilis
2037 2757 2145 2790 Viri...
2166 2756 2288 2788 Comitis
2300 2757 2337 2789 de
2357 2749 2423 2776 Edv.
2436 2754 2460 2774 ¹⁵

1272 2787 1471 2831 Lucenburgh.
1480 2792 1595 2823 Miiiriae
1608 2792 1740 2825 Clericali
1750 2794 1857 2833 ascripti
1872 2796 2025 2826 commoda
2038 2797 2232 2834 promovenda
2247 2797 2335 2827 licen-

1271 2834 1322 2856 tius
1344 2831 1578 2868 contemplatione
1599 2832 1669 2862 dieti
1690 2832 1810 2863 Comitis
1831 2833 2020 2872 intendentes,
2052 2844 2104 2872 pro
2121 2836 2181 2872 ipso
2203 2834 2336 2865 Domino

1271 2863 1383 2897 summo
1404 2866 1538 2900 Pontifici
1558 2870 1658 2900 litteras
1681 2870 1784 2901 nostras
1807 2871 2005 2909 deprecatorias
2021 2871 2149 2903 duximus
2162 2872 2318 2910 dirigendas

1308 2902 1502 2948 Paternitatetn
1525 2907 1642 2939 vestram
1661 2907 1808 2940 affetffmose
1827 2918 1953 2947 rogantes
1972 2911 2096 2948 quatinus
2119 2911 2286 2949 praedidtum
2306 2895 2339 2942 ff.
2379 2919 2383 2922 ”

1272 2941 1357 2972 nostri
1387 2953 1510 2982 precatus
1538 2948 1691 2977 interventu
1711 2947 1839 2978 habentes
1863 2948 2001 2985 gratiosius
2022 2949 2252 2979 commendatum
2267 2972 2276 2987 ,
2300 2948 2336 2979 ad

1271 2984 1480 3025 promotionem
1494 2984 1640 3015 utilitatum
1654 2985 1733 3023 ipsius
1745 2995 1810 3023 erga
1821 2985 1930 3016 didrum
1946 2986 2086 3017 summum
2095 2986 2262 3018 Pontificem
2268 2987 2333 3018 darc'

1272 3019 1378 3063 velitis,
1405 3021 1424 3051 si
1438 3021 1545 3060 placet,
1561 3033 1647 3060 opem
1660 3025 1693 3055 &
1707 3034 1824 3062 operam
1839 3023 1984 3063 efficaces,
2001 3026 2036 3054 ita
2054 3025 2146 3064 quod,
2164 3025 2256 3056 vestro
2272 3033 2334 3055 me*

1271 3055 1509 3102 drame-subsidio,
1526 3061 1660 3098 speratum
1676 3062 1799 3092 frustum
1816 3062 1864 3092 sibi
1878 3062 1971 3093 sentiat
1984 3063 2158 3103 provenisse,
2175 3064 2208 3095 ὃς
2221 3073 2333 3099 nosvoe

1273 3097 1315 3127 bis
1328 3097 1426 3128 exinde
1440 3107 1580 3130 teneamur
1593 3099 1627 3129 ad
1642 3102 1791 3137 grati-arum
1806 3102 1900 3132 uberes
1915 3101 2045 3133 actiones.

1313 3173 1380 3206 Dat.
1396 3176 1468 3214 apud
1482 3175 1619 3217 Wynton.
1639 3182 1666 3216 3.
1683 3175 1730 3207 die·
1742 3176 1825 3208 Maii.

1460 3302 1568 3343 Bulla,
1592 3300 1627 3334 de
1648 3303 1766 3334 Nuncio
1787 3302 1832 3335 ad
1850 3306 1958 3351 Regem
1975 3302 2153 3347 destinando.

1277 3388 1334 3450 C
1344 3387 1464 3418 Lemens
1478 3386 1645 3425 Episcopus,
1662 3386 1752 3418 servus
1766 3384 1906 3419 servorum
1922 3382 1996 3427 Dei,
2020 3388 2159 3419 carissimo
2172 3388 2200 3417 in
2217 3385 2333 3418 Christo

1274 3465 1294 3494 b
1331 3426 1409 3495 e(sliliso
1434 3425 1590 3462 Edwardo,
1614 3425 1691 3464 Regi
1711 3426 1824 3464 Angliae
1837 3427 1948 3466 illustri,
1966 3427 2077 3458 salutem
2091 3427 2124 3456 &
2139 3424 2331 3463 Apostolicam

1295 3475 1329 3495 en
1365 3467 1509 3495 ictionem.

1314 3501 1536 3541 Magnificentiae
1552 3510 1605 3533 tuae
1617 3499 1756 3534 Vaneetos
1789 3503 1883 3533 latores
1898 3502 2087 3543 praesentiurri‚
2106 3503 2140 3533 &
2155 3502 2254 3533 litteras
2267 3512 2329 3533 cre-
2351 3489 2403 3512 An.
2420 3495 2465 3521 34·

1275 3541 1393 3580 dentiae,
1419 3552 1481 3580 quas
1501 3541 1581 3584 nobis
1595 3551 1646 3578 pro
1659 3550 1734 3578 parte
1745 3526 1839 3579 liegii
1851 3542 2011 3580 attulerunt,
2028 3540 2147 3580 benigne
2161 3542 2333 3580 recepimus,
2350 3528 2394 3589 {x
2405 3533 2428 3551 ¹·

1276 3581 1446 3618 audivimus,
1464 3581 1495 3610 &
1509 3579 1630 3609 Vidimus
1645 3580 1799 3617 diligenter.
2351 3603 2379 3628 A
2458 3602 2461 3605 ,

1313 3619 1426 3649 Tenore
1440 3615 1616 3656 praesentium
1628 3617 1788 3649 Celsitudini
1802 3617 1904 3655 Regiae
1919 3617 2124 3656 respondenteS‚
2142 3616 2217 3655 quod
2230 3617 2334 3648 adRe·
2377 3607 2461 3636 '‘¹⁹²'‘-

1278 3657 1368 3692 galem
1389 3656 1558 3695 praesentiam
1574 3655 1723 3686 Nuncium
1738 3658 1880 3694 proprium
1892 3655 2102 3693 destinabimus,
2120 3656 2168 3693 qui
2183 3655 2260 3694 super
2273 3656 2333 3686 fac·

1277 3703 1307 3724 to
1324 3696 1440 3726 Roberti
1457 3694 1666 3731 Archiepiscopi
1688 3693 1904 3733 Cantuariensis,
1927 3694 1961 3724 &
1975 3694 2093 3724 Roberti
2105 3692 2237 3732 Episcopi
2252 3693 2334 3725 Glas-

1279 3735 1400 3772 guensis,
1424 3733 1492 3763 infra
1506 3732 1617 3762 octavas
1634 3732 1824 3771 Pentecostes,
1841 3743 1891 3771 pro
1907 3740 1981 3770 parte
1996 3731 2088 3762 nostra
2122 3732 2208 3763 taliter
2223 3732 2334 3770 respon-

1277 3770 1356 3816 debit
1362 3792 1373 3811 ,-
1396 3771 1470 3810 quod
1489 3769 1569 3801 cedet
1589 3771 1623 3802 ad
1646 3771 1704 3801 Dei
1724 3770 1833 3802 laudem
1848 3793 1858 3809 ,
1882 3770 1915 3801 ὃ(
1929 3770 2065 3801 honorem
2080 3754 2182 3808 liegiae
2198 3770 2333 3809 Majesta-

2352 3407 2427 3438 Ami.
2442 3407 2485 3440 D.

2373 3445 2457 3486 1306.

1316 3872 1381 3917 Dat.
1399 3885 1468 3925 apud
1484 3885 1615 3916 Castrum
1632 3885 1813 3926 Castelionis,
1830 3884 2233 3926 Burdegalen.Dioc.2.Non.
2243 3875 2332 3925 Maii,

1277 3925 1458 3957 Pontificatus
1471 3923 1559 3955 nostri
1570 3934 1644 3955 anno
1659 3926 1762 3963 primo.

2011 3998 2126 4041 Subfilo
2142 4000 2265 4033 canabeo.

1594 4115 1664 4146 Gz
2287 4113 2344 4142 Pro
