2570 4261
36 320 114 350 Arm.
131 317 173 349 D.

59 357 143 387 1261.

37 400 100 424 Hen.
116 405 141 433 3.

41 712 171 747 ‘1·7²3·

752 244 866 286 ET
949 245 1219 287 ACTA

192 329 274 360 trahit
287 329 390 370 ipsam;
407 339 470 367 εοε,
486 329 633 369 videlicet,
647 339 717 370 quos
735 331 890 368 potioribus
907 331 1042 372 legitimus
1063 329 1250 362 subministra-
1289 331 1367 368 super
1380 336 1512 365 omnibus
1526 337 1640 375 querelis
1653 338 1686 369 &
1697 339 1840 373 demandis
1852 366 1862 380 ,
1884 353 1950 382 quas
1965 343 2091 381 praediffl
2104 343 2212 375 Comes
2228 345 2260 376 ὃς
2275 345 2337 375 Co-
2368 358 2379 374 A

193 369 305 398 tionum
318 370 391 400 ordo
408 369 539 406 subjecit,
556 370 680 400 adversus
700 370 892 399 auEmritatem
909 371 1113 407 praefidcntium
1133 369 1247 405 elevari,

192 406 225 437 &
241 406 400 444 Principes,
416 407 509 446 legum
525 407 685 444 Dominos,
703 418 773 447 quos
790 417 847 444 prae
866 408 916 438 suis
934 409 1110 449 participibus
1125 406 1247 437 coelestis

189 444 331 475 ordinatio
345 444 518 483 sublimavit,
537 447 628 483 premi
641 447 754 476 arbitrio
768 446 948 477 subditorum.

226 483 374 520 Propterea
397 493 449 512 nos
468 484 558 513 mirari
574 486 668 522 coegit
687 485 806 522 publicae
827 484 965 515 relationis
980 485 1089 515 assertio
1103 507 1113 522 ‚
1136 483 1245 514 auribus

188 521 288 552 nostris
300 521 435 551 insinuans
449 521 525 561 quod
540 523 668 552 nonnulli
685 523 819 560 Barones,
838 522 969 554 Proceres
984 547 993 561 ,
1021 522 1166 562 Magnates
1179 546 1202 564 ³-
1212 523 1244 552 &

189 560 250 596 alii,
267 560 325 589 tam
342 559 466 598 Clerici,
484 561 566 598 quam
587 559 665 591 Laici
685 561 779 601 Regni
794 561 919 600 Angliae,
939 563 987 592 sub
1003 569 1135 601 praeteXtu
1158 568 1246 590 retor-

189 597 285 628 mandi
301 597 402 628 statum
424 598 545 635 ejusdem
559 598 675 637 Regni,
698 600 827 644 quasdam
847 600 1076 638 constitutiones,
1094 599 1245 629 ordinatio-

190 645 256 674 neS,
274 636 309 667 δε
321 637 511 677 colligationes
524 660 534 675 ,
557 636 686 667 carissimi
708 648 736 668 in
752 637 869 668 Christo
883 638 931 669 filii
945 638 1050 676 nostri,
1157 637 1245 667 Reois

188 673 350 714 Anglorum
363 676 469 706 illustris
481 675 578 713 titulo,
597 676 626 705 in
636 676 855 707 diminutionem
869 678 902 708 &
914 676 1115 715 depressionem
1126 661 1248 715 poteffa-

191 714 225 744 tis
240 715 274 745 &
286 715 417 745 libertatis
423 714 523 753 Regiae
536 714 631 752 fatias,
646 715 822 754 jurejurando
836 716 854 735 ²*
871 715 1031 752 firmarunt5
1051 716 1083 745 ἃ
1096 715 1130 744 ab
1142 714 1245 756 eodem

190 751 274 791 Rege
293 763 326 783 ac
339 753 462 792 plurimis
477 753 531 782 aliis
543 752 612 783 dieti
628 753 721 793 Regni
736 753 852 784 Clericis
867 755 900 785 &
916 754 1024 791 Laicis,
1039 762 1085 790 ur,
1104 752 1138 782 ad
1153 753 1246 782 obier-

190 793 335 822 vationem
348 800 458 827 earum,
471 790 527 821 suis
546 791 572 821 se
584 792 741 829 juramentis
761 792 955 832 astringerent,
974 802 1024 831 per
1039 791 1177 832 quandam
1192 791 1246 820 im-

188 829 333 870 pressionis
348 828 505 860 instantiam
517 838 673 869 exegerunt.
1144 867 1150 873 ⁶
1192 867 1196 872 ,

229 867 307 898 Cum
322 869 402 907 igitur
415 868 489 898 idem
506 868 570 898 Rex
582 892 591 907 ,
605 879 691 907 quem
707 869 777 900 inter
790 878 905 900 caeteros
919 867 1091 900 Christianos
1104 866 1246 903 Principes

190 905 257 936 fidei
271 905 439 937 Christianae
454 907 590 938 sinceritas
602 909 635 939 ὃς
655 907 800 939 catholicae
812 908 967 938 devotionis
981 907 1119 948 integritas
1133 914 1246 948 recom-

192 943 328 975 mendant
341 969 350 984 ,
374 955 433 975 non
449 946 481 976 sit
502 946 689 984 quorumlibet
704 945 900 985 deprimendus
919 946 1011 976 studiis
1025 968 1034 983 ,
1058 944 1102 974 1ed
1114 952 1244 987 omniurn

190 982 333 1014 favoribus
346 983 504 1024 erigendus,
524 994 592 1022 Ποῦ,
609 985 733 1015 volentes
747 986 827 1023 ipsius
846 984 1089 1026 honorificentiae„
1103 982 1246 1025 'aliorum-

190 1031 248 1059 que
261 1021 410 1060 providere
423 1022 514 1059 saluti,
532 1021 689 1054 discretioni
705 1024 820 1062 vestrae,
835 1033 883 1062 per
896 1022 1047 1061 apostolica
1059 1024 1173 1059 lcripta,
1193 1019 1248 1048 dis-

193 1060 275 1090 tricte
286 1060 476 1100 praecipiendo
491 1084 501 1099 ,
524 1061 686 1093 mandamus
706 1063 832 1099 quatinus
853 1072 904 1093 vos
921 1070 1020 1092 omnes
1067 1058 1111 1088 vel
1124 1058 1183 1088 duo
1198 1067 1247 1087 ve-

193 1097 303 1137 strum,
322 1108 368 1129 aut
379 1102 427 1138 tu‘,
442 1099 763 1140 staterArchiepiscope,
779 1100 1009 1141 iblus·praedi&os
1023 1082 1160 1142 fiarones,
1177 1095 1248 1125 Pro-

193 1146 286 1175 ceres,
306 1137 469 1177 Magnates,
485 1139 516 1169 ὃ(
532 1138 725 1171 aliosmonere
739 1141 880 1177 attentius,
899 1139 935 1169 δε
948 1136 1098 1179 efficacrrer
1117 1135 1248 1164 inducere

194 1175 322 1206 studeatis
335 1186 365 1208 ut
381 1178 451 1214 (nori
469 1176 644 1208 obstantibus
660 1178 813 1215 hujusmodi
832 1177 1004 1215 juramentis,
1019 1175 1034 1204 a
1046 1174 1160 1217 quibus,
1179 1182 1247 1203 curn

192 1224 252 1244 non
267 1214 385 1246 debeant
397 1215 454 1245 esie
474 1216 609 1252 pravitatis
622 1216 753 1253 vincula,
770 1226 818 1247 eos
837 1216 899 1245 alias
917 1223 966 1254 per
981 1222 1034 1244 vos
1049 1211 1158 1255 absolvi
1169 1220 1249 1241 man-

193 1252 301 1290 damus)
315 1254 432 1293 praefato
445 1253 535 1292 Regi,
553 1262 684 1292 tanquam
698 1253 822 1294 Principi
835 1253 901 1291 suo,
919 1252 1076 1295 adhaejreant
1087 1249 1200 1293 fideliter
1215 1249 1248 1280 &

194 1291 338 1322 intendant
350 1303 360 1330 3
385 1293 433 1322 sibi
446 1292 539 1322 debita
554 1300 693 1332 promptae
707 1291 841 1326 fidelitatis
853 1314 863 1329 ‚
887 1292 922 1322 &
935 1289 1060 1327 pamficae
1073 1287 1251 1332 subieitionis

195 1329 324 1369 obsequia
341 1330 517 1367 exhibenteS,
535 1340 589 1360 nec
605 1336 738 1370 praetextu
758 1328 1010 1366 constitutionum,
1024 1326 1250 1364 ordinationum,

194 1368 240 1398 vel
265 1369 476 1408 colligationum
498 1367 694 1405 pmdfflarum
722 1367 883 1407 aliquatinus
905 1366 1086 1410 impedientes
1111 1364 1231 1409 eundem
1241 1387 1250 1402 ,

193 1417 255 1475 qusto
268 1408 360 1437 minus
373 1416 462 1438 utatur
473 1405 559 1438 libere
577 1406 688 1444 pristina
703 1406 736 1438 in
750 1406 884 1437 omnibus
904 1404 1075 1444 plenitudine
1094 1413 1177 1443 regite
1197 1413 1250 1441 po-

193 1454 220 1476 te
247 1453 303 1477 atis.

233 1484 263 1514 Si
274 1493 346 1514 vero
359 1483 478 1523 ipsorum
493 1483 576 1522 aliqui
588 1484 710 1514 *monitis
725 1482 822 1514 vestris
835 1482 1009 1523 acquiescere
1026 1480 1134 1525 fortasse
1146 1490 1252 1524 'renue-

196 1523 268 1559 rint,
284 1532 336 1552 vos
348 1532 447 1552 omnes
459 1545 468 1559 ,
494 1523 539 1553 vel
551 1522 611 1552 duo
631 1522 753 1554 vestrum
762 1545 772 1560 ,
788 1521 834 1552 seu
849 1529 879 1552 tu
893 1545 903 1559 ‚
915 1521 1007 1555 ,frater
1020 1518 1236 1563 Archiepiscope

195 1560 267 1597 solus
279 1570 327 1592 eos
333 1583 343 1599 ,
362 1560 561 1600 cujuscumque
573 1561 624 1591 sint
638 1560 824 1599 conditionis,
841 1560 874 1590 &
887 1558 1002 1599 gradus,
1017 1558 1067 1603 ¹vel
1082 1559 1201 1596 ordinis,
1217 1569 1232 1587 a

195 1598 224 1628 id
236 1609 285 1637 pei·
296 1600 596 1633 excommunicationis
607 1598 638 1630 in
652 1598 793 1639 personas,
811 1599 844 1629 δε
857 1597 997 1633 interdiffl
1015 1607 1043 1627 in
1057 1606 1138 1627 terras
1152 1606 1251 1627 eorum

194 1637 357 1675 sententias,
376 1645 487 1668 remoto
498 1637 685 1678 appellationis
703 1637 852 1668 obstaculo
863 1660 873 1675 ,
893 1635 1066 1675 compellatis
1079 1658 1089 1673 ,
1114 1635 1183 1680 ficut
1198 1634 1251 1678 sta-

197 1677 238 1706 tui
252 1676 321 1706 diCti
336 1676 383 1706 Re
404 1677 422 1706 is
438 1676 471 1706 &
487 1675 581 1715 Regni
599 1676 640 1706 'sui
654 1675 774 1708 videritis
789 1675 929 1714 expedire,
944 1673 1189 1706 nonobstantibus
1203 1674 1252 1703 ali-

197 1715 298 1754 quibus
312 1685 460 1755 priviigegiis
473 1715 518 1745 vel
533 1714 659 1753 indultis,
677 1716 837 1754 generaliter
850 1715 895 1745 vel
905 1714 1054 1752 specialiter
1093 1711 1252 1756 uibuscum-

195 1763 254 1790 que
267 1753 301 1782 ab
314 1752 466 1795 apostolica
481 1752 542 1783 sede
557 1753 711 1792 conceffis,
730 1763 778 1791 per
795 1763 858 1793 quae
871 1776 880 1791 ,
904 1763 963 1783 non
977 1762 1070 1792 exprer
1083 1763 1097 1781 a
1112 1750 1252 1795 praesenti-

195 1792 250 1821 bus
263 1791 307 1822 v'el
321 1790 439 1821 totaliter
451 1801 511 1821 non
530 1790 627 1821 inserta
638 1814 648 1829 ,
671 1792 794 1822 mandati
808 1791 897 1822 nostri
917 1793 1045 1821 executio
1059 1789 1187 1830 impediri
1198 1796 1252 1833 'va-

195 1829 251 1859 leat
264 1828 443 1899 vglbdifferrig
458 1829 506 1861 seu
519 1829 720 1862 constitutione
731 1830 766 1861 de
786 1830 892 1862 duabus
907 1830 986 1861 dietis
998 1829 1070 1861 edita
1084 1830 1113 1859 in
1129 1830 1251 1860 concilio

253 1877 282 1898 er
309 1878 325 1898 i.

196 1876 266 1937 gegi
289 1907 357 1947 quid
379 1915 473 1938 autem
497 1908 534 1937 in.
547 1907 650 1939 eisdem
681 1907 931 1939 constitutionibus
955 1908 989 1939 &
1014 1906 1252 1944 ordinationibus,

196 1945 291 1985 quod,
309 1945 409 1985 absque
423 1947 482 1977 ullo
497 1946 578 1977 alieni
590 1947 653 1985 juris
666 1969 677 1984 2
699 1947 745 1978 vel
764 1947 970 1986 privilegiorum
980 1969 989 1984 ,
1004 1946 1050 1976 seu
1062 1945 1253 1982 indultorum,

197 1992 245 2014 aut
260 1983 452 2016 mandatorum
469 1984 535 2016 sedis
550 1995 565 2015 a
586 1984 710 2016 ostolicae
726 1985 903 2023 praejudicio,
920 1985 1096 2016 ecclesiarum
1115 1985 1148 2015 δε
1163 1983 1254 2013 eccle-

196 2022 365 2054 siasticarum
379 2024 557 2062 personarum
599 2025 664 2064 egni
681 2024 786 2065 praefati
804 2025 932 2056 favorem
951 2024 996 2055 vel
1009 2022 1257 2066 commodumst-

198 2061 309 2102 spiciat,
328 2063 487 2093 continetur
498 2085 508 2101 ‚
532 2062 561 2093 id
573 2064 679 2099 irritum
694 2063 827 2095 nolumus
840 2086 851 2102 ,
875 2062 921 2095 ‘vel
934 2085 944 2102 ,
970 2061 1064 2103 quoad
1082 2060 1167 2099 illud,
1183 2069 1254 2098 iura-

197 2108 291 2130 menta
307 2100 438 2138 praedicta
452 2101 585 2132 ullatenus
598 2101 718 2140 relaxari.
1025 2103 1027 2106 ’
1136 2108 1138 2113 ’
1171 2107 1185 2125 ,-

235 2138 283 2169 Sic
297 2140 390 2177 itaque
403 2139 465 2171 sane
480 2140 593 2180 intelligi
607 2140 738 2171 volumus
750 2140 958 2180 &mandamus
970 2139 1046 2180 quod
1061 2139 1143 2177 (sicut
1156 2141 1185 2170 in
1200 2139 1256 2170 aliis

196 2178 290 2208 litteris
309 2177 411 2208 nostris
423 2201 432 2215 ,
457 2189 522 2217 quas
536 2178 612 2216 super
631 2179 796 2219 relaxatione
814 2180 1032 2217 juramentorum
1054 2178 1175 2219 ipsorum
1191 2200 1201 2215 ,
1222 2177 1258 2209 δέ

196 2216 334 2255 praedietis
353 2216 577 2256 colligationibus
591 2216 768 2248 dissolvendis
782 2217 969 2247 concessimus
983 2240 994 2256 ,
1017 2215 1058 2247 est
1079 2215 1254 2260 expressum)

197 2264 251 2293 ne,
267 2254 337 2285 dum
357 2255 513 2293 hujusmodi
533 2257 702 2294 juramenta,
719 2255 930 2286 constitutiones
952 2255 1211 2294 exordinationes,
1227 2256 1256 2299 in

197 2302 334 2332 quantum
347 2295 506 2330 utilitatibus
521 2294 709 2325 ecclesiasticis
730 2294 886 2328 consonant
932 2295 1045 2328 relaxari«
1061 2295 1094 2325 &
1114 2296 1257 2325 immutari

198 2332 356 2372 noluimus,
374 2330 478 2371 aliquid
489 2333 520 2363 in
533 2333 584 2363 illis
598 2332 726 2371 probaffe
738 2332 786 2366 vel
798 2317 924 2371 tolerasse
939 2333 1084 2363 credamur
1118 2333 1195 2373 quod
1211 2340 1257 2364 aut

198 2371 239 2407 jus
253 2370 334 2401 laedat
346 2371 470 2410 alterius,
486 2380 532 2402 aut
566 2371 675 2402 otestati
686 2371 789 2402 nostrae
801 2371 845 2402 seu
858 2372 967 2416 gratiis,
981 2356 1131 2414 quas-sedes
1144 2381 1258 2403 memo-

197 2417 254 2439 rata
268 2409 405 2447 contulit,
424 2411 534 2449 quomo
554 2410 644 2441 olibet
657 2409 820 2441 adversetur.
927 2414 929 2416 '
964 2415 966 2417 '

232 2482 300 2515 Dat.
315 2484 453 2524 Viterbii,
470 2485 556 2516 Non.
572 2484 662 2528 Maii,
679 2485 863 2518 Pontificatfis
875 2485 962 2517 nostri
973 2494 1052 2532 annov
1060 2484 1186 2524 septimo.

717 2561 844 2592 Plumbeo
857 2555 948 2599 Sigillo
959 2573 978 2592 a
992 2556 1041 2600 filo
1053 2561 1178 2595 canabeo.

363 2688 423 2718 Pro
443 2683 587 2732 Johamne
594 2680 789 2733 primogenito
806 2687 903 2720 Ducis
920 2687 1091 2720 Britanniae„

171 2793 178 2800 .
201 2768 326 2826 REX
343 2770 492 2807 omnibus,
509 2770 706 2801 &c.sa1utem.

298 2808 396 2839 Sciatis
431 2808 490 2838 uod
502 2808 691 2839 conceffimus
704 2809 811 2840 dileeto
822 2808 881 2839 filio
893 2797 1117 2848 nostroJohanni
1125 2830 1135 2847 ,
1153 2804 1261 2846 primo-2

158 2867 164 2874 .
200 2847 302 2884 genito.
313 2844 405 2878 Ducis
443 2848 586 2886 ritanniae,
600 2848 676 2878 mille
688 2848 723 2878 &
734 2847 868 2879 ducentas
881 2847 1188 2887 librassterlingorum,
1207 2856 1260 2884 pro

202 2893 311 2915 extenta
323 2887 357 2917 δε
373 2885 468 2916 valore
482 2885 887 2925 ComitatfisRichemundiae,
906 2887 940 2916 &
952 2885 1086 2918 ducentas
1098 2885 1211 2916 Marcas
1224 2885 1261 2916 de

153 2944 160 2951 .
201 2922 278 2954 dono
293 2924 406 2961 nostr03
424 2924 461 2954 ita
472 2924 565 2963 quodi,
585 2926 616 2955 in
628 2925 771 2963 universo,
789 2925 939 2962 percipiet,
954 2923 990 2955 ad
1004 2924 1181 2956 Scaccarium
1195 2933 1261 2954 nos-

117 2982 124 2989 .
150 2984 157 2990 .
200 2970 302 3029 {durgi}
315 2962 374 2992 duo
390 2961 653 2994 milliaMarcarum
666 2973 715 3001 per
725 2972 832 2994 annum
844 2986 854 3002 ‚
877 2962 1008 2994 videlicet
1018 2985 1030 3002 ,
1050 2963 1128 2994 mille
1148 2961 1261 2992 Marcas

303 3009 356 3029 um
373 2999 547 3030 Ascenfionis
564 3001 709 3041 Domini,
735 3003 769 3033 &
784 3001 860 3032 mille
881 3000 995 3032 Marcas
1012 3000 1049 3033 ad
1072 3000 1175 3033 festum
1187 3000 1262 3031 Om-

201 3038 282 3066 nium
301 3037 473 3068 San&orum
487 3050 508 3077 ,¹
523 3038 616 3070 donec
641 3040 774 3078 praedffla
799 3047 909 3070 extenta
928 3039 1012 3076 plene
1033 3038 1103 3076 fiat5
1130 3048 1212 3079 prout
1231 3040 1261 3069 i'n

202 3073 409 3106 Conventione
427 3077 498 3106 inter
513 3086 580 3116 noS,
598 3078 633 3109 &
648 3077 816 3116 praedictum
832 3078 951 3109 Ducem
964 3077 1040 3111 faeta
1048 3077 1155 3116 plenius
1168 3078 1262 3108 conti-

201 3121 291 3144 netur.
707 3140 715 3147 .

239 3150 294 3189 Et,
313 3152 332 3182 fi
346 3151 479 3190 praedieta
492 3152 613 3184 Extenta
626 3178 635 3191 ,
662 3154 715 3185 rite
734 3155 823 3194 faeta,
840 3155 954 3186 excedat
966 3154 1102 3186 summam
1116 3154 1263 3193 praedie'ra-

202 3199 267 3220 rum
279 3190 356 3220 mille
370 3191 405 3221 &
419 3190 602 3222 ducentarum
615 3192 748 3223 librarum
761 3203 808 3232 per
829 3204 953 3232 annum,
973 3203 1042 3224 tunc
1063 3202 1198 3232 quantum
1219 3193 1263 3223 su-

202 3228 336 3266 perfuerit
354 3229 391 3259 de
406 3229 501 3260 valore
521 3230 649 3270 praedie'ti
668 3230 830 3264 Comitatus
844 3256 855 3271 ,
877 3232 946 3263 ultra
967 3232 1110 3270 praedictas
1131 3233 1206 3262 mille
1227 3232 1261 3263 δε

203 3267 335 3297 ducentas
349 3267 446 3305 libras,
464 3269 490 3298 ei
506 3268 620 3299 reddere
635 3270 794 3302 tenebimur
802 3270 838 3301 de
851 3271 960 3311 singulis
971 3272 1047 3301 annis
1061 3271 1210 3310 praeteritis.

242 3304 299 3343 Et,
317 3304 338 3335 si
351 3313 461 3336 eXtenta
471 3306 518 3336 illa
531 3316 590 3337 non
609 3307 736 3338 ascendat
755 3308 840 3347 usque
860 3309 894 3340 ad
914 3309 1057 3347 praedietas
1075 3309 1151 3339 mille
1163 3310 1196 3340 &
1212 3308 1262 3339 du-

205 3351 299 3374 centas
314 3343 395 3373 libras
407 3354 525 3382 annuas,
543 3353 612 3375 tunc
625 3354 735 3376 tanturn
748 3368 758 3383 ,
782 3355 919 3384 quantum
936 3348 1003 3378 inde
1017 3347 1178 3385 superfuerit
1193 3347 1262 3378 ultra

204 3381 370 3419 praedidtam
385 3390 525 3412 extentam
541 3405 551 3421 ,
572 3383 751 3414 retinebimus
763 3385 862 3423 nobis,
879 3386 916 3416 de
927 3386 1063 3417 solutione
1073 3387 1202 3426 pecuniae
1215 3395 1263 3416 an-

205 3420 333 3458 tedictae,
350 3430 402 3457 pro
414 3421 492 3450 annis
504 3421 733 3459 praecedentibus.

244 3458 391 3489 Nolumus
405 3467 498 3489 autem
513 3468 561 3497 per
582 3459 654 3489 hanc
675 3459 884 3490 concessionem
900 3462 1026 3493 nostram
1045 3462 1170 3502 derogari
1189 3472 1261 3492 con-

206 3498 348 3535 ventioni,
362 3498 437 3535 prius
449 3496 531 3538 faetae
544 3497 615 3527 inter
625 3507 676 3527 nos
684 3521 694 3535 ,
709 3499 743 3530 &
756 3498 863 3529 dietum
876 3499 1010 3540 Ducem,
1029 3501 1106 3542 super
1119 3501 1260 3531 escambio

206 3535 335 3566 faciendo
348 3545 400 3573 pro
407 3535 554 3565 Comitatu
570 3536 723 3578 praediEto,
741 3536 789 3566 vel
801 3537 858 3567 aliis
872 3541 1095 3570 conventionem
1107 3540 1183 3569 illam
1201 3548 1262 3569 tan-

226 3575 359 3611 entibus,
381 3574 420 3604 set
439 3573 544 3603 salvum
564 3577 597 3604 lit
619 3575 727 3611 utrique
746 3575 816 3611 parti
829 3576 962 3615 quicquid
976 3577 1013 3608 de
1030 3579 1088 3617 jure
1103 3578 1196 3608 salvari
1214 3577 1262 3608 de-

244 3621 288 3681 ῗῑ,
305 3612 458 3682 secundgcm
472 3611 593 3643 formam
607 3611 813 3644 Conventionis
828 3614 971 3651 praedidiae

260 3661 279 3681 n
292 3661 384 3690 cuitu,
436 3660 461 3681 c.

243 3726 333 3757 Teste
345 3727 426 3767 Rege
437 3726 509 3765 apud
523 3726 672 3758 Gildeford
680 3750 689 3765 ,
711 3734 745 3764 17
759 3723 805 3756 die
814 3725 900 3764 Junii.

183 3877 190 3884 -
209 3846 238 3878 ᾖ
260 3857 307 3888 De
327 3849 487 3902 ι(ζἰιενείἱς,
513 3858 589 3887 inter
612 3857 738 3901 Regem,
762 3856 798 3891 (ῥ’
819 3853 962 3884 Comitem
979 3853 1135 3899 Leicrstriae
1152 3881 1162 3898 ‚
1187 3851 1264 3899 sicb-

467 3907 511 3937 mi
530 3915 553 3935 is
568 3901 709 3936 Arbitrio
730 3904 842 3948 Reginae
861 3901 1002 3936 Franciae.

163 3985 171 4028 ἶ
214 3986 300 4043 RE
309 3986 341 4018 X
357 3990 502 4028 omnibus,
515 3989 568 4020 &c
580 3988 701 4019 salutem.

309 4026 426 4057 Notum
441 4029 522 4059 vobis
534 4028 664 4064 facimus,
682 4035 730 4064 per
741 4024 904 4065 praesentes,
921 4022 998 4062 quod
1009 4047 1020 4063 ,
1041 4024 1120 4070 super
1133 4024 1267 4057 omnibus

166 4098 172 4103 ,
215 4064 331 4101 querelis
345 4066 378 4096 &
391 4065 553 4105 demandis,
571 4075 636 4112 quas
648 4064 798 4102 habemus,
815 4063 860 4092 vel
870 4062 973 4107 habere
985 4071 1144 4108 potuimus,
1153 4074 1187 4095 ex
1199 4076 1266 4108 qua-

158 4135 164 4142 ,
214 4113 336 4142 cumque
350 4103 428 4133 causa
440 4126 450 4141 ,
476 4105 564 4135 versus
580 4108 726 4134 simonem
746 4101 781 4131 de
802 4100 977 4132 Monteforn
989 4100 1136 4132 Comitem
1155 4103 1268 4133 Leices-

213 4141 291 4180 triae,
310 4142 345 4173 &
357 4141 519 4174 Alianorarn
539 4141 718 4176 Comitissam
737 4139 897 4172 Leicestriae
916 4139 1041 4171 sororem
1060 4140 1184 4173 nostram
1197 4163 1208 4179 ,
1233 4142 1267 4173 &

1300 247 1778 297 PUBLICA.
2285 257 2337 315 σς

1290 371 1389 401 mitiffa
1408 371 1512 403 habent
1526 397 1535 412 ,
1559 376 1602 405 vel
1618 377 1718 407 habere
1737 388 1886 416 potuerunt
1904 383 1994 412 versus
2013 393 2064 412 nos
2077 408 2086 421 ‚
2112 393 2147 413 ex
2161 394 2336 423 quacumque

1288 408 1383 446 causa,
1400 410 1483 449 usque
1495 412 1528 441 ad
1544 412 1668 445 Oetabas
1686 415 1721 444 N
1723 419 1846 448 ativitatis
1861 419 1930 449 beati
1948 419 2083 457 Johmnis
2098 422 2244 460 Baptistae,
2261 432 2337 453 anno

1287 448 1381 490 gratiae
1399 450 1470 479 1261
1480 473 1490 488 ,
1505 451 1683 490 supponimus
1696 463 1747 484 nos
1762 478 1771 492 ,
1814 466 1843 485 er
1859 458 1971 496 omnia,
1986 458 2064 489 disto
2078 460 2216 490 Dominae
2233 459 2337 491 nostrae

1286 485 1447 525 kariffimae,
1464 486 1632 528 Margaretae
1646 490 1767 529 Reginae
1781 466 1902 524 FEanciae
1914 495 2037 526 illustris:

1324 522 1521 570 promittentes
1535 537 1587 557 nos
1601 538 1632 558 ea
1645 553 1655 566 ,
1680 539 1743 567 qua:
1763 530 1871 570 Regina
1885 534 1943 569 ipsa
1965 534 2035 564 infra
2055 535 2155 565 festum
2172 528 2337 567 Nativitatis

1286 560 1380 606 Saneti
1391 562 1528 601 Johannis
1539 565 1681 610 Baptistae,
1698 578 1772 597 anno
1785 571 1877 607 gratiae
1895 571 1965 600 1261
1982 596 1992 610 ,
2015 573 2112 603 dixerit
2131 575 2159 603 in
2177 575 2337 614 praemiffis,

1285 599 1402 631 firmiter
1414 610 1494 642 atque
1508 602 1623 634 fideliter
1638 606 1796 635 servaturos.

1324 637 1381 706 Isssa
1392 648 1485 670 autem
1499 641 1575 680 super
1584 640 1638 672 hiis
1650 644 1791 674 consulere
1803 647 1921 685 poterit,
1940 646 1958 676 si
1973 648 2108 687 voluerit,
2126 649 2247 681 Nobiles
2260 653 2337 681 viros

1286 675 1317 705 B.
1366 688 1447 708 ucem
1457 679 1652 723 ‚Burgundiag¹
1663 683 1695 713 δε
1710 682 1824 712 Petrum
1840 684 2049 725 Camerarium,
2065 696 2110 718 aut
2127 688 2244 719 alterum
2266 690 2337 727 ipso*

1285 724 1366 754 rum,
1384 717 1417 746 ὃς
1430 718 1495 747 alios
1509 719 1612 757 probos
1625 729 1716 759 viros,
1734 730 1804 759 quos
1819 722 1873 758 ipsa
1888 722 2013 754 voluerit.

1323 752 1356 783 In
1371 755 1609 799 potestate—autern
1623 757 1706 787 dietae
1722 758 1841 798 Regin-„e
1855 761 1885 791 sit
1897 760 1932 790 de
1944 762 2022 799 plena
2035 763 2174 795 securitate
2186 764 2336 803 provideri*

1286 789 1321 820 da
1357 793 1470 829 qualiter
1484 795 1592 825 dicium
1607 795 1686 826 suum
1699 797 1714 826 a
1729 798 1849 836 partibus
1862 799 2030 831 observetur.

1320 815 1353 858 fn
1367 832 1443 868 cujus
1453 834 1508 870 rei,
1524 834 1583 863 δίε.

1323 905 1412 937 Teste
1426 906 1507 947 Rege
1520 910 1592 949 apud
1604 910 1720 941 Turrim
1733 911 1866 943 London.
1880 923 1918 944 20
1934 913 1979 944 die
1990 914 2066 953 Julii.

1447 1036 1566 1066 Littera
1584 1037 1657 1080 Regi
1675 1038 1801 1068 Franciae
1811 1037 1901 1083 fitper
1911 1039 1995 1082 fabio
2013 1041 2174 1074 Baronum.

1289 1099 1365 1177 M

1430 1193 1448 1201 u«

2361 381 2367 388 l
2376 369 2434 389 ann.
2448 356 2487 389 D

2385 403 2466 426 1201‘.

2359 441 2419 463 Heu.
2439 445 2464 473 3.

1376 1116 1505 1156 Agnifico
1527 1117 1669 1157 principi,
1691 1119 1823 1150 Domino
1844 1122 1877 1151 ὃς
1894 1122 2099 1161 consanguineo
2117 1125 2165 1154 suo
2182 1124 2337 1163 karissimo,
2358 1120 2435 1150 Ami·
2448 1120 2490 1151 D*

1375 1155 1542 1193 Ludovico,
1561 1156 1618 1186 Dei
1632 1158 1730 1194 oraria,
1749 1158 1823 1197 Regi
1844 1159 1967 1189 Franciae
1988 1161 2100 1199 illustri,
2119 1162 2274 1202 Henricus,
2293 1174 2336 1193 ea-
2383 1160 2464 1188 1261.

1289 1193 1356 1223 dem
1368 1197 1470 1233 gratia,
1489 1194 1553 1224 Rex
1566 1181 1692 1234 Angliae,
1709 1197 1767 1228 &c
1782 1198 1911 1236 salutem,
1930 1199 1962 1228 &
1976 1199 2090 1229 iincerae
2103 1201 2258 1232 dilectionis
2267 1202 2338 1232 iem-
2359 1202 2467 1233 A71-45·

1290 1242 1339 1269 per
1353 1241 1491 1271 augmenti
1496 1242 1542 1262 lm.

1327 1270 1534 1301 Accedentibus
1546 1270 1579 1301 ad
1601 1281 1651 1301 nos
1669 1281 1704 1302 ex
1725 1282 1799 1310 parte
1819 1273 1906 1303 vestra
1920 1273 2076 1304 Nobilibus
2090 1276 2154 1304 viris
2175 1276 2207 1305 δε
2222 1275 2342 1307 discretis

1290 1308 1322 1338 B.
1337 1308 1422 1339 Duce
1441 1309 1606 1377 Burgundiae
1620 1333 1629 1348 ,
1654 1310 1687 1340 &
1703 1310 1787 1342 Petro
1803 1310 1964 1342 camerario
1976 1336 1986 1349 ,
2011 1313 2138 1343 fidelibus
2150 1313 2245 1343 vestris
2260 1337 2270 1352 ,
2294 1325 2343 1352 pro

1289 1346 1366 1376 facio
1379 1348 1474 1378 iios&
1513 1358 1608 1378 aroncs
1628 1349 1735 1380 nostros
1749 1374 1758 1386 ,
1786 1351 1819 1381 ὃς
1840 1350 1989 1387 specialiter
2012 1351 2159 1381 Simonem
2174 1351 2210 1381 de
2224 1351 2344 1383 Monte-

1289 1384 1353 1415 forti
1374 1384 1522 1416 Comitem
1544 1386 1703 1417 Leicestriae
1716 1411 1725 1425 ,
1750 1389 1782 1419 &
1802 1387 1963 1418 Aiiaiioram
1984 1388 2162 1420 Comitiisarn
2183 1389 2343 1421 Leicestriae

1294 1423 1420 1463 sororem
1445 1424 1569 1454 nostram
1591 1427 1774 1465 contingente
1788 1448 1798 1463 ,
1821 1427 1944 1457 volentes
1969 1428 2057 1457 caulae
2078 1428 2180 1458 nostrae
2200 1430 2344 1464 veritatem

1289 1463 1399 1492 cuin‘iis
1414 1462 1554 1501 patefieri,
1572 1473 1608 1492 ne
1622 1464 1759 1495 voluntati
1774 1466 1843 1495 ratio
1855 1465 1940 1495 subici
1954 1466 2077 1496 videatur
2089 1468 2118 1497 in
2132 1467 2183 1496 hac
2199 1474 2290 1506 paite;
2313 1486 2324 1489 ⁷-

1329 1500 1508 1540 Negodum,
1527 1501 1604 1541 quod
1618 1503 1687 1532 inter
1702 1513 1753 1532 nos
1768 1526 1778 1540 ,
1802 1504 1835 1534 ὅ(
1847 1504 1938 1534 dictos
1955 1503 2101 1535 Comitem
2116 1505 2149 1535 δε
2164 1503 2345 1535 Comitissam

1290 1540 1424 1577 vertitur,
1442 1540 1470 1570 in
1482 1540 1552 1570 duos
1565 1549 1598 1569 ex
1614 1549 1689 1577 parte
1700 1540 1795 1572 nostra
1807 1567 1818 1580 ,
1843 1541 1875 1573 &
1895 1543 1960 1572 alios
1977 1542 2047 1573 duos
2063 1553 2094 1573 ex
2113 1553 2189 1581 parte
2201 1543 2344 1574 dictorum

1293 1576 1415 1608 Comitis
1428 1579 1460 1609 ὃς
1478 1578 1636 1608 Comitiffae
1646 1602 1655 1617 ,
1672 1589 1785 1610 necnon
1800 1581 1833 1611 δε
1852 1581 1880 1610 in
1899 1580 2013 1611 Ducem
2028 1582 2061 1612 &
2076 1581 2190 1612 Petrum
2205 1582 2344 1619 supradica

1291 1624 1352 1654 tos,
1370 1625 1502 1654 tanquam
1517 1618 1547 1647 in
1563 1615 1751 1656 Mediatores,
1766 1618 1908 1649 transferre
1924 1619 2085 1650 volebamus
2100 1630 2133 1650 ex
2148 1629 2226 1659 toto,

1313 1653 1373 1697 'Ut
1407 1656 1463 1685 uod
1476 1655 1543 1694 ipsi,
1562 1656 1605 1686 vel
1620 1658 1708 1695 major
1722 1666 1780 1697 pars
1795 1657 1932 1696 ipsorum,
1948 1657 2025 1696 super
2039 1659 2171 1689 omnibus
2186 1660 2346 1689 contentioi

1291 1693 1385 1729 nibus,
1404 1694 1460 1723 linc
1475 1694 1539 1724 inde
1553 1693 1684 1725 hactenus
1696 1695 1811 1733 habitis,
1830 1695 1979 1726 statuerent
1991 1696 2036 1727 seu
2047 1696 2215 1735 diffinirent,
2229 1696 2344 1727 firmum

1291 1731 1435 1762 haberetur
1450 1733 1590 1770 utrimque
1605 1755 1614 1771 ‚
1638 1734 1672 1763 &
1693 1742 1750 1763 tam
1764 1743 1817 1772 pro
1834 1742 1908 1774 parte
1928 1734 2022 1765 nostra
2046 1743 2132 1774 quam
2143 1735 2187 1766 sua
2199 1736 2257 1766 sine
2275 1745 2346 1766 con*

1290 1769 1456 1800 tradidiione
1471 1771 1591 1801 totaliter
1605 1771 1802 1802 observaretur.

1300 1834 1305 1839 ,
1329 1808 1436 1839 Verum
1451 1810 1514 1849 quia
1527 1809 1653 1848 praedicti
1667 1809 1736 1842 Dux
1754 1811 1787 1841 δε
1803 1809 1898 1842 Petrus
1912 1833 1922 1849 ,
1940 1819 2054 1849 propter
2067 1811 2196 1850 quasdam
2211 1813 2346 1850 rationes,

1290 1856 1356 1885 quas
1376 1847 1582 1885 praetendebant
1595 1870 1604 1882 ,
1630 1849 1775 1888 negotium
1790 1849 1861 1880 istud
1881 1851 1910 1879 in
1928 1849 1953 1880 se
1972 1849 2105 1880 assumere
2120 1851 2278 1888 noluerint,
2295 1861 2348 1881 rios

1290 1885 1332 1915 ob
1345 1887 1527 1917 reverentiam
1548 1886 1680 1917 vestram·
1716 1895 1766 1924 pro
1778 1896 1852 1926 parte
1873 1888 1983 1926 nostra,
1999 1889 2028 1918 in
2048 1897 2145 1918 manus
2165 1888 2348 1919 Sereniffimae

1292 1922 1429 1954 Dominae
1449 1926 1482 1955 &
1500 1925 1610 1955 Sororis
1628 1910 1730 1956 noiirae
1750 1925 1895 1956 kariffimae
1916 1926 2059 1958 Combrtis
2077 1926 2176 1958 vestrae
2200 1929 2348 1966 negotium

1292 1961 1364 1992 'istud
1377 1964 1506 2002 ponimus
1522 1964 1551 1992 in
1567 1972 1676 2001 totum,

1301 2022 1307 2025 -
1330 1999 1378 2031 Ut
1390 2001 1466 2039 quod
1480 2001 1534 2040 ipsa
1547 2001 1692 2033 dixeritac
1705 2001 1879 2034 statuendum
1893 2003 1994 2034 viderit
2006 2004 2035 2034 in
2048 2003 2209 2042 praemiffis,
2226 2003 2292 2034 hinc
2307 2004 2350 2033 ina

1292 2037 1329 2068 de
1343 2039 1448 2076 plenius
1467 2039 1627 2071 observetur
1640 2063 1650 2078 ,
1675 2042 1803 2077 prout.in
1823 2042 1903 2072 literis
1917 2041 2078 2074 Patentibus
2090 2066 2100 2079 ,
2125 2052 2191 2080 quas
2209 2042 2274 2072 inde
2292 2041 2351 2072 fieri

1294 2078 1430 2116 fecimus,
1447 2078 1551 2115 plenius
1566 2079 1725 2109 continetur
1735 2079 1820 2117 ,dum
1834 2088 1927 2112 tamen
1938 2081 2029 2111 didius
2035 2079 2143 2111 Comes
2157 2081 2191 2112 ad
2205 2081 2261 2111 hoc
2273 2080 2350 2111 idem

1295 2125 1348 2156 pro
1363 2124 1440 2156 parte
1450 2116 1496 2147 sua
1509 2117 1608 2156 pariter
1623 2117 1649 2149 se
1659 2117 1744 2149 astrin
1764 2126 1800 2149 at.

1333 2153 1496 2193 Caeterum,
1513 2153 1631 2185 Consilii
1645 2154 1729 2186 vestri
1786 2156 1927 2196 neplacitis
1947 2157 2110 2188 inhaerentes
2120 2180 2133 2199 ,
2157 2167 2207 2188 nos
2220 2157 2298 2197 super
2312 2156 2352 2200 fs:

1296 2193 1346 2224 eto
1361 2192 1501 2227 Baronum
1515 2193 1675 2224 nostrorum
1697 2194 1789 2225 sumus
1811 2196 1839 2225 in
1861 2196 1977 2226 tractatu
2000 2206 2069 2226 cum
2087 2196 2188 2226 eiidem
2202 2219 2211 2234 ,
2235 2206 2283 2234 ut,
2301 2200 2352 2229 nili

1294 2242 1344 2270 per
1359 2242 1406 2263 eos
1420 2231 1523 2263 steterit
1556 2241 1604 2272 per
1618 2233 1695 2263 viam
1712 2235 1786 2270 pacis
1807 2234 1840 2264 δε
1855 2234 2018 2264 concordiae
2033 2235 2210 2272 terminetur,
2228 2234 2296 2265 sicut
2310 2232 2351 2262 H.

1297 2270 1503 2316 Londonienfis
1515 2256 1692 2312 episcopus„
1714 2273 1747 2303 ὃς
1762 2271 1858 2304 Ebulo
1870 2272 1908 2304 'de
1922 2272 2074 2304 Montibus
2088 2273 2168 2303 vobis
2182 2273 2352 2313 plenius'p‘o-

1296 2317 1388 2341 terunt
1402 2319 1538 2342 intimare.

1322 2387 1420 2419 'Teste
1435 2390 1466 2419 ut
1480 2388 1564 2428 supra.

1341 2512 1559 2556 Regifranciae
1578 2508 1613 2542 de
1638 2509 1816 2543 Ordinando
1826 2510 1916 2556 sitper
1933 2510 2036 2543 valore
2051 2513 2145 2545 Τέννιε
2161 2512 2314 2557 Agennen.

1299 2591 1376 2653 M
1386 2591 1519 2631 Agnifico
1536 2591 1659 2632 Principi
1673 2594 1750 2633 Regi
1764 2594 1886 2625 Franciae
1901 2618 1910 2634 ,
1935 2594 2000 2624 Rex
2017 2594 2144 2634 Angliae,
2162 2594 2222 2626 &c.
2238 2594 2352 2626 salutem

1385 2631 1417 2661 &
1433 2630 1545 2661 sincerae
1560 2631 1714 2662 dilectionis
1726 2632 1833 2670 semper
1845 2641 2035 2672 augmentum.

1336 2668 1416 2699 Cum
1430 2669 1555 2699 valorem
1569 2678 1649 2700 terrae
1666 2671 1755 2709 Agen.
1769 2673 1917 2702 teneamini
1930 2672 2011 2703 nobis
2025 2672 2166 2702 annuatim
2181 2671 2352 2712 persolvere,

1300 2708 1414 2751 sicut-in
1429 2707 1518 2739 forma
1533 2711 1548 2726 ²*
1565 2710 1657 2749 pacis,
1675 2709 1746 2739 inter
1760 2718 1829 2748 vos,
1843 2710 1876 2741 &
1891 2719 1943 2740 nos
1955 2711 2032 2740 initae
2042 2711 2079 2742 ¹&
2097 2710 2230 2749 firmatae,
2248 2711 2354 2751 plenius

1301 2753 1475 2783 continetur,

1337 2784 1374 2814 Et
1387 2794 1475 2822 nuper
1489 2792 1553 2823 erga
1565 2785 1693 2816 nobilem
1704 2788 1797 2816 virum
1805 2785 1952 2817 Comitem
1965 2786 2157 2817 pictavensem
2169 2787 2280 2818 fratrem
2294 2798 2355 2819 ves-

1300 2830 1377 2853 trum
1392 2823 1540 2853 institeritis
1552 2832 1583 2854 ut
1593 2847 1602 2862 ,
1620 2825 1650 2854 in
1665 2825 1804 2861 praesentia
1816 2825 2000 2855 Nunciorum
2020 2824 2196 2863 nostrorum,
2215 2826 2356 2858 certitudo

1299 2862 1400 2893 valoris
1416 2861 1500 2892 dietae
1511 2869 1591 2891 terra:
1604 2871 1653 2901 per
1667 2863 1772 2893 rotulos
1784 2864 1817 2893 &
1831 2863 1945 2894 ballivos
1956 2864 2026 2893 dieti
2039 2862 2163 2894 Comitis
2174 2864 2335 2904 haberetur,

1336 2900 1381 2930 Ac
1394 2900 1470 2930 idern
1484 2898 1592 2929 Comes
1606 2899 1640 2931 ad
1656 2899 1712 2931 hoc
1733 2901 1830 2932 induci
1853 2903 2006 2942 nequiverit
2019 2924 2028 2939 ‚
2052 2909 2135 2941 prout
2154 2911 2203 2940 per
2219 2902 2358 2934 Nuncios

1300 2938 1406 2969 vestros
1421 2938 1580 2977 accepimus
1595 2960 1605 2976 ,
1628 2937 1669 2968 ob
1687 2939 1764 2978 quod
1782 2941 1864 2970 nobis
1882 2940 1966 2970 vestri
1988 2941 2074 2979 gratia
2095 2940 2263 2981 significastis
2277 2942 2357 2980 quod

1300 2977 1370 3007 loco
1383 2976 1471 3006 nostri
1485 2977 1558 3006 eritis
1574 2977 1604 3005 in
1619 2978 1734 3016 negotio
1745 2977 1935 3008 aestimationis
1949 2977 2106 3017 praedictae:
2252 3012 2254 3015 ¹
2291 3011 2294 3013 ,

1338 3015 1407 3046 Nos
1419 3037 1429 3052 ,
1451 3014 1485 3045 ad
1505 3015 1628 3052 quietem
1648 3016 1735 3046 animi
1756 3016 1840 3046 vestri
1857 3016 1902 3047 res
1915 3017 2011 3047 e6tum
2026 3016 2175 3055 habentes,
2201 3027 2235 3048 ac
2248 3017 2359 3059 insuper

1300 3052 1503 3084 considerantes
1516 3053 1591 3091 quod
1605 3052 1748 3084 Dominus
1761 3054 1856 3085 noster
1869 3026 1949 3093 eigs,
1968 3055 2001 3085 &
2015 3064 2066 3084 nos
2079 3055 2169 3086 vester
2181 3055 2357 3096 Consanguia

1299 3101 1385 3129 neus,
1402 3091 1519 3130 duasque
1533 3091 1636 3120 sorores
1650 3091 1799 3131 habemus,
1817 3102 1867 3130 per
1880 3103 1944 3132 quae
1958 3094 2028 3123 inter
2043 3102 2094 3123 nos
2108 3098 2193 3124 tantae
2207 3094 2357 3125 confoede*

1299 3130 1411 3160 rationis
1424 3129 1571 3160 vinculum
1585 3130 1759 3160 contrahitur
1780 3130 1857 3169 quod
1869 3130 1904 3161 de
1918 3132 1998 3161 vobis
2010 3152 2020 3170 ‚
2045 3141 2104 3170 prae
2124 3134 2247 3170 caeteris,
2263 3133 2353 3163 confi-

1299 3169 1364 3200 dere
1383 3168 1517 3199 debemus
1532 3191 1541 3205 ,
1562 3168 1702 3212 praecipue
1722 3178 1789 3200 curn
1808 3171 1824 3199 a
1845 3178 1972 3208 tempore
2014 3169 2108 3200 raestiti
2128 3172 2209 3202 vobis
2228 3171 2354 3210 homagii

1301 3206 1388 3237 nostri
1401 3207 1485 3236 nobis
1510 3207 1539 3235 in
1561 3207 1679 3245 negotiis
1699 3208 1817 3245 nostris,
1840 3216 1971 3248 tanquam
1988 3179 2131 3239 ssominus
2147 3211 2296 3250 propitius,
2314 3212 2359 3239 to⁴

1301 3247 1370 3276 tiens
1384 3245 1563 3275 subveneritis
1574 3243 1718 3274 liberaliter
1733 3247 1766 3277 ὃς
1779 3246 1900 3286 benigne
1908 3269 1918 3286 ‚

1336 3283 1458 3313 Dictum
1471 3283 1615 3321 negotium
1629 3281 1729 3312 vestrae
1741 3284 1941 3315 dominationis
1955 3285 2070 3315 arbitrio
2083 3285 2203 3315 totaliter
2223 3285 2359 3315 commit-

1301 3323 1399 3360 timus,
1417 3330 1448 3351 ut
1460 3320 1540 3358 super
1553 3320 1647 3350 valore
1659 3320 1742 3352 dietae
1754 3331 1834 3353 terrae
1842 3347 1850 3362 ‚
1867 3324 1900 3354 δε
1911 3323 1988 3362 super
2000 3324 2136 3363 arreragiis
2149 3323 2274 3354 transaffi
2286 3330 2359 3353 teme

1341 3362 1375 3390 ris
1388 3359 1536 3396 ordinetis,
1553 3359 1585 3388 ὃς
1599 3357 1665 3388 inde
1681 3361 1847 3397 provideatis
1859 3362 1892 3392 ad
1911 3371 1981 3405 opus
1997 3361 2123 3405 nostruin
2132 3384 2142 3399 ,
2157 3369 2240 3400 prout
2259 3360 2359 3391 vestrae

1321 3399 1457 3429 ileffionis
1472 3397 1610 3441 integritas
1624 3395 1727 3439 honori
1742 3399 1835 3430 vestro
1849 3422 1860 3438 ‚
1882 3401 1916 3431 ὃς
1930 3399 2123 3439 indempnitati
2141 3398 2245 3430 nostrae
2259 3400 2289 3429 in
2304 3399 2357 3430 hac

1301 3445 1376 3478 parte
1389 3444 1498 3467 HOVCI'lt
1511 3444 1672 3465 convenire,

1338 3475 1371 3506 ln
1386 3476 1463 3512 cujus
1469 3497 1479 3512 ,
1496 3474 1556 3504 &c.

1340 3549 1430 3581 Teste
1445 3549 1527 3589 Rege
1539 3548 1612 3590 apud
1625 3548 1743 3580 Turrim
1758 3547 1890 3580 London.
1907 3559 1945 3580 20
1959 3549 2005 3580 die
2013 3549 2089 3588 julii.

1383 3677 1432 3709 Dc
1449 3666 1684 3706 conventionibus
1699 3670 1824 3718 Alfimft
1846 3676 1922 3720 Rege
1939 3669 2062 3715 Castellae
2077 3670 2281 3719 obfirvandis.

1303 3759 1501 3823 HEnricus
1516 3757 1606 3801 »Dii
1620 3757 1705 3796 gratia
1716 3781 1726 3795 ,
1751 3756 1816 3787 Rex
1835 3756 1944 3801 Angliae
1958 3780 1983 3810 ,ι’
1992 3754 2135 3802 Dominus
2154 3757 2303 3791 Hiberniae
2322 3760 2355 3791 &

1380 3797 1453 3841 ‚DQ
1469 3796 1642 3835 Aquitaniae,
1657 3794 1798 3826 Edwardo
1813 3795 1870 3825 filio
1882 3798 1930 3826 (uo
1943 3805 2036 3839 primo
2055 3803 2132 3840 eiiito
2144 3796 2266 3841 salutem.

1304 3834 1685 3916 staretstart?
1697 3833 2027 3917 {alsasense
2043 3836 2356 3918 saris..s<j<ssisez

1305 3923 1369 3944 vare
1377 3936 1390 3956 ,μ
1404 3912 1551 3942 venerabili
1567 3910 1598 3940 P.
1617 3908 1815 3940 Herefordensi
1834 3909 1992 3962 Episcopo,
2010 3911 2043 3941 &
2063 3911 2168 3957 duecils
2182 3913 2214 3943 &
2229 3912 2354 3942 fidelibus

1305 3948 2358 4057 ¹1¹8Qiffssgfflss{3135{ZffissffibssQnssrfeffiffssssfflnissoeffiss’afss3222&

1308 4039 1368 4059 mus
1393 4038 1409 4057 u
1465 4036 1497 4056 ac
1523 4035 1610 4055 orma.

1390 4102 1506 4132 Enricus
1518 4101 1577 4131 Dei
1589 4100 1688 4139 gratia,
1707 4097 1772 4130 Rex
1780 4099 1907 4139 Angli-ae,
1925 4102 1984 4133 &c.
2000 4101 2156 4143 Venerabili
2170 4101 2243 4132 Patri
2256 4101 2289 4131 P.
2297 4100 2359 4131 Ι-ἷεὅ

1391 4139 1691 4178 refordenfiEpiscopo
1699 4161 1708 4176 ,
1723 4140 1757 4171 ὃς
1769 4138 1876 4170 dilectis
1888 4141 1921 4172 ἐξ
1935 4139 2059 4172 fidelibus
2072 4141 2121 4171 luis
2133 4140 2274 4182 Stephano
2282 4139 2365 4216 [gaggis

2362 1241 2394 1262 H.
2411 1246 2436 1272 3.

2363 1274 2465 1302 ibidem,

2373 2593 2448 2624 Ann.
2461 2593 2502 2624 D.

2400 2632 2484 2662 1261.

2372 2676 2425 2699 An.
2439 2682 2488 2708 45³

2373 2716 2407 2737 H.
2425 2720 2450 2746 3.

2376 2753 2485 2784 Pat.45.

2377 2792 2410 2814 H.
2424 2797 2448 2824 3.
2461 2797 2485 2813 n:

2378 2835 2419 2861 lJz

2377 3758 2454 3793 Ann-
2467 3761 2510 3799 Dr

2403 3801 2486 3830 1261.-

2377 3844 2427 3867 A».
2441 3848 2489 3875 45.

2376 3883 2409 3906 H.
2427 3887 2454 3914 3.

2377 3919 2489 3950 Pat.45⁴.

2379 3959 2412 3980 H.
2431 3963 2455 3988 3.
2471 3961 2509 3979 mr

2378 3994 2429 4027 4J'n
2439 3988 2509 4025 smel
