2570 4261
209 161 259 188 10
666 130 1925 182 CONVENTIONES‚LITERAE‚

56 233 133 265 Anii.
144 232 187 264 D.
1308 217 1496 257 prohibemus
1510 229 1520 256 3
1693 219 1852 252 Statuentes
1864 228 1897 251 ut
1906 219 2011 250 domus
2022 217 2069 250 seu
2082 218 2224 257 templum
2239 242 2249 257 ,
2272 219 2302 250 in
2316 228 2376 258 quo
2394 215 2471 250 Anii.
2483 216 2525 248 D.

83 273 169 310 1169.
245 266 424 308 pistavenffi,
600 268 619 300 Ὶ
1307 257 1372 301 estis
1387 256 1422 287 ad
1435 256 1494 300 Dei
1508 257 1621 288 laudem
1634 259 1670 289 &
1684 259 1804 296 gloriam
1819 283 1829 297 ,
1852 267 1938 297 atque
1959 257 2155 289 defensionem
2173 257 2289 288 suorum
2307 257 2378 289 fide-
2419 264 2506 294 1172.

248 306 397 347 Becmffl,
1311 296 1383 325 lium
1396 320 1405 334 ,
1427 296 1650 338 &liberandam
1670 296 1731 328 Dei
1754 297 1913 328 Ecclesiam
1939 297 2105 337 congregati
2119 321 2129 336 ,
2152 305 2223 327 cum
2241 297 2377 328 omnibus

248 346 342 376 Saufi‘i‘
360 339 561 380 Wandregifilt',
1310 332 1545 373 possessionibuS,
1563 335 1597 366 &
1611 335 1695 366 bonis
1715 336 1786 375 suis,
1801 345 1866 374 quae
1879 337 1909 366 in
1921 334 2130 373 praesentiarum
2141 334 2380 375 legitimehabei·e

247 381 411 422 Cadomenfis
1311 373 1494 412 cognoscitur
1544 382 1591 403 aut
1604 374 1633 403 in
1646 374 1775 405 futurum
1787 374 1973 406 concessione
1985 373 2163 404 Pontificum
2179 397 2189 412 ,
2215 373 2380 405 liberalitate

247 422 386 458 Troadis,
417 405 427 419 ³
613 433 639 475 >
658 437 700 466 Et
733 445 750 464 u
765 444 780 465 r
816 435 840 465 a,
856 445 883 464 m
915 433 1010 464 hrum
1021 431 1169 463 Abbium),
1313 410 1433 450 Regum
1446 410 1493 441 vel
1507 396 1692 456 i'rincipum,
1710 413 1857 458 oblatione
1867 411 1995 457 fidelium
2009 437 2019 451 ,
2044 412 2092 457 seu
2105 411 2252 457 aliis-justis
2267 411 2378 457 modis³

249 458 370 500 Cerifiaci
379 482 388 495 ‚
714 446 733 477 Ἰ
751 446 764 466 ⁰
781 447 817 465 “⁷²
837 446 855 464 ‘¹
895 446 934 465 ‘²‘
1043 465 1047 466 ⁷
1170 452 1177 459 ’
1312 449 1461 486 praestante
1474 448 1611 480 Domino
1622 474 1632 488 ,
1659 460 1765 489 poterit
1777 451 1891 490 adipisci
1903 475 1913 489 ,
1937 458 2078 489 perpffuis
2087 450 2187 482 futuris
2200 451 2379 489 temporibus

251 495 403 532 Rewdles,
1316 487 1366 518 sub
1378 487 1556 525 Apostolicae
1567 487 1637 519 sedis
1651 490 1738 520 tutela
1752 491 1785 522 &
1800 490 1982 528 protectione
1994 487 2135 520 consistat,

249 538 355 567 Mortui
370 535 470 572 mam,
1354 525 1487 557 Praesenti
1507 537 1625 566 quoque
1645 526 1762 559 decreto
1782 529 1920 559 sancimus
1939 537 1972 559 ut
1998 528 2056 558 vita
2085 526 2232 567 religiosa,
2264 536 2330 567 quae
2348 528 2379 558 in

248 571 412 613 Tironenfis,
1316 563 1409 595 domo
1424 565 1516 595 vestra
1531 564 1572 595 est
1581 590 1590 604 ,
1607 565 1703 597 divina
1715 567 1866 605 inspirante
1897 566 1979 611 ratiti,
1998 565 2122 596 instituta
2136 590 2146 604 ,
2164 565 2272 596 ibidem
2284 567 2380 598 invio-

83 2467 186 2503 *1.30.

85 2657 160 2688 Ami.
173 2655 213 2686 D.

113 2706 125 2725 1
134 2706 143 2724 1
153 2704 197 2731 72.

83 2739 120 2763 A.
133 2736 174 2761 ib'.
183 2738 216 2761 H.

86 2783 111 2800 2⁴
152 2777 190 2799 Ex

84 2815 192 2848 Asrtogr.

601 607 621 638 J

221 699 338 721 necnon
362 689 395 719 &
425 684 566 717 Gausredi
593 680 827 714 Antisiodorensis
843 704 853 718 ‚
885 680 919 711 ὃ(
953 677 1133 722 quorundam
1158 677 1279 721 aliorum

216 730 347 759 virorum
359 725 573 761 Religiosorum
588 747 598 760 ,
624 719 815 752 concessimus
827 718 970 749 antedicto
984 717 1177 760 Cantuariensi
1201 716 1280 753 (licet

218 767 293 805 ipse,
309 766 379 796 sicut
391 759 474 795 vobis
487 762 650 792 multotiens
663 759 832 799 signavimus
846 782 855 796 ,
879 757 984 796 absque
1000 756 1172 800 conscientia
1185 753 1280 784 nostra

223 807 258 837 ἃ
271 805 420 835 coactione
433 801 522 838 aliqua
535 810 551 829 3
564 799 671 839 Regno
685 796 787 827 nostro
801 797 907 833 exierit)
923 805 953 826 ut
967 797 997 826 in
1013 796 1095 826 bono
1117 795 1150 825 δε
1166 803 1194 823 in
1210 802 1280 830 pace

222 843 341 881 rediret,
360 844 393 874 ὃ(
406 838 589 877 possessiones
603 847 703 868 omnes
715 835 847 873 haberet,
864 835 934 865 sicut
946 834 1044 865 habuit
1057 831 1282 872 quandoaReg-

221 893 263 913 no
280 882 382 915 exivit,
398 880 430 909 &
444 877 500 915 ipse
513 878 547 907 ὃ(
561 885 679 915 omnes,
698 875 829 913 quicum
844 884 880 904 eo
893 873 940 903 vel
955 882 1008 910 pro
1020 883 1057 903 eo
1070 873 1217 915 exierunt,
1239 870 1281 900 ob

220 929 351 951 amorem
366 918 424 948 Dei
437 917 470 948 δ(
486 916 528 946 ob
539 924 670 945 amorem
683 912 811 944 vestrum
829 936 840 950 ,
860 911 932 943 salva
946 912 1080 951 dignitate
1100 910 1198 950 Regru
1215 919 1282 939 nos-

220 969 255 991 tn

250 610 416 652 Delbetcnsts
423 634 434 648 ‚

257 983 395 1034 Cumque
406 994 521 1025 Nuncii
533 991 634 1029 vestri,
651 1000 751 1021 coram
765 990 844 1027 supra
856 987 1008 1020 nominatis
1015 989 1099 1026 viriS,
1116 985 1281 1031 responsum

219 1036 278 1067 hoc
298 1035 399 1073 absque
426 1033 508 1063 omni
534 1029 762 1062 contradiffione
787 1028 956 1066 recepissent
974 1052 984 1067 ‚
1016 1033 1282 1058 excommunicatos

218 1075 299 1112 illos,
321 1075 368 1111 qui
385 1071 531 1110 praesentes
545 1069 675 1108 aderant,
692 1067 881 1099 absolverunt.
1181 1105 1186 1110 ¹
1201 1105 1206 1110 ¹

256 1112 405 1143 Convenit
416 1120 512 1142 autem
527 1111 599 1140 inter
613 1118 665 1138 nos
679 1131 689 1145 ,
715 1116 747 1137 ut
758 1106 826 1137 alter
839 1115 941 1137 eorum
956 1130 966 1144 ,
994 1104 1130 1136 Vivianus
1150 1104 1255 1148 scilicet
1270 1127 1280 1141 ,

218 1161 273 1189 pro
287 1151 338 1181 liiis
352 1175 361 1189 ,
387 1151 436 1188 qui
451 1150 480 1180 in
496 1148 597 1188 Anglia
617 1154 695 1177 erant
710 1144 904 1182 absolvendis,
919 1144 1113 1181 tansfretaret3
1130 1142 1282 1173 Gratianus

220 1200 292 1220 vero
306 1189 340 1219 ad
353 1189 441 1219 verba
459 1189 522 1218 haec
541 1187 691 1217 nominato
711 1183 904 1214 Cantuariensi
924 1181 1134 1220 transportanda
1154 1181 1281 1211 redieret.

223 1228 315 1259 Mane
325 1237 420 1258 autem
434 1226 511 1257 facto
528 1235 596 1256 cum
610 1226 645 1255 ab
667 1224 705 1253 eis
718 1248 727 1262 ,
753 1221 919 1261 quibusdam
937 1222 1058 1260 negotiis
1079 1231 1132 1251 nos
1156 1221 1283 1263 (accepta

220 1268 296 1305 ptius
310 1268 346 1297 ab
361 1268 399 1296 eis
413 1264 536 1302 licentia)
551 1262 739 1299 trahentibus,
765 1259 967 1291 recessissemus
981 1284 991 1298 ,
1014 1259 1153 1289 nescimus
1169 1282 1179 1297 ,
1204 1267 1283 1296 cujus

221 1305 358 1336 1011106111
371 1329 382 1342 ,
408 1313 455 1334 aut
477 1313 536 1342 quo
555 1302 650 1340 spiritu
662 1299 800 1331 concessis
813 1299 885 1329 stare
898 1298 1094 1329 recusaverunt
1110 1310 1120 1336 3
1143 1296 1285 1327 causantes

222 1345 344 1375 verbum
359 1343 428 1373 illud
443 1353 503 1381 quo
518 1351 569 1372 nos
584 1340 760 1380 Dignitatem
774 1337 870 1377 Regni
891 1337 982 1367 nostri
1001 1337 1102 1367 salvam
1124 1335 1187 1367 fore
1206 1335 1284 1366 dixe-

222 1393 334 1421 ramus,
350 1381 429 1420 quod
440 1391 499 1412 tam
514 1380 597 1410 riobis
614 1404 623 1417 ,
650 1387 736 1417 quam
751 1377 802 1407 illis
819 1377 868 1415 qui
879 1376 1028 1407 nobiscum
1041 1374 1155 1406 aderant
1169 1399 1179 1413 ,
1204 1374 1284 1405 nullo

219 1423 285 1462 jure
297 1422 332 1451 ab
346 1422 384 1451 eis
398 1419 500 1451 causari
512 1418 659 1449 videbatur
672 1416 784 1447 debere.

263 1460 331 1490 Nos
343 1469 438 1490 autem
451 1458 532 1496 hujus
546 1458 586 1487 rei
598 1456 632 1486 ad
645 1455 846 1486 conscientiam
863 1453 1011 1491 duximus,
1029 1452 1065 1483 de
1079 1451 1286 1490 vestraseniper

223 1497 392 1529 discretione
405 1496 601 1535 praesumentes
636 1494 714 1533 quod
726 1504 778 1524 vos
792 1494 820 1523 in
834 1493 912 1523 nullo
925 1493 1032 1523 honori
1043 1492 1143 1522 nostro
1150 1490 1220 1522 dero
1241 1500 1288 1521 are

224 1537 315 1567 velitis
328 1561 338 1575 ,
363 1537 410 1566 vel
436 1535 533 1574 Regni
554 1520 644 1564 001111
656 1533 782 1573 dignitati
796 1557 806 1570 ,
830 1532 936 1562 obnixe
951 1530 1097 1562 Serenitati
1110 1529 1211 1561 vestroe
1235 1540 1287 1568 up-

225 1575 359 1612 plicantes
373 1599 382 1613 ,
408 1583 544 1613 quatenus
565 1580 671 1603 attente
689 1571 896 1602 considerantes
910 1570 1054 1600 honorem
1068 1571 1102 1601 ὅ(
1115 1568 1263 1600 utilitatem
1275 1593 1286 1607 ,

225 1624 313 1652 quani
327 1614 408 1643 vobis
421 1614 455 1645 &
470 1610 568 1642 Curiae
581 1610 681 1642 vestrae
695 1611 885 1648 contulimus,
903 1610 936 1640 &
951 1610 980 1639 in
995 1608 1123 1639 futurum
1136 1632 1146 1647 ‚
1171 1607 1221 1637 nisi
1236 1617 1287 1645 per

225 1662 278 1683 vos
295 1652 417 1689 steterit,
435 1650 617 1681 conferemus
632 1674 642 1688 ‚
666 1649 703 1679 sic
718 1659 779 1679 rem
789 1648 951 1685 temperetis
966 1657 1002 1677 ne
1013 1655 1123 1677 tantum
1136 1655 1222 1685 penes
1235 1656 1288 1677 vos

226 1690 280 1721 sint
302 1691 372 1721 'illius
391 1688 489 1727 perfidi
510 1688 662 1726 proditoris
681 1686 770 1718 nostri
794 1686 938 1717 malitiosae
958 1685 1099 1716 blanditiae
1111 1709 1122 1724 ,
1147 1692 1287 1724 quantum

227 1728 382 1766 evidentia,
400 1736 445 1759 tot
459 1729 491 1759 &
504 1735 649 1757 tantorum
663 1727 793 1756 virorum
807 1724 975 1756 testimoniis
983 1725 1185 1762 corroborata,
1201 1723 1290 1754 causae

226 1766 331 1798 11011113ἱ
345 1768 460 1804 merita,
478 1765 524 1796 sed
537 1766 569 1804 ju
575 1774 616 1796 sta
631 1765 799 1803 petitionem
813 1763 941 1794 nostram
955 1773 1004 1793 eos
1019 1787 1029 1802 ,
1056 1763 1105 1802 qui
1118 1771 1289 1793 excommu-

226 1807 311 1836 nicati
327 1805 405 1841 sunt,
419 1804 585 1841 absolvatis,
603 1805 636 1835 ὃ(
651 1829 661 1843 ,
687 1813 724 1833 ne
741 1804 769 1832 in
784 1801 852 1832 alios
865 1812 1012 1833 venenum
1022 1801 1079 1833 suae
1090 1802 1291 1832 excommuni-

225 1846 345 1876 cationis
360 1842 508 1874 effundere
523 1841 628 1880 possint
642 1866 651 1880 ,
674 1841 844 1880 provideatis
858 1851 864 1870 :
891 1840 946 1871 Ne
958 1840 979 1870 si
993 1841 1086 1870 minus
1101 1841 1130 1869 in
1150 1840 1203 1871 1136
1218 1839 1291 1878 justa

227 1884 365 1922 petitione
378 1881 472 1913 nostra
484 1880 603 1911 exauditi
623 1880 775 1917 fuerimus,
794 1889 929 1917 tanquam
942 1878 978 1909 de
992 1877 1084 1909 vestra
1092 1879 1292 1909 benevolentia

226 1921 399 1990 ‹ligesperantes
413 1945 423 1960 ,
448 1920 526 1951 aliter
541 1919 677 1951 securitati
690 1918 796 1949 nostrae
811 1920 844 1951 ὃ(
859 1919 965 1949 honon'
977 1917 1138 1956 prospicere
1159 1917 1293 1956 compel-

258 1970 330 1990 mur.

264 1998 318 2037 Et,
340 1998 474 2037 quoniam
490 1997 609 2037 singula,
629 2005 692 2036 quae
704 2006 719 2026 a
730 1996 816 2028 nobis
824 1995 903 2026 (11813
915 1995 978 2026 sunt
989 1996 1024 2027 &
1059 1995 1198 2035 roposita,
1216 1994 1293 2026 diffi-

227 2037 283 2073 cile
298 2039 402 2075 scripto
417 2035 729 2074 comprehenderentur
742 2059 752 2074 ,
777 2034 989 2065 transmiffimus
1007 2044 1022 2064 a
1084 2035 1147 2065 edes
1167 2035 1295 2065 Paterni-

227 2078 290 2107 tatis
305 2076 407 2107 vestrae
419 2074 550 2106 Clericos
565 2075 712 2105 familiares
724 2072 855 2112 nostros,
874 2072 1034 2104 Ricardum
1079 2073 1295 2105 rchidiaconum

229 2114 266 2144 de
280 2115 431 2146 Salesberia
444 2139 454 2152 ,
478 2113 637 2144 Ricardum
656 2113 740 2144 Barre
753 2137 763 2151 ,
787 2114 837 2151 qui
859 2112 966 2150 plenius
978 2112 1061 2143 vobis
1075 2113 1179 2143 61111613
1195 2138 1205 2151 ,
1230 2122 1295 2152 quae

229 2154 299 2184 hinc
320 2153 385 2184 inde
405 2154 503 2193 agitata
522 2153 582 2183 sunt
597 2177 607 2190 ,
632 2160 799 2190 exponent,
824 2151 925 2189 quibus
945 2152 974 2180 in
992 2151 1103 2182 cunetis
1116 2175 1126 2190 ‚
1149 2162 1234 2190 quae,
1256 2160 1295 2181 ex

229 2191 326 2222 nostra
340 2201 418 2230 parte
432 2216 442 2230 ‚
465 2191 567 2223 vestr-az
577 2190 724 2221 sanctitati
738 2198 882 2228 exponent
893 2214 903 2229 ,
924 2189 1013 2220 fidem
1032 2189 1222 2221 indubitanter
1245 2189 1296 2220 ha-

229 2231 316 2262 beatis
331 2243 342 2269 3
365 2230 401 2261 de
423 2240 547 2268 quorum
566 2229 657 2260 reditu
680 2228 843 2260 festinanter
856 2228 1024 2259 maturando
1037 2228 1130 2259 vestra
1143 2238 1295 2268 precamur

230 2271 264 2300 ὃ(
279 2269 449 2300 consulimus
464 2269 580 2299 sollicite
595 2267 741 2306 provideat
757 2267 886 2298 discretio
901 2280 910 2306 3
939 2267 1076 2306 quoniam
1090 2274 1194 2298 eorum
1214 2277 1297 2298 mora

229 2307 389 2377 diuturnior
406 2308 565 2345 periculum
585 2309 619 2339 ὃ(
634 2307 773 2337 darmiuin
792 2306 969 2338 intolerabile
990 2305 1126 2337 Ecclefiae
1143 2305 1237 2346 posset
1254 2306 1296 2337 af-

246 2357 316 2377 erre.

234 2470 261 2498 ³¹ss
271 2472 453 2506 Alexander
474 2475 556 2518 Papa
575 2470 845 2517 Templum‚qtied
852 2471 947 2514 situm
966 2468 1004 2513 est
1018 2468 1227 2515 Jerosblimis‚
1239 2482 1299 2504 va-

277 2525 332 2554 riis
356 2525 521 2554 communit
539 2520 713 2566 Privilegiis
728 2546 738 2562 ‚
766 2517 923 2566 prohibens
931 2517 1036 2563 strigile
1053 2532 1088 2552 ne
1106 2523 1172 2566 quis
1190 2530 1300 2554 temere

273 2569 447 2616 praediflum
465 2570 561 2602 locum
575 2566 739 2616 perturbet.

236 2654 441 2716 ALexander
455 2654 628 2692 Episcopus,
646 2653 738 2684 servus
750 2653 898 2684 servorum
909 2652 977 2683 Dei.
1013 2652 1134 2683 Dileffis
1146 2653 1222 2684 Filiis
1236 2653 1301 2684 Od-

313 2693 382 2723 doni
404 2693 548 2733 &Iagistro
574 2692 723 2731 Religiofie
751 2692 864 2722 Militiae
887 2691 1007 2728 Templi
1033 2691 1111 2729 quod
1126 2691 1302 2730 Jetosolimis

237 2731 320 2762 situm
340 2731 381 2762 est
400 2755 409 2769 ,
442 2734 556 2770 eiusque
574 2730 786 2761 Succeffiiiibus
805 2731 838 2761 ὅ(
860 2729 1004 2760 Fratribus
1022 2737 1082 2760 tam
1103 2730 1301 2769 praesentibus,

237 2780 324 2808 quam
337 2770 435 2801 futuris
451 2770 623 2810 Regularcm
638 2770 735 2799 Vitam
748 2767 897 2806 Profeffis,
916 2769 945 2797 in
959 2768 1142 2805 Perpetuam.

274 2809 374 2839 Omne
389 2808 487 2839 datum
501 2810 645 2845 optimum
660 2832 670 2846 ,
694 2810 728 2839 δε
744 2816 835 2837 omne
846 2806 958 2837 donum
972 2806 1132 2844 perfectum
1146 2807 1183 2838 de
1197 2807 1302 2838 sursum

236 2847 276 2877 est
296 2847 467 2878 descendens
486 2857 502 2876 a
522 2847 605 2877 Patre
626 2847 769 2876 luminum
784 2870 794 2883 ,
817 2856 833 2876 a
843 2844 892 2875 iud
905 2852 993 2883 quern
1007 2855 1068 2875 non
1082 2845 1124 2876 est
1138 2846 1303 2877 transmuta-

237 2888 277 2916 tio
291 2911 300 2924 ,
325 2897 378 2917 nec
399 2885 590 2917 vicissitudinis
609 2885 817 2922 obumbratio,
867 2883 987 2922 roinde,
1014 2883 1111 2914 (111οέ11
1131 2885 1161 2914 10
1181 2884 1304 2916 domino

236 2924 298 2954 Filii
311 2947 320 2962 ,
345 2925 380 2955 de
402 2925 484 2955 vobis
505 2925 539 2955 ὃ(
558 2934 612 2961 pro
631 2924 714 2954 vobis
728 2922 971 2960 Omnipotentem
988 2922 1152 2953 Dominum
1163 2923 1305 2954 collauda-

236 2972 300 2992 mus
314 2987 323 2999 ,
343 2965 476 3001 quoniam
492 2964 519 2992 in
534 2962 665 2993 universo
678 2961 790 2992 mundo
803 2961 896 2992 vestra
910 2961 1007 3001 religio
1016 2986 1024 2999 2
1044 2963 1078 2993 &
1091 2962 1250 2993 veneranda
1261 2964 1305 2993 in-

237 3000 345 3031 stitutio
362 3003 511 3032 nuntiatur.

274 3038 354 3070 Cum
373 3041 452 3069 enim
467 3048 564 3069 natura
578 3038 669 3070 essetis
682 3038 744 3069 Filii
758 3039 806 3068 ine
817 3063 827 3077 ,
853 3039 886 3070 δε
899 3038 983 3069 seculi
997 3039 1188 3077 voluptatibus
1203 3038 1308 3078 dediti,

238 3088 315 3108 nunc
329 3102 339 3116 ,
365 3088 414 3115 per
434 3078 598 3114 aspirantem
617 3080 734 3116 gratiarii
748 3103 757 3116 ,
781 3077 928 3116 Evangelii
949 3087 1009 3108 non
1023 3077 1094 3107 surdi
1107 3077 1247 3109 auditores
1264 3078 1307 3109 ef-

238 3116 306 3147 sceti
320 3140 329 3154 ,
356 3116 458 3146 16116113
473 3117 585 3153 pompis
599 3116 780 3154 secularibus,
798 3118 831 3147 ὃ(
846 3117 929 3148 rebus
944 3117 1079 3155 propriis,
1097 3116 1208 3147 dimissa
1221 3117 1306 3148 etiam

237 3154 352 3192 spatiosa
369 3155 414 3184 via
459 3164 500 3184 ute
519 3153 596 3183 ducit
615 3153 649 3183 ad
669 3163 795 3184 mortem
809 3179 819 3191 ,
844 3154 964 3185 arduum
985 3156 1036 3185 iter
1049 3179 1060 3193 ,
1085 3155 1164 3193 quod
1179 3155 1257 3186 ducit
1272 3155 1307 3185 ad

239 3194 328 3223 vitam
342 3218 352 3232 ,
371 3193 451 3223 liumi
464 3194 515 3223 iter
527 3191 662 3231 elegistis,
680 3201 779 3230 atque,
798 3193 831 3222 ad
846 3193 1098 3231 comprobandum
1111 3194 1190 3232 quod
1203 3195 1232 3224 in
1248 3193 1307 3225 Dei

240 3232 338 3262 militia
359 3231 510 3270 specialiter
530 3231 762 3268 computemini,
786 3230 906 3270 Signum
929 3232 1050 3263 vivificae
1063 3233 1154 3263 crucis
1169 3234 1197 3263 in
1211 3232 1307 3265 vestro

241 3271 358 3307 pectore
373 3269 477 3300 assidue
491 3269 686 3299 circumfertis.

279 3308 401 3340 Accedit
412 3308 446 3339 ad
460 3309 518 3339 hoc
532 3307 628 3346 quod,
656 3316 791 3345 tanquam
803 3308 862 3337 veri
877 3307 1019 3347 Israelitae,
1037 3317 1121 3347 atque
1132 3309 1308 3340 1011016111ἷῖ-

243 3347 284 3375 mi
301 3346 387 3376 divini
408 3347 495 3385 praelii
514 3346 661 3377 bellatores
674 3370 684 3384 ,
706 3355 781 3375 verte
798 3345 917 3375 karitatis
932 3345 1063 3377 Flamma
1077 3348 1198 3378 succensi
1212 3373 1222 3386 ,
1247 3348 1309 3379 dic-

242 3392 306 3414 tum
319 3384 524 3425 Evangelicum
537 3385 670 3423 operibus
682 3383 838 3421 adimpletis
851 3407 861 3421 ,
882 3394 945 3421 -quo
958 3384 1075 3423 dicitur,
1094 3385 1241 3424 Majorem
1254 3387 1308 3417 hac

242 3420 427 3491 dfl‘ssssmfflssm
444 3434 533 3455 nemo
555 3424 641 3454 habet
654 3447 664 3462 ,
689 3432 776 3461 quam
795 3430 827 3453 ut
845 3422 971 3452 animam
989 3424 1065 3454 suam
1078 3433 1166 3463 ponat
1179 3426 1240 3464 quis
1253 3435 1308 3464 pro

242 3469 340 3490 amicis
365 3473 411 3492 uis.

280 3498 371 3529 Unde
382 3502 467 3531 etiam
479 3501 556 3539 jiixta
569 3499 684 3530 Summi
701 3498 823 3530 Pastoris
841 3508 949 3529 vocem
965 3523 974 3537 ,
1003 3501 1109 3530 animas
1128 3500 1233 3532 vestras
1254 3511 1308 3540 pro

245 3536 374 3580 fratribus
396 3549 503 3576 ponere
516 3563 526 3577 ‚
552 3539 656 3576 eosque
680 3539 716 3568 ab
734 3537 890 3568 incursibus
905 3536 1086 3576 Paganorum
1098 3538 1241 3570 defensare
1252 3542 1308 3570 rni-

245 3584 323 3604 nime
343 3576 519 3607 formidatis·
555 3577 588 3607 &
602 3600 612 3614 ,
644 3587 711 3606 curn
729 3578 850 3607 nomine
872 3575 1041 3606 censeamini
1061 3577 1163 3608 milites
1183 3578 1306 3616 templi,

246 3611 393 3656 constituti
408 3614 470 3644 estis
480 3625 495 3644 a
510 3602 644 3645 homino
658 3613 818 3646 Catholicae
831 3613 969 3645 Ecclesiae
992 3613 1150 3646 defensores
1165 3639 1175 3654 ,
1200 3616 1234 3648 &
1253 3617 1306 3648 ini-

247 3660 394 3694 micorum
408 3651 515 3683 Christi
529 3654 746 3692 impugnatores.

284 3688 370 3719 Licet
383 3699 477 3720 autem
491 3690 618 3721 vestrum
630 3690 772 3728 studium,
790 3693 823 3722 ὃ(
837 3691 972 3723 laudanda
983 3690 1103 3723 devotio
1116 3691 1146 3722 in
1159 3700 1219 3722 tam
1226 3692 1305 3723 sacro

247 3736 351 3765 opere,
369 3735 433 3757 toto
447 3728 534 3758 corde
549 3730 581 3759 ὃ(
595 3738 655 3759 tota
670 3738 766 3759 mente
777 3729 907 3769 desudet,
925 3730 1126 3761 nichilominus
1138 3732 1305 3761 1301001101-

247 3765 408 3808 versitatem
417 3765 539 3796 vestram
552 3768 732 3798 exhortamur
745 3769 775 3797 10
788 3767 925 3808 domino,
943 3778 1027 3808 atque
1039 3793 1048 3807 ‚
1078 3770 1108 3798 in
1120 3778 1304 3807 peccatorum

248 3803 460 3847 remissionem,
478 3805 643 3836 auctoritate
654 3805 714 3836 Dei
733 3806 766 3837 &
781 3806 854 3836 beati
867 3806 946 3838 Petri
959 3833 969 3846 ,
996 3806 1206 3846 Apostolorum
1221 3806 1305 3837 Prin-

247 3851 318 3879 cipis
365 3849 424 3871 tam
443 3842 525 3885 vobis
578 3853 663 3880 quam
675 3844 855 3874 servitoribus
869 3846 966 3876 vestris
980 3847 1152 3886 injungimus
1171 3854 1202 3876 ut
1215 3870 1225 3884 ,
1249 3856 1304 3883 pro

247 3865 351 3910 tuend'a
364 3878 512 3909 Catholica
530 3866 655 3910 sscclesia
668 3906 678 3920 ,
701 3883 735 3913 &
749 3892 781 3912 ffl
795 3907 804 3921 ,
829 3892 892 3920 quae
905 3883 945 3913 est
960 3885 1010 3914 sub
1024 3884 1204 3924 Paganomm
1217 3884 1303 3914 tiran-

248 3917 329 3961 nide,
347 3917 382 3947 de
396 3918 520 3985 ipsorum
532 3917 660 3961 spurcitia
673 3920 794 3950 eruenda
807 3945 816 3959 ,
836 3922 1027 3959 ‚expugnando
1040 3924 1172 3953 inimicos
1194 3923 1303 3960 crucis,

247 3964 383 3985 invocato
429 3955 505 3986 hristi
518 3965 653 3999 nomine,
668 3958 806 3996 intrepide
818 3958 957 3989 laboretis.
997 3960 1039 3990 Ea
1055 3963 1141 3991 etiam
1153 3984 1163 4000 ,
1189 3970 1255 4001 quae
1267 3960 1303 3991 de

248 4003 349 4023 eorum
365 3994 455 4031 spoliis
471 3995 599 4031 ceperitis
610 4019 619 4032 ,
644 3994 761 4026 fidenter
774 3998 803 4026 in
819 3997 880 4027 usus
897 3997 1005 4027 vestros
1025 4001 1197 4030 convertatis
1209 4024 1220 4039 ,
1245 4000 1280 4030 δε
1293 4023 1303 4038 ,

246 4041 283 4063 ne
296 4031 332 4062 de
344 4032 401 4070 his,
419 4041 518 4064 contra
533 4032 606 4064 velle
620 4032 745 4064 vestrum
760 4059 769 4075 ³
791 4036 957 4073 portionem
969 4035 1052 4067 alicui
1066 4036 1131 4070 dare
1144 4038 1304 4078 cogamini,

1315 602 1434 633 labiliter
1451 603 1640 643 observetur,
1665 606 1699 636 ὅ(
1721 606 1818 636 fratres
1841 606 1880 636 ini
1902 615 1934 644 i,
1959 605 2153 643 omnipotenti
2171 603 2308 636 Domino
2324 605 2381 635 ser-

1317 642 1442 679 vientes,
1459 641 1536 672 caste
1550 643 1584 674 &
1597 642 1655 673 sine
1668 645 1786 682 proprio
1799 646 1913 682 vivant,
1928 645 1977 682 &,
1992 643 2198 682 professionem
2208 643 2286 673 suam
2297 642 2382 674 (116113

1317 678 1352 710 &
1372 680 1500 723 moribus
1517 682 1740 718 comprobantes
1754 708 1765 722 ,
1788 680 1932 723 Magistro
1949 682 2000 713 suo
2014 706 2024 720 ,
2048 691 2095 713 aut
2114 681 2216 720 quibus
2237 680 2294 719 ipse
2309 691 2383 719 prae—

1319 727 1354 748 ce
1376 726 1427 748 erit
1439 740 1448 755 ‚
1462 728 1491 747 in
1504 719 1640 749 omnibus
1653 721 1686 751 &
1720 730 1750 751 er
1761 722 1860 752 omnia
1873 721 1990 760 subjecti
2004 722 2038 752 &
2052 720 2217 752 obedientes
2231 718 2356 750 existant.

1383 757 1498 787 raeterea
1537 730 1761 801 uemadrnodpum
1782 759 1887 791 domus
1908 759 1964 797 ipsa
1983 760 2064 798 hujus
2093 758 2177 790 sacrae
2201 757 2385 789 institutionis

1319 793 1421 825 vestrae
1433 795 1467 826 &
1481 805 1516 825 or
1536 804 1587 825 mis
1602 796 1667 826 fons
1684 798 1718 828 ὅ(
1738 800 1823 839 origo
1843 798 1899 829 esse
1919 799 2102 836 promeruit,
2126 799 2163 828 ita
2180 795 2385 828 nichilominus

1320 834 1454 864 oninium
1473 833 1610 864 locorum
1623 859 1634 873 ,
1656 835 1691 865 ad
1708 845 1772 866 eam
1792 838 1997 876 pertinentium
2011 861 2022 876 ,
2051 844 2136 875 caput
2155 837 2190 868 ὃ(
2210 833 2341 875 magistra
2353 836 2384 866 in

1322 882 1495 910 perpetuum
1512 872 1654 903 habeatur.

1349 910 1406 954 ,Ad
1421 911 1483 942 haec
1497 911 1648 942 adicientes
1659 914 1838 951 praecipimus
1852 914 2035 952 ut,obeunte
2042 921 2088 952 te,
2101 913 2205 944 (1110610
2211 914 2240 943 10
2247 912 2385 944 Domino

1322 949 1376 979 Fili
1395 949 1485 996 Qddo
1501 974 1514 994 ³.
1534 951 1580 980 vel
1601 958 1718 981 tuorum
1741 953 1871 990 quolibet
1891 952 2094 983 Successorum
2108 977 2117 990 ,
2140 952 2232 983 nullus
2260 951 2384 990 ejusdem

1321 987 1428 1019 domus
1440 988 1569 1019 fratribus
1583 996 1780 1028 praeponatur,
1797 991 1848 1021 nisi
1861 991 1985 1021 militaris
2000 992 2034 1022 &
2048 991 2173 1031 religiosa
2179 990 2312 1029 persona,
2321 999 2388 1029 quae

1322 1026 1422 1058 vestiae
1440 1028 1661 1058 conversationis
1680 1028 1809 1059 habitum
1830 1029 1864 1060 sit
1883 1029 2024 1068 professa,
2048 1039 2103 1060 nec
2120 1030 2157 1060 ab
2175 1029 2233 1060 aliis
2245 1053 2255 1068 ,
2278 1028 2329 1059 nisi
2349 1029 2386 1058 ab

1322 1066 1608 1136 pinnibusl'fratribus
1622 1067 1641 1086 *¹²
1657 1066 1769 1098 insimul
1782 1092 1792 1106 ,
1807 1067 1855 1099 vel
1865 1077 1882 1098 a
1894 1068 2100 1107 111111011133110,
2117 1069 2165 1106 qui
2178 1066 2386 1106 praeponendus

1335 1113 1406 1135 UCl'lt
1442 1114 1564 1136 efflatur.

1335 1181 1341 1187 .
1360 1129 1454 1174 Por’ro
1474 1129 1690 1175 Smisuetudines
1706 1169 1717 1183 ,
1741 1144 1776 1175 ad
1795 1143 1897 1176 vestrae
1914 1145 2056 1184 religionis
2073 1145 2107 1176 &
2124 1144 2217 1176 officii
2235 1144 2389 1175 observan-

1321 1190 1390 1224 tiam
1407 1192 1423 1212 a
1441 1181 1585 1222 Magistro
1604 1184 1639 1214 &
1657 1183 1787 1214 fratribus
1806 1184 2002 1215 communiter
2019 1182 2154 1214 institutas
2166 1207 2177 1221 ,
2200 1183 2270 1214 nulli
2284 1182 2390 1214 Eccle-

1324 1219 1438 1251 siasticae
1457 1220 1606 1253 secularive
1620 1221 1745 1260 personae
1758 1222 1912 1262 infringere
1924 1222 1972 1252 vel
1983 1222 2113 1252 minuere
2125 1221 2158 1252 sit
2174 1221 2283 1251 licitum
2296 1233 2307 1259 .·,
2331 1231 2389 1252 033-

1323 1257 1391 1289 dem
1411 1268 1529 1298 quoque
1548 1260 1762 1292 consuetudines
1781 1271 1796 1292 3
1817 1261 1900 1292 vobis
1918 1260 1954 1290 ali
1976 1269 2062 1291 uanto
2073 1269 2205 1297 ternpore
2217 1259 2390 1298 observatas,

1323 1297 1357 1328 &
1371 1297 1475 1335 scripto
1490 1297 1610 1330 firmatas
1623 1324 1633 1338 ,
1650 1309 1711 1330 non
1725 1299 1775 1330 nifi
1787 1299 1822 1330 ab
1835 1310 1888 1338 eo,
1904 1300 1953 1337 qui
2007 1297 2106 1339 agister
2120 1297 2180 1337 est,
2198 1298 2392 1330 consentiente

1323 1343 1419 1366 tamen
1433 1336 1531 1367 saniori
1545 1346 1623 1375 parte
1635 1339 1764 1377 capituli,
1781 1339 1864 1370 liceat
1877 1337 2029 1368 immutari.

1362 1373 1551 1405 prohibemus
1567 1376 1704 1414 siquidem
1715 1378 1750 1408 ὃ(
1762 1375 1939 1407 omnimodis
1949 1375 2143 1407 interdicimus
2157 1400 2167 1414 ,
2185 1383 2217 1407 ut
2232 1374 2392 1414 fidelitates,

1324 1412 1453 1443 hominia
1466 1437 1476 1452 ,
1501 1413 1560 1445 sive
1568 1415 1726 1453 juramenta
1738 1440 1749 1455 ,
1773 1415 1819 1446 vel
1833 1415 1951 1453 reliquas
1962 1414 2138 1453 securitates,
2157 1423 2221 1453 quae
2235 1424 2251 1443 3
2262 1414 2392 1445 seculari-

1324 1451 1378 1481 bus
1396 1451 1630 1493 frequentantur,
1656 1453 1732 1484 nulla
1751 1452 1946 1484 Ecclesiaffica
1963 1453 2128 1484 secularisve
2148 1452 2267 1491 persona
2287 1463 2303 1483 a
2324 1450 2393 1483 Ma-

1326 1489 1415 1529 gistro
1429 1492 1463 1522 &
1477 1490 1618 1523 Fratribus
1631 1492 1757 1530 ejusdem
1767 1492 1874 1523 domus
1887 1493 1998 1532 exigere
2010 1491 2118 1522 audeat.
2201 1529 2203 1531 q

1364 1527 1437 1572 illud
1457 1538 1552 1560 autem
1572 1529 1672 1561 scitote
1687 1555 1696 1570 ,
1723 1532 1860 1569 quoniam
1877 1530 1949 1561 sicut
1959 1530 2051 1560 vestra
2063 1530 2137 1561 sacra
2147 1529 2287 1560 institutio
2300 1529 2335 1561 ὃ(
2347 1539 2394 1560 re-

1327 1567 1421 1606 ligiosa
1447 1568 1545 1599 militia
1565 1568 1661 1599 divina
1677 1565 1722 1600 est
1739 1568 1918 1608 providentia
1937 1568 2056 1599 stabilita
2073 1593 2083 1607 ,
2119 1569 2158 1599 ita
2174 1567 2395 1606 nichilomimis,

1327 1606 1428 1636 nullius
1446 1608 1513 1638 vine
1531 1607 1708 1648 religiosioris
1729 1608 1852 1639 obtentu
1871 1631 1881 1647 ‚
1904 1606 1938 1638 ad
1957 1608 2058 1638 locum
2076 1606 2163 1637 alium
2182 1616 2236 1638 vos
2252 1607 2396 1637 ‘convenit

1328 1645 1499 1676 transvolare
1511 1658 1518 1663 ·
1545 1645 1626 1676 Deus
1639 1648 1716 1677 enim
1728 1671 1738 1685 ,
1757 1649 1806 1686 qui
1821 1646 1862 1677 ost
1870 1646 2115 1677 incommutabilis
2126 1646 2162 1676 ὅ(
2175 1653 2311 1683 aetemus,
2328 1654 2396 1675 mu-

1327 1683 1422 1727 tabilia
1440 1670 1528 1715 cord³a
1538 1692 1600 1715 non
1611 1687 1749 1724 approbat
1762 1710 1772 1724 ,
1796 1685 1842 1716 sed
1854 1685 1952 1724 potius
1962 1685 2073 1716 sacrum
2085 1684 2263 1728 propositum
2275 1708 2285 1722 ,
2310 1683 2397 1715 semel

1327 1730 1476 1760 inceptum
1485 1747 1495 1761 ,
1514 1723 1632 1761 perduci
1645 1725 1707 1755 vult
1720 1735 1751 1754 us
1775 1733 1810 1754 ue
1822 1725 1854 1754 in
1865 1723 1954 1754 fir-iem
1965 1722 2069 1754 debitae
2082 1723 2209 1753 aetionis.

1367 1761 1453 1806 Qot
1474 1763 1509 1794 &
1528 1764 1625 1800 quanti
1645 1763 1696 1794 sub
1716 1735 1828 1793 milliari
1846 1759 1968 1802 cingulo
1981 1762 2016 1793 &
2028 1761 2150 1792 clamide
2163 1761 2268 1792 tien-eni
2277 1757 2397 1799 Imperii

1330 1796 1466 1830 Domino
1486 1800 1652 1838 placuerunt
1667 1826 1678 1840 ,
1703 1801 1811 1840 sibique
1827 1800 1997 1832 memoriale
2013 1808 2186 1839 ⁴perpetuum
2205 1798 2398 1838 reliquenmt?

1331 1837 1418 1877 Qiot
1435 1840 1469 1870 &
1489 1841 1610 1878 quanti,
1635 1841 1666 1870 in
1685 1841 1770 1870 armis
1789 1840 1897 1871 bellicis
1913 1838 2062 1870 constituti
2072 1848 2127 1884 pro
2137 1838 2308 1870 testamento
2321 1836 2399 1877 Dei,

1331 1877 1364 1908 &
1385 1884 1564 1914 paternarum
1576 1878 1674 1918 legum
1685 1877 1849 1909 defensione
1861 1903 1871 1917 ,
1895 1877 2020 1909 suistem
2063 1878 2138 1908 ribus
2149 1877 2262 1908 ‘sortiter
2277 1876 2398 1908 dimica-

1331 1923 1398 1946 runt
1410 1940 1419 1954 ,
1442 1924 1528 1955 atque
1575 1925 1674 1947 manus
1690 1917 1748 1948 suas
1766 1918 1796 1947 iri
1816 1916 1949 1957 sanguine
1966 1916 2013 1946 insi
2035 1916 2122 1946 elium
2141 1914 2278 1946 Domino
2298 1915 2399 1946 conse-

1332 1962 1442 1985 crantes
1454 1979 1464 1994 ,
1486 1940 1552 1994 13011
1571 1955 1690 1986 bellicos
1713 1955 1826 1987 sudores
1845 1964 1958 1986 aetemae
1974 1956 2042 1986 vitae
2058 1953 2191 1986 bravium
2210 1953 2273 1985 sunt
2285 1951 2400 1992 adepti?

1332 1991 1436 2024 Videte
1458 1995 1553 2033 itaque
1569 1995 1755 2026 vocationem
1776 1993 1899 2026 vestram
1919 2002 1977 2024 tam
2005 1992 2108 2024 milites
2126 2003 2213 2031 quarn
2232 1993 2400 2031 servientes,

1332 2039 1418 2070 atque
1431 2032 1510 2071 juxta
1527 2032 1703 2072 Apostolum
1714 2057 1724 2072 ‚
1745 2035 1937 2072 unusquisque
1955 2031 2086 2065 vestrum
2098 2056 2108 2070 ,
2131 2032 2162 2062 in
2173 2030 2231 2070 qu&
2244 2032 2400 2062 vocatione

1334 2079 1452 2102 vocatus
1467 2071 1527 2110 est,
1542 2073 1574 2102 i'ri
1586 2071 1619 2103 eti
1633 2081 1803 2111 permaneat.

1372 2107 1501 2148 Ideoque
1521 2109 1617 2142 fratres
1636 2110 1746 2142 vestros
1765 2110 1851 2142 semel
1866 2109 1988 2142 devotos
2000 2134 2010 2149 ,
2031 2118 2117 2148 atque
2133 2109 2164 2139 in
2181 2108 2261 2139 saci-o
2275 2107 2350 2139 colle
2370 2109 2401 2139 io

1334 2147 1431 2178 vestro
1443 2158 1573 2188 receptos
1584 2175 1594 2189 ,
1609 2149 1675 2188 post
1689 2150 1792 2180 13έ1310
1806 2150 1835 2180 10
1848 2148 1942 2180 vestra
1954 2147 2052 2180 militiai
2066 2147 2286 2187 professionem,
2304 2147 2338 2179 &
2371 2157 2400 2178 a-

1334 2187 1428 2218 bitum
1441 2188 1584 2229 religionis
1596 2188 1769 2227 assumptum
1781 2213 1792 2227 ,
1807 2187 1968 2219 revertendi
1981 2188 2015 2218 ad
2026 2187 2162 2218 saeculum
2176 2186 2283 2217 nullam
2295 2186 2401 2218 habere

1334 2226 1514 2268 praecipimus
1527 2227 1689 2258 facultatem
1702 2239 1713 2266 3
1738 2237 1793 2258 nec
1806 2226 1892 2258 alicui
1901 2235 1955 2257 -eos
1968 2226 2007 2257 fas
2022 2225 2054 2257 fit
2067 2249 2077 2264 ,
2095 2224 2160 2264 post
2173 2225 2278 2255 saetam
2291 2225 2402 2263 profes-

1335 2266 1445 2294 sionem
1457 2290 1467 2303 ,
1484 2266 1569 2297 semel
1582 2265 1753 2304 assumptam
1767 2272 1886 2296 crucem
1897 2264 2092 2301 dominicam,
2110 2264 2143 2295 ὃ(
2156 2264 2285 2294 habitum
2299 2263 2403 2294 vestrae

1334 2303 1477 2342 religionis
1495 2305 1615 2343 abjicere
1626 2329 1637 2343 ,
1660 2304 1706 2335 vel
1719 2304 1754 2334 ad
1767 2304 1854 2335 alium
1867 2304 1968 2340 locum
1981 2329 1992 2343 ,
2013 2303 2059 2334 seu
2073 2303 2159 2333 etiam
2173 2301 2403 2341 Monasterium,

1335 2343 1450 2380 majoris
1468 2342 1526 2374 five
1538 2345 1657 2374 minoris
1670 2343 1719 2373 reli
1740 2344 1811 2373 ionis
1824 2343 1946 2374 obtentu
1958 2367 1969 2381 ,
1994 2341 2088 2373 invitis
2101 2340 2158 2371 sive
2170 2341 2334 2371 inconsultis
2347 2341 2405 2371 fra-

1336 2381 1425 2410 tribus
1438 2390 1485 2412 aut
1497 2392 1534 2412 eo
1545 2407 1556 2421 ,
1582 2383 1631 2420 qui
1644 2353 1785 2421 Magiffier
1796 2381 1916 2412 extiterit
1927 2405 1937 2419 ,
1954 2382 2037 2412 liceat
2047 2380 2259 2419 transmigrare,
2279 2379 2406 2418 nullique

1336 2417 1542 2464 Ecclesiasticae
1559 2420 1710 2452 secularive
1728 2420 1854 2459 personae
1872 2419 1945 2458 ipsos
1962 2417 2128 2457 ‘suscipiendi
2146 2426 2193 2450 aut
2212 2417 2352 2450 retinendi
2372 2418 2406 2449 li-

1338 2467 1431 2488 centia
1480 2467 1544 2489 teat.
1570 2484 1571 2487 ,

1374 2495 1429 2536 Et,
1445 2468 1584 2536 {ironiam
1596 2522 1606 2536 ,
1631 2499 1681 2536 qui
1699 2497 1762 2529 sunt
1780 2495 1917 2528 Ecclefiae
1934 2495 2098 2527 defensores
2117 2494 2155 2526 de
2167 2494 2257 2526 bonis
2270 2493 2406 2526 Ecclesiae

1338 2533 1444 2566 debent
1463 2537 1560 2567 vivere
1577 2547 1610 2567 ac
1623 2536 1767 2567 sustentari
1780 2561 1790 2575 ‚
1815 2536 1851 2566 dc
1865 2536 1948 2566 rebus
1960 2535 2116 2566 mobilibus
2161 2534 2208 2566 vel
2221 2534 2249 2565 se
2260 2535 2407 2566 moventi-

1339 2575 1407 2612 bus,
1423 2574 1469 2605 seu
1482 2574 1519 2605 de
1532 2575 1719 2614 quibussibet,
1735 2585 1800 2614 quae
1811 2575 1847 2605 ad
1860 2573 1986 2606 vestram
1998 2558 2190 2605 venerabilem
2204 2572 2328 2604 domum
2341 2583 2407 2611 per-

1338 2614 1452 2652 tinent,
1474 2624 1491 2644 a
1504 2615 1587 2645 vobis
1597 2613 1722 2645 decimas
1735 2614 1808 2654 exigi
1820 2638 1831 2653 ,
1848 2623 1949 2645 contra
1960 2612 2139 2646 volimtatem
2149 2610 2273 2643 vestram
2281 2635 2291 2649 ‚
2309 2612 2406 2642 omni-

1340 2651 1434 2682 modis
1448 2653 1640 2690 prohibemus.

1378 2689 1427 2720 Ut
1444 2699 1538 2721 autern
1558 2690 1594 2720 ad
1612 2689 1818 2729 plenitudinem
1832 2689 1927 2720 *salutis
1939 2714 1950 2728 ,
1970 2690 2007 2721 '&
2019 2698 2118 2720 curam
2129 2687 2288 2718 animarum
2302 2687 2408 2718 vestra-

1341 2737 1407 2758 rum
1419 2729 1508 2759 nichil
1520 2730 1603 2760 vobis
1617 2729 1686 2759 desit
1728 2730 1762 2760 &
1776 2728 1970 2758 Ecclesiastica
1982 2728 2179 2765 Sacramenta,
2193 2727 2228 2758 &
2240 2725 2349 2756 Divina
2359 2727 2407 2757 of·-

1341 2766 1412 2810 ficia·
1424 2766 1521 2798 vestro
1540 2767 1619 2798 sacro
1638 2752 1772 2807 Collegio
1791 2766 1976 2797 commodius
1989 2766 2194 2802 exhibeantur,
2220 2764 2302 2795 fimili
2315 2764 2408 2796 modo

1341 2805 1479 2836 sancimus
1493 2830 1503 2844 ,
1529 2814 1561 2836 ut
1576 2806 1656 2837 liceat
1670 2807 1753 2836 vobis
1764 2805 1900 2836 honestos
1913 2804 2043 2835 Clericos
2056 2805 2090 2835 &
2105 2802 2271 2834 Sacerdotes
2282 2828 2292 2842 ,
2309 2803 2410 2835 secun-

1343 2845 1414 2874 dum
1429 2844 1530 2875 Deum
1544 2869 1553 2883 ‚
1576 2853 1716 2883 quantum
1729 2843 1763 2875 ad
1775 2844 1897 2876 vestram
1911 2843 2124 2874 Conscientiam
2135 2866 2147 2880 ,
2169 2840 2314 2873 ordinatos
2355 2852 2409 2873 un-

1343 2882 1507 2922 decumque
1525 2882 1560 2913 ad
1580 2893 1633 2914 vos
1651 2884 1795 2914 venientes
1815 2883 1970 2920 suscipere,
1993 2882 2027 2912 &
2042 2890 2101 2912 tam
2116 2882 2145 2910 in
2179 2881 2304 2919 rincipali
2336 2891 2409 2912 omo

1344 2921 1438 2952 vestri.
1450 2946 1460 2961 ,
1507 2922 1574 2952 uiim
1588 2923 1673 2953 etiam
1685 2923 1714 2952 in
1726 2921 1892 2953 obedientiis
1907 2922 1942 2953 &
1954 2921 2026 2951 locis
2040 2920 2091 2950 fibi
2100 2920 2130 2950 su
2172 2921 2214 2950 itis
2226 2944 2236 2958 ,
2257 2919 2410 2951 vobiscum

1344 2961 1448 2992 habere
1460 2985 1470 2999 ,
1512 2960 1656 2994 ummodo
1669 2985 1679 3000 ‚
1702 2960 1723 2991 fi
1738 2971 1755 2991 e
1766 2961 1864 2991 vicino
1870 2960 1937 2990 sunt
1948 2984 1958 2998 ,
1975 2969 2025 2990 eos
2037 2969 2053 2989 a
2064 2969 2119 2997 pro
2140 2960 2184 2989 riis
2199 2957 2346 2996 Episcopis
2359 2967 2410 2989 ex-

1344 2999 1462 3038 peitatis
1475 3022 1484 3037 ‚
1508 2998 1596 3030 iidem
1618 3010 1654 3030 ue
1672 2999 1742 3029 nulli
1761 2998 1807 3029 alii
1824 2997 1989 3037 professioni
2008 2997 2055 3028 vel
2073 3008 2109 3028 or
2128 2998 2167 3028 ini
2185 3004 2332 3027 teneantur
2353 2998 2410 3027 ob-

1344 3039 1422 3069 noxii
1436 3048 1442 3067 :
1466 3037 1549 3075 quod
1566 3039 1587 3068 si
1633 3038 1740 3076 piscopi
1758 3036 1875 3068 eosdem
1889 3037 1974 3067 vobis
1987 3036 2064 3066 forte
2075 3035 2238 3067 concedere
2250 3035 2412 3075 noluerint,

1344 3076 1546 3107 nichilominus
1557 3086 1654 3108 tamen
1665 3086 1714 3107 eos
1727 3075 1888 3114 suscipiendi
1902 3077 1936 3107 ὃ(
1949 3074 2101 3115 retinendi,
2118 3075 2284 3106 auctoritate
2296 3073 2410 3106 sanem

1345 3115 1491 3147 Romanae
1502 3114 1653 3154 Ecclesiae,
1671 3115 1815 3145 licentiam
1822 3115 1959 3145 habearis.

1383 3154 1414 3185 Si
1427 3163 1499 3185 vero
1511 3154 1597 3192 aliqui
1607 3155 1714 3185 horum
1729 3177 1738 3191 ‚
1755 3152 1821 3190 post
1835 3153 1939 3184 saetam
1953 3151 2176 3191 professionem,
2186 3151 2350 3182 turbatores
2363 3161 2408 3183 re-

1344 3193 1457 3233 ligionis
1469 3192 1571 3223 vestrae
1582 3216 1593 3231 ,
1616 3201 1664 3223 aut
1674 3191 1780 3222 domus
1792 3216 1802 3230 ,
1827 3191 1874 3223 vel
1885 3193 1971 3223 etiam
1983 3190 2093 3222 inutiles
2105 3191 2281 3229 apparuerint
2288 3213 2304 3229 „
2327 3191 2409 3221 liceat

1346 3232 1430 3262 vobis
1451 3241 1500 3261 eos
1510 3254 1521 3268 ,
1543 3240 1612 3261 cum
1631 3230 1732 3261 saniori
1744 3239 1822 3268 parte
1836 3230 1964 3268 capituli,
1975 3239 2130 3267 amovere,
2143 3230 2239 3267 eisque
2251 3228 2409 3260 transeundi

1346 3269 1382 3300 ad
1394 3270 1482 3300 alium
1494 3268 1627 3299 ordinem
1640 3293 1650 3307 ,
1679 3268 1729 3298 ubi
1743 3268 1897 3299 secundum
1909 3268 2011 3298 Deum
2023 3269 2120 3298 vivere
2132 3267 2276 3298 voluerint
2287 3291 2297 3305 ,
2318 3266 2410 3297 licen-

1347 3309 1416 3339 tiam
1436 3307 1502 3337 dare
1513 3331 1523 3345 ,
1547 3307 1582 3338 8(
1599 3307 1668 3338 1060
1686 3307 1811 3344 ipsorum
1830 3307 1899 3338 alios
1916 3306 2036 3338 idoneos
2053 3305 2218 3336 substituere
2231 3329 2241 3344 ,
2259 3305 2410 3343 quietiam

1347 3348 1429 3377 unius
1442 3346 1521 3376 Anni
1532 3345 1619 3383 spatio
1632 3347 1662 3375 in
1675 3345 1768 3376 vestrii
1781 3346 1923 3377 Societate
1956 3346 2093 3376 robentur
2107 3355 2114 3375 ε
2142 3345 2215 3384 Qo
2225 3343 2342 3381 13613610
2352 3368 2363 3382 ,
2388 3343 2409 3374 si

1348 3394 1444 3415 mores
1463 3393 1565 3414 eorum
1585 3384 1644 3414 hoc
1664 3385 1808 3424 exegerint
1819 3408 1829 3423 ‚
1851 3386 1885 3416 &
1903 3394 1919 3413 a
1960 3383 2087 3415 vestrum
2106 3383 2250 3414 servitium
2268 3381 2348 3412 utiles
2365 3383 2410 3412 'm-

1346 3424 1426 3454 venti
1436 3424 1541 3454 fuerint
1553 3446 1563 3461 ,
1585 3430 1657 3452 tunc
1669 3421 1789 3452 demum
1804 3422 2009 3460 professionem
2021 3422 2124 3454 faciant
2135 3430 2150 3451 r
2213 3420 2296 3450 ariter
2309 3421 2410 3452 viven-

1339 3461 1377 3492 -di
1396 3463 1431 3493 &
1451 3460 1594 3500 Magistro
1613 3461 1663 3491 suo
1680 3460 1833 3491 obediendi
1848 3471 1854 3491 z
1878 3460 1923 3491 Ita
1940 3468 2037 3491 tamen
2057 3469 2089 3492 ut
2107 3468 2161 3490 eun
2182 3467 2230 3487 em
2248 3459 2361 3489 vietum
2372 3459 2409 3490 &

1347 3499 1482 3531 vestitum
1495 3499 1645 3530 vobiscum
1654 3499 1795 3538 habeant,
1812 3509 1940 3531 necnon
1951 3499 2134 3537 ledristernia3
2151 3504 2272 3534 excepto
2285 3506 2322 3528 eo
2331 3496 2410 3536 quod

1346 3538 1435 3570 clausa
1448 3537 1631 3577 vestiamenta
1644 3538 1806 3576 portabunt.

1384 3577 1434 3608 Set
1445 3586 1499 3607 nec
1512 3576 1573 3614 ipsis
1588 3577 1670 3607 liceat
1682 3576 1720 3607 de
1731 3577 1872 3616 capitulo,
1889 3577 1936 3609 vel
1949 3575 2017 3608 611τὲ
2029 3572 2134 3606 ἀοωόε
2145 3572 2248 3604 vestrae
2262 3573 2290 3603 se
2298 3580 2410 3604 temere

1339 3616 1551 3653 intromittere,
1568 3615 1619 3647 nisi
1633 3616 1773 3653 quantuni
1785 3617 1802 3646 3
1815 3617 1897 3647 vobis
1910 3616 1994 3646 fuerit
2003 3612 2170 3652 injunstuiri.
2210 3610 2321 3641 Curam
2334 3621 2409 3655 quo-

1368 3664 1404 3684 ue
1416 3655 1574 3686 animarum
1585 3654 1698 3684 tantum
1711 3654 1834 3686 habeant
1846 3680 1856 3694 ,
1882 3653 2019 3693 quantum
2033 3661 2049 3681 a
2061 3650 2145 3681 vobis
2153 3650 2262 3681 fueiint
2270 3653 2409 3694 requisiti.

1341 3715 1343 3717 .
1371 3701 1485 3722 raeterea
1503 3692 1572 3722 nulli
1586 3692 1717 3730 ›personae
1730 3717 1740 3731 ,
1758 3701 1841 3724 seittra
1855 3691 1984 3724 vestrum
1997 3688 2163 3727 Capitulum
2175 3712 2193 3731 ,Ἰ
2209 3686 2410 3732 1101101110611ς

1344 3731 1470 3769 tibique,
1489 3729 1592 3761 (111οἇ10
1602 3732 1632 3761 10
1644 3730 1779 3763 Domino
1793 3732 1845 3763 Fili
1857 3729 1963 3768 Oddo,
1973 3729 2089 3766 *tuisque
2101 3725 2330 3769 successoribus,
2347 3733 2409 3755 tari-

1367 3779 1432 3812 uani
1508 3768 1595 3837 gifstro
1612 3770 1645 3801 &
1667 3770 1788 3803 Praelato
1809 3770 1860 3802 suo
1873 3793 1884 3809 ‚
1902 3770 1936 3799 in
1953 3767 2088 3798 omnibus
2104 3766 2141 3798 &
2156 3773 2211 3804 per
2229 3771 2327 3794 omma
2338 3764 2410 3795 obe-

1375 3816 1480 3837 000310
1542 3816 1627 3838 erant.

1383 3845 1568 3884 Praecipimus
1588 3847 1698 3885 insuper
1818 3845 2009 3878 ordinationes
2028 3840 2189 3873 eorundem
2203 3839 2410 3885 ‘Clericoruiri‚

1345 3885 1394 3922 qui
1413 3882 1449 3914 ad
1469 3885 1560 3915 sacros
1629 3884 1680 3916 dus
1693 3886 1798 3917 fuerint
1809 3882 2002 3926 promovendi
2015 3905 2024 3919 ,
2050 3881 2067 3910 a
2079 3888 2266 3924 quocumque
2279 3879 2412 3910 malueri-

1344 3924 1378 3952 tis
1397 3921 1553 3954 Catholico
1571 3893 1716 3962 &ipsam
1733 3923 1877 3962 Episcopo
1891 3946 1901 3961 ,
1926 3919 2065 3959 siquidem
2081 3926 2198 3958 gratiam
2217 3918 2251 3948 ὅ(
2272 3927 2410 3948 commu-

1342 3962 1463 3992 nionem
1471 3961 1732 4000 *Apostolicaesedis
1744 3961 1888 3998 habuerit,
1907 3961 1956 3998 qui
1969 3959 2120 3996 nimirum,
2128 3954 2232 3987 znostra
2245 3955 2330 3988 fultus
2341 3965 2410 3987 auc-

1343 4000 1474 4037 toritate,
1491 4000 1571 4039 quod
1584 4001 1756 4039 postulatur,
1771 3998 1920 4038 indulgeat.

1381 4036 1511 4070 Eosdem
1529 4048 1624 4071 autern
1644 4049 1698 4079 pro
1712 4036 1832 4079 pecunia
1843 4035 1995 4076 praedicare
2008 4058 2019 4074 ,
2045 4042 2092 4065 aut
2105 4034 2187 4066 luero
2200 4058 2211 4074 ,
2231 4039 2346 4074 vosque
2357 4041 2412 4076 pro

2341 4079 2414 4110 ejus-

2407 1056 2512 1094 *1·3¹-
