2570 4261
29 314 107 348 'Ann
122 311 164 347 D.

51 355 134 394 1258.

31 400 94 424 Hm.
111 404 137 433 3.

39 1434 117 1467 Ann-
132 1432 176 1464 D.

60 1473 144 1513 1258.

40 1516 98 1541 An.
113 1523 160 1548 4²·

44 2202 62 2221 σε
75 2193 102 2226 1.
116 2195 184 2233 653.

42 2281 123 2311 Ann.
140 2279 182 2311 D.

68 2319 153 2358 1258.

46 2362 99 2388 An.
115 2368 163 2394 42.

47 2402 83 2426 Η.
106 2405 131 2433 3.

49 2436 150 2464 Ibidem

50 2483 78 2503 η.
96 2483 121 2511 3.
135 2473 162 2502 d.

53 2863 132 2896 Ann.
148 2861 190 2894 D.

73 2902 158 2940 1258.

55 2944 108 2969 An.
121 2950 169 2977 4²-

56 2983 92 3007 H.
109 2989 136 3016 3.

53 3017 112 3046 Lib.
122 3021 157 3044 A.

46 3056 99 3093 fol.
114 3056 174 3089 185.

55 3094 82 3121 b.
96 3099 164 3131 penes

55 3136 190 3160 Camerar.

58 3174 172 3198 scaccar.

805 232 918 279 ET
998 227 1267 279 ACTA
1349 231 1827 282 PUBLICA.

191 363 196 368 ¹
212 323 283 356 Nec
302 335 354 357 nos
373 324 520 366 praedietas
539 323 772 362 innovationem,
789 323 1016 363 conceffionem,
1031 324 1065 355 &
1079 322 1229 354 confirma-

176 370 284 395 tionem
299 365 433 396 caffiemus
463 364 616 402 irritemus,
635 370 681 393 aut
694 362 776 393 calibs
786 363 832 392 vel
844 364 928 393 irritas
942 364 1118 401 nuntiemus3

180 440 186 445 ·
216 402 287 434 Nec
299 404 336 434 de
352 405 410 442 ipso
424 388 529 441 Regno
541 403 652 432 interim
665 402 741 432 aliter
753 401 968 441 quomodolibet
981 401 1174 439 disponemus,
1186 397 1232 430 sed

177 450 235 480 Jus,
251 442 328 482 quod
349 443 466 480 piaefato
486 440 560 479 Regi
579 441 681 470 Siciliae
701 450 734 471 ex
752 440 949 478 innovatione,
972 439 1151 470 concelfione
1164 462 1174 477 ,
1199 439 1233 469 &

179 480 411 519 confirmatione,
426 490 441 509 a
464 479 546 509 nobi-3
569 479 618 509 sibi
638 478 717 516 super
735 477 838 508 eodem
851 478 897 507 Re
917 488 955 509 no
968 478 1065 516 fastis,
1084 479 1172 508 extitit
1185 487 1234 507 ac-

177 520 327 557 quisitum,
342 519 392 548 sibi
414 519 447 549 &
467 516 624 547 'nter-edibus
636 516 687 547 suis
698 516 784 554 usque
798 525 866 547 tunc
880 516 905 546 sa
916 526 985 547 vum
999 524 1108 547 maneat
1123 517 1156 547 ὃς
1168 515 1235 545 illae-

176 559 238 589 sum
251 580 261 595 ,
286 557 356 587 sicut
377 564 433 587 erat
454 554 518 594 post
539 565 603 585 uam
622 555 766 590 concessio
778 578 789 593 ,
814 556 979 594 innovatio,
1003 556 1037 586 &
1055 554 1233 585 confirmatio

176 595 247 625 dieti
261 594 357 634 Regni
369 595 481 626 fuerunt
491 595 516 624 ei
536 603 582 624 em
597 594 626 623 in
639 601 796 624 memorato
807 594 951 633 privilegio
961 603 1009 631 per
1023 603 1075 624 nos
1089 593 1179 623 faetae.

215 632 350 665 volentes
367 643 461 665 autem
481 632 572 663 eidem
593 631 740 670 providere
752 632 882 671 negotio,
901 642 938 662 ne
951 642 1000 670 per
1013 631 1149 672 angustias
1163 640 1235 662 tem-

178 671 253 708 poris
265 672 426 712 evanescat,
443 671 615 702 Discretioni
629 678 685 700 tua:
694 694 703 709 ,
718 670 754 700 de
768 679 822 709 qua
836 670 916 708 plene
930 669 1099 701 confidimus
1107 670 1158 708 ,de
1166 680 1237 708 prae-

176 708 324 741 dictorum
342 711 457 742 fratrum
471 709 633 740 nostrorum
648 709 782 747 consilio,
801 709 962 739 auctoritate
976 709 1153 747 praesentium
1165 719 1238 739 con-

178 748 307 780 cedimus
333 750 367 780 &
395 748 559 780 mandamus
590 755 621 777 ut
645 747 814 785 praedidtum
839 748 972 785 temporis
991 747 1125 785 spatium,
1147 747 1181 777 ad
1195 757 1238 777 re-

177 787 389 818 reformandum
402 789 479 818 idem
496 787 644 825 negotium
655 786 705 816 tibi
717 785 816 816 datum
829 786 858 815 in
873 785 964 816 litteris
976 786 1151 823 lupradittis3
1166 794 1240 816 tem-

181 835 235 864 pus
255 836 368 866 quoque
389 825 567 864 suspensionis
586 833 735 863 poenarum
787 825 817 854 in
836 821 914 854 dic‘to
934 825 1079 862 privilegio
1096 832 1241 854 contenta-

179 874 248 902 um3
265 874 298 895 ac
310 864 499 895 reservationis
511 864 574 902 juris
588 863 720 900 saepefato
738 847 773 893 132.
791 863 871 899 super
887 862 992 902 Regno
1006 863 1082 900 ipso,
1101 871 1148 899 per
1161 862 1238 892 idem

202 902 358 942 rivilegium
372 903 513 943 acquisiti,
527 901 612 939 usque
626 901 659 932 ad
674 910 727 932 tres
739 901 862 938 menses,
880 901 910 931 iri
923 902 1051 939 proximo
1065 901 1162 930 futuris
1178 899 1241 929 Cal.

199 941 257 970 unii
269 941 442 972 inchoandos
452 964 462 980 ,
480 940 643 971 auctoritate
658 938 753 970 nostra
774 948 922 978 prorogare
939 948 1084 977 procures3
1106 938 1175 968 sicut
1190 939 1242 967 uti-

179 978 425 1048 htatgdlEcclesiae‚
450 989 484 1010 ac
505 979 644 1018 profectui
665 978 790 1017 ejusdem
811 979 917 1018 negotii
936 987 983 1008 tua
1003 975 1103 1009 viderit
1115 975 1243 1007 discretio

181 1027 236 1056 exp
282 1028 319 1048 re.

183 1098 288 1168 toDat.
307 1098 444 1138 Viterbii,
463 1109 500 1138 14
521 1099 585 1131 Kal.
602 1099 733 1131 Februar.
752 1096 938 1129 Pontificatiis
956 1094 1044 1127 nostri
1065 1104 1142 1126 anno
1162 1104 1247 1134 quar·

703 1206 831 1240 plumbeo
847 1205 937 1245 sigillo
951 1217 969 1235 a
978 1203 1028 1246 filo
1044 1202 1168 1233 canabeo.

318 1342 369 1374 De
386 1340 525 1387 Epifiopo
548 1340 653 1372 sanai
671 1337 799 1372 Andreae
815 1341 915 1371 Scotiae
934 1335 1118 1380 arr-astando.

193 1429 483 1500 Rlitffirffasgcliltlitiebgs
495 1429 529 1460 &
543 1427 652 1459 Ballivis
664 1426 715 1458 suis
729 1426 858 1458 Dovorr.
873 1426 907 1458 &
918 1427 1037 1457 aliorum
1049 1426 1173 1465 quinque
1185 1424 1256 1455 Por-

196 1508 325 1583 &a
330 1505 681 1584 ffissssffiea‘vfflneffiia’
688 1501 1258 1574 &335⁰sssgissrssiissiffisfici'iffiii

153 1610 160 1617 .
196 1585 244 1616 filii
256 1586 289 1616 &
306 1583 393 1615 fidelis
407 1583 495 1614 nostri
511 1583 662 1613 Alexandri
676 1582 764 1622 Regis
777 1582 881 1613 Scotiae
896 1580 1020 1618 illustris,
1033 1581 1081 1619 qui
1093 1579 1178 1610 filiam
1192 1589 1258 1609 nos-

195 1632 268 1655 tram
281 1623 361 1655 duxit
371 1624 401 1653 in
414 1632 532 1653 uxorem
545 1644 555 1660 ,
581 1631 641 1652 non
656 1621 713 1652 sine
727 1619 826 1651 nostro
837 1621 870 1651 &
883 1620 964 1659 ipsius
980 1619 1068 1659 Regis
1081 1618 1207 1649 scandalo
1222 1619 1256 1649 &

193 1663 332 1694 dedecore
344 1661 511 1699 manifesto,
519 1668 634 1699 propter
648 1659 726 1700 quod
738 1658 869 1690 sustinere
881 1659 1013 1689 nolumus
1026 1657 1103 1698 quod
1118 1657 1256 1696 Regnum

194 1701 324 1733 nostrum
336 1700 504 1740 ingrediatur
511 1722 522 1738 ,

230 1740 278 1771 Ad
293 1738 495 1777 explorandum
508 1736 662 1767 adventum
678 1736 759 1774 ipsius
773 1735 926 1774 Episcopi,
941 1736 974 1767 ὅ(
988 1734 1119 1773 suorum,
1145 1734 1178 1765 &
1189 1733 1260 1764 alio·

189 1788 255 1810 rum
279 1778 448 1807 aemulorum
468 1774 648 1813 nostrorum,
664 1775 838 1805 venientium
858 1775 893 1804 de
912 1775 1034 1812 partibus
1055 1772 1262 1811 transmarinis,

189 1825 238 1847 aut
251 1816 288 1846 de
301 1815 423 1854 partibus
441 1813 563 1850 Scotiae,
580 1814 720 1843 mittimus
734 1812 769 1843 ad
786 1823 836 1844 vos
851 1813 1042 1843 Willielmum
1055 1811 1172 1850 Doiset,
1200 1810 1259 1842 Va·-

190 1855 294 1886 lettum
315 1851 468 1884 nostrum:
492 1852 574 1882 vobis
592 1852 622 1881 in
643 1849 719 1890 fide,
741 1861 795 1891 qua
815 1852 897 1882 nobis
918 1851 1071 1889 tenemini,
1096 1850 1260 1880 mandantes

188 1893 268 1934 quod
285 1902 333 1923 eos
353 1901 453 1922 omnes
470 1889 584 1921 arestari
601 1890 723 1928 faciatis,
738 1898 823 1928 prout
837 1890 912 1920 idem
927 1889 1104 1920 Willielrnus
1116 1889 1197 1921 vobis
1212 1889 1257 1918 iri-

189 1932 309 1970 junxerit
327 1940 362 1962 ex
380 1938 457 1968 parte
477 1928 572 1960 nostra
584 1951 595 1967 ‚
626 1927 721 1960 donec
741 1927 814 1959 aliud
835 1928 901 1959 inde
920 1938 937 1959 a
954 1928 1037 1959 nobis
1058 1928 1208 1959 habueritis
1228 1927 1260 1958 in

191 1969 334 2002 mandato.

224 2049 316 2084 Teste
330 2051 412 2091 Rege
427 2047 501 2089 apud
513 2048 645 2081 Windes.
662 2057 702 2080 22
720 2048 765 2080 die
775 2048 907 2087 januarii.

396 2186 447 2218 De
461 2187 568 2217 Sorore
583 2186 732 2231 Principis
747 2182 857 2216 mella
870 2178 1060 2214 maritanda.

272 2272 362 2306 UIA
385 2273 452 2304 Rex
472 2272 623 2312 intellexit,
638 2282 672 2305 ex
683 2273 769 2305 relatu
782 2269 960 2313 quorundam
969 2293 978 2309 ,
993 2267 1071 2309 quod
1083 2267 1217 2311 Leulinus
1233 2264 1266 2311 fi-

291 2312 482 2354 liusYGriffini
502 2314 636 2351 proponit
655 2313 782 2344 maritare
805 2310 994 2350 Margaretam
1006 2309 1130 2339 sororem
1145 2310 1222 2338 iuam
1236 2316 1266 2336 in

202 2351 270 2383 loco
282 2363 339 2394 quo
354 2351 430 2392 Regi
446 2351 511 2382 inde
527 2352 688 2390 dampnum
703 2351 794 2390 posset
806 2349 939 2386 suboriri3
1229 2385 1233 2389 ⁵
1247 2383 1253 2390 ⁶

242 2391 419 2422 Mandatum
442 2390 482 2422 est
504 2390 630 2422 Ricardo
650 2390 764 2421 Comiti
784 2387 974 2419 Gloucestriae
989 2386 1066 2427 quod
1076 2394 1196 2416 omnem
1208 2383 1268 2415 dili-

223 2433 342 2469 entiam,
364 2440 449 2469 quarn
468 2429 587 2469 poterit,
603 2428 736 2460 adhibeat
756 2435 787 2459 ut
808 2427 894 2469 ipsam
910 2437 993 2465 penes
1007 2426 1033 2456 se
1053 2425 1156 2455 habere
1169 2423 1274 2462 poffit,

203 2439 442 2539 }'·Udffstixpffim
452 2468 602 2537 ὴαὸιιεὲξέ
611 2468 764 2537 εαιῃΚΐεΙνὲ)
776 2465 923 2536 k;:uit’todiat
933 2489 944 2505 ,
965 2474 996 2497 ut
1011 2463 1181 2504 diligentiam
1193 2462 1269 2493 suam

262 2519 293 2539 in
370 2516 547 2538 iamcomm
603 2516 648 2537 are
694 2516 728 2537 ex
761 2515 848 2536 eea.

236 2586 344 2626 Teste,
361 2587 422 2619 &c.
441 2587 475 2619 &
489 2587 551 2619 sunt
566 2595 697 2626 patentes.

205 2729 327 2761 Littera
346 2729 494 2760 continens
523 2725 606 2774 qnod
628 2729 709 2760 Scan·
738 2729 776 2765 &¹
793 2725 953 2770 Wzllensbs
969 2737 1026 2757 non
1034 2725 1153 2770 facient
1163 2735 1270 2771 pacem

311 2786 382 2809 cum
401 2778 480 2823 Rege
499 2776 690 2823 Angliaefine
706 2785 812 2808 mutuo
828 2774 964 2820 consensit
981 2777 1018 2813 (ῥ’
1037 2773 1159 2820 assensit.

210 2863 515 2928 OMnibusiand’oe
529 2862 633 2895 Matris
645 2861 780 2909 Ecclefiae
793 2861 872 2902 filiis,
894 2863 952 2894 hoc
965 2862 1099 2902 scripturn
1114 2862 1210 2894 visuris
1227 2860 1272 2892 vel

293 2903 443 2948 audituris,
457 2902 548 2934 Walt.
567 2902 678 2947 Cumm
701 2901 818 2947 Comes·
831 2902 867 2947 de
883 2901 1021 2947 ‘Meneth
1047 2901 1129 2932 Alex.
1153 2900 1273 2941 Cumyn

210 2941 319 2988 Comes
339 2950 375 2973 de
394 2940 627 3010 Buchandlustic.
653 2940 759 2972 Scotiae
772 2964 783 2979 ‚
806 2940 978 2972 Wilhelmus
995 2939 1104 2985 Qornes
1125 2939 1160 2970 de
1182 2939 1248 2983 Mar
1262 2962 1273 2977 ,

209 2980 382 3025 Willielmus
395 2979 505 3011 Comes
535 2991 552 3010 e
566 2980 646 3018 Ros,
659 2978 804 3019 johannes
818 2978 937 3018 Comyn
947 2978 1087 3018 JustiCiar.
1104 2977 1272 3022 Galwediae‚

211 3019 334 3050 Aimeris
344 3018 380 3049 de
396 3017 550 3050 Makeswel
564 3017 743 3050 Camerarius
756 3018 878 3057 Scotiae,
896 3018 1059 3049 Fresekums
1071 3017 1107 3047 de
1123 3016 1256 3061 MoraVia
1262 3039 1272 3055 ,

211 3056 290 3100 Hug.
309 3058 344 3088 δε
355 3056 476 3087 Walter.
494 3057 531 3087 de
542 3056 690 3126 Be‘kelei?
703 3057 816 3095 fratres,
834 3056 986 3088 Bernardus
999 3057 1035 3088 de
1051 3055 1198 3100 Mohane,
1218 3055 1272 3085 Ri-

211 3095 336 3134 ginaldus
349 3095 472 3134 Cheyn,
487 3094 584 3126 David
592 3095 660 3139 ¹Loc
680 3106 731 3135 or,
742 3094 886 3135 Johannes
900 3094 1088 3133 Dundemor,
1100 3092 1274 3138 Willielmus

212 3133 342 3211 3313ch
352 3133 466 3203 Utlgtentor
479 3133 516 3164 de
527 3132 622 3165 Barrit.
637 3135 671 3166 &
683 3144 784 3166 eorum
797 3135 882 3166 amici
897 3133 1042 3173 praesentes
1052 3134 1086 3165 &
1099 3133 1198 3173 alligati
1210 3143 1273 3163 uni-

208 3209 1276 3290 mffssveiissrng,⁰555&ssAE‘ffiifflssfflffissffi‘ffl‘ffiffifflaffiffl]

210 3287 288 3332 trsim
301 3289 444 3333 'consensu
464 3289 498 3321 &
517 3287 638 3331 assensu,
655 3296 724 3331 cum
736 3287 870 3334 Domino
894 3289 1043 3321 Lewelino
1061 3287 1121 3333 filio
1142 3287 1276 3325 Griffini‚

210 3325 539 3396 ii'i‘mffissvffisiss
554 3324 856 3396 ffssvffiofissi'eiffnffiff
869 3328 952 3397 ‘255‘ss
963 3326 1275 3396 sii'RVOE'i'uGffldfufi

243 3388 251 3409 ·.
643 3403 649 3408 ⁴
773 3387 783 3403 ‚
849 3376 878 3396 ar
915 3378 932 3397 u
1004 3391 1009 3396 .
1062 3375 1083 3395 is
1096 3388 1106 3404 ,
1172 3375 1215 3395 are
1236 3375 1253 3394 u

213 3402 273 3433 filio
289 3403 426 3442 Ovener,
440 3403 519 3433 Reso
537 3403 669 3447 Jumori,
687 3401 803 3447 Oweyn
823 3403 883 3435 filio
906 3404 1065 3442 Maredud,
1081 3402 1201 3434 Madant
1216 3401 1276 3433 filio

212 3441 437 3487 Wenwywym‚
455 3440 598 3485 Maredud
611 3441 670 3471 Seis
684 3439 812 3472 Lewelm
848 3442 967 3474 Vechan
980 3443 1106 3480 Owcm,
1126 3440 1229 3472 Mared
1245 3439 1278 3471 fi-

211 3478 631 3556 eigwssss‘rr,21³firrrtdiz
639 3478 790 3548 Martii>
796 3465 1136 3551 fliriirgffissffig
1149 3479 1277 3551 grem

210 3557 262 3588 fud
282 3542 339 3589 sili’o
350 3556 479 3596 Jornith,
501 3555 625 3600 Corone
638 3540 705 3585 'filio
717 3555 846 3588 Edvenet
861 3581 870 3596 ,
888 3557 1004 3603 Jornith
1018 3543 1082 3589 bru
1103 3567 1167 3588 mari
1183 3581 1193 3596 ,
1217 3557 1277 3601 Eu-

213 3606 280 3641 may
299 3595 435 3634 Vechan,
451 3594 552 3639 Tudar
574 3593 634 3638 filio
657 3593 752 3639 Mad,
767 3593 899 3627 Enmaun
919 3596 978 3628 filio
1000 3597 1074 3628 Kara
1095 3607 1148 3635 uc,
1163 3594 1278 3640 Jornith

213 3635 274 3666 filio
297 3634 456 3672 Maredud,
476 3633 573 3677 DaV1d
592 3632 651 3677 filio
673 3631 820 3677 Enyiayn,
833 3634 924 3673 Jencv
937 3635 1036 3680 Cli-ich
1051 3635 1132 3675 Roys
1145 3634 1203 3678 filio
1219 3633 1277 3664 Ed—

213 3681 299 3704 nevet
312 3697 322 3713 ,
346 3674 379 3705 ὅ(
399 3682 499 3703 eorum
517 3681 615 3703 amicis
634 3671 667 3702 &
685 3670 795 3714 alligatis
808 3694 819 3711 ,
842 3673 916 3704 hanc
938 3674 1033 3705 fecisse
1053 3682 1275 3705 conventionem

210 3720 320 3744 mutuae
333 3711 580 3743 confoederationis
596 3711 630 3742 &
643 3717 791 3748 amicitiae,
808 3710 958 3751 videlicet,
1182 3751 1186 3756 Ι
1229 3749 1235 3755 .
1259 3749 1264 3754 ι

255 3751 366 3790 Quod,
382 3750 439 3780 sine
459 3758 608 3780 commum
629 3747 764 3779 consensu
783 3748 818 3779 &
829 3749 937 3780 assensu
950 3749 1278 3794 praesatorumPrmcipis

214 3789 250 3820 δε
265 3786 452 3830 Magnarum,
467 3787 504 3818 de
516 3796 622 3818 caetero
635 3787 740 3832 nullam
755 3794 872 3826 pacem,
885 3796 934 3833 aut
947 3790 1069 3820 formam
1078 3798 1176 3858 paleis,
1203 3797 1278 3818 treu-

215 3835 281 3872 gam
292 3838 339 3860 aut
354 3829 477 3859 formam
490 3834 595 3871 treugae
604 3826 741 3870 faciemus
753 3833 821 3856 cum
835 3825 969 3871 Domitio
981 3827 1065 3873 Rege
1121 3828 1190 3872 ‚gliae
1198 3850 1207 3865 ,
1231 3834 1279 3856 aut

215 3866 307 3905 aliquo
326 3867 461 3912 Magnate
486 3865 583 3909 Regni
610 3864 739 3909 Anghae,
757 3872 805 3908 aut
823 3863 921 3908 Regni
941 3865 1062 3909 Scotiae,
1080 3876 1128 3906 qui
1151 3874 1279 3910 ternpore

216 3905 405 3951 consectionis
417 3905 554 3949 praesentis
569 3904 661 3943 scripti
670 3926 686 3947 ,U
695 3902 814 3947 praefatis
827 3902 968 3942 Principi,
985 3905 1020 3935 &
1031 3904 1227 3949 Magnanbus,
1245 3905 1279 3935 &

217 3941 891 4018 ²⁶¹¹¹⁵{35⁵3ssd¹332b¹30533331¹305331¹12fflp¹25135
903 3942 1282 4012 zeiriffuasssszsszffifm·

215 3989 323 4063 nefflos
341 4005 544 4052 etiam⁴contra
565 4001 695 4065 praefatos
715 4018 879 4063 Rrincipem
900 4018 1096 4065 &lMagnate's
1109 4005 1283 4064 nullamtpo-

217 4064 334 4088 tentiam
346 4082 356 4098 ,
375 4068 473 4104 utpote
494 4068 649 4104 exercmm
671 4066 797 4097 equitum
819 4065 865 4102 aut
884 4056 1028 4097 peditum,
1045 4068 1117 4089 exire
1137 4067 1283 4103 permitte—

220 4104 282 4125 mus
303 4095 339 4126 de
359 4097 470 4137 Scotia3
488 4109 541 4129 nec
567 4109 596 4128 in
617 4100 711 4139 aliquo
731 4105 831 4127 contra
853 4095 924 4134 ipsos
944 4096 1060 4134 praesato
1083 4097 1158 4136 Regi
1170 4096 1282 4134 Angliae

217 4134 376 4170 succursum
404 4137 596 4174 praestabimus
616 4145 663 4168 aut
684 4140 837 4174 savorem,
866 4137 960 4168 immo
979 4135 1082 4167 eisdem
1102 4135 1229 4174 Principi
1248 4135 1283 4166 &

2285 251 2337 297 37

1278 315 1478 386 tlzsslagnatibus,
1494 325 1527 355 δε
1546 332 1628 356 terrae
1645 326 1700 357 suae
1713 325 1830 359 fideliter
1843 328 2012 361 auxfiliantes
2026 328 2127 360 erimus
2139 329 2173 360 &
2189 327 2337 359 consulen-
2356 342 2433 372 Am·
2450 341 2493 375 D,

1321 379 1327 385 ι
2381 391 2392 401 ,3
2425 382 2432 393 i

1315 396 1409 442 13&st
1425 402 1569 446 contingat
1580 403 1657 442 quod
1673 413 1740 434 cum
1755 404 1888 437 Domino
1900 406 1983 448 Rege
1998 406 2131 446 Angliae,
2149 413 2196 436 aut
2209 415 2339 445 quocun—
2359 384 2450 456 ἓξὲξ

1282 444 1338 472 que
1359 447 1439 477 viro,
1458 442 1576 476 praefatis
1590 441 1738 486 'Principi9
1756 444 1789 473 δε
1812 444 2013 485 MagnatibuS,
2028 454 2074 476 aut
2097 444 2198 483 nobis,
2216 446 2271 483 jam
2289 445 2340 475 ad-
2416 441 2421 447 ’
2457 440 2463 446 ’

1282 475 1406 505 versante
1413 499 1428 520 ,⁵
1440 487 1489 520 per
1505 478 1628 508 Domini
1641 482 1730 510 nostri
1744 481 1830 522 Regis
1845 484 1951 515 Scotiae
1965 494 2154 523 praeceptum,
2179 493 2279 523 pacem
2294 491 2341 514 aut

1281 521 1406 583 treuigam
1421 525 1491 546 inire
1506 517 1729 561 compellamun·
1748 530 1800 551 nos
1816 523 1844 551 in
1857 523 1933 554 bona
1947 524 2018 562 side,
2035 531 2172 562 quintum
2187 522 2342 561 poterimus

1282 552 1316 582 &
1348 562 1470 593 cremus,
1485 555 1519 585 ad
1540 559 1721 593 praetatorum
1744 559 1899 600 Principis,
1914 563 1947 592 &
1964 562 2132 601 Magnetum
2148 562 2261 592 suorum
2276 583 2286 598 ,
2308 560 2342 590 ὅ(

1281 597 1367 661 ῐεῖἷῃιέ
1384 591 1439 623 suae
1462 594 1653 626 commodum
1674 596 1707 626 &
1729 597 1871 629 honorem
1891 602 1949 631 hoc
1969 600 2026 630 fieri
2047 601 2260 638 procurabimus
2272 607 2342 629 cum

1322 640 1337 660 e
1369 640 1395 660 u.

1312 668 1512 714 ‘Nequaquam
1534 671 1570 702 de
1586 673 1734 716 voluntate
1753 674 1864 715 nostra,
1882 676 1932 706 nisi
1954 686 2003 714 per
2014 677 2119 714 praefati
2134 677 2258 707 Domini
2273 684 2340 706 Ποῖ-

1281 714 1317 750 tri
1340 706 1494 751 distrietam
1515 712 1739 749 compulsionem
1758 714 1815 744 hoc
1830 715 1992 745 mandatum
2007 717 2088 746 fuerit
2101 717 2134 746 &
2148 722 2341 753 preceptum,

1283 747 1419 788 innaliquo
1433 757 1530 779 contra
1545 749 1708 787 praesentem
1721 754 1995 784 confoederationem
2009 754 2140 785 faciemus
2149 766 2158 792 3
2167 755 2259 783 immo
2274 751 2342 782 Do-

1284 793 1396 814 minum
1412 786 1556 826 nostrum,
1575 798 1627 825 pro
1641 789 1693 821 hac
1709 791 1806 821 eadem
1818 793 2058 823 confoederatione
2072 793 2221 823 nobiscum
2235 790 2341 822 facien-

1284 822 1319 851 da
1333 823 1366 852 ὅς
1381 825 1565 870 observanda,
1581 837 1715 865 quantum
1732 832 1899 868 poterimus,
1915 830 2087 862 inducemus.

1325 860 1532 908 Mercatoribus
1545 867 1628 909 etiam
1645 867 1756 898 Walliae
1791 879 1860 900 cum
1873 869 1906 900 ad
1922 878 2010 908 partes
2024 870 2129 901 Scotiae
2144 878 2212 900 cum
2228 868 2279 898 suis
2293 875 2344 897 ne-

1287 903 1484 936 gotiationibus
1504 913 1600 948 venire
1621 906 1743 945 valeant,
1762 892 1904 938 ficentiam
1922 909 2071 947 veniendi,
2089 909 2123 939 ὃς
2144 914 2227 945 prout
2246 907 2347 939 melius

1289 944 1419 972 poterunt
1441 949 1641 979 negotiationes
1661 945 1717 975 suas
1738 947 1898 986 vendendi,
1914 956 2014 984 pacem
2033 950 2116 977 etiam
2136 949 2170 978 &
2191 947 2346 984 protefflo-

1290 984 1357 1004 nem
1371 979 1494 1022 nostram
1510 980 1585 1010 salvo
1599 982 1632 1010 &
1645 983 1739 1014 secure
1754 986 1900 1024 morandi,
1917 986 1950 1015 &
1965 986 2021 1015 sine
2034 994 2211 1025 quacumque
2223 988 2348 1019 vexatio·

1291 1022 1328 1042 ne
1365 1026 1433 1046 cum
1449 1027 1488 1061 eis
1503 1018 1649 1062 placuerit,
1665 1022 1827 1061 recedendi,
1846 1023 2030 1053 concedimus
2041 1034 2074 1054 ex
2089 1024 2203 1054 affectu.
2219 1025 2238 1044 *

1374 1056 1543 1099 ercatoribus
1555 1065 1638 1087 etiarn
1653 1058 1759 1090 Scotiae
1773 1061 1805 1091 ad
1819 1070 1907 1098 partes
1920 1061 2051 1100 Walliae,
2066 1062 2101 1093 de
2114 1062 2224 1092 licentia
2239 1063 2350 1103 nostra,

1293 1102 1362 1123 cum
1375 1092 1426 1122 suis
1441 1103 1536 1137 venire
1549 1098 1784 1133 negotiationibus
1795 1099 2016 1135 persuadebimus
2028 1110 2060 1129 ex
2074 1101 2168 1131 corde.

1310 1170 1315 1175 ι
1335 1130 1382 1160 Ad
1397 1130 1529 1175 praedicta
1542 1134 1637 1164 omnia
1651 1136 1684 1164 ὃς
1696 1136 1849 1175 singula,in
1862 1137 1915 1166 fide
1923 1137 2049 1174 praediCti
2057 1138 2181 1168 Domini
2190 1141 2277 1179 Regis
2283 1141 2355 1172 Sco-

1295 1177 1343 1200 tiae
1363 1168 1494 1208 fideliter,
1508 1179 1631 1210 integre,
1644 1173 1677 1203 ὃς
1693 1174 1792 1212 illaese,
1808 1176 1841 1206 &
1862 1176 1919 1206 sine
1931 1175 2025 1206 fraude
2043 1177 2076 1206 ὃς
2088 1176 2170 1215 dolo,
2192 1181 2225 1211 ὅ(
2238 1179 2267 1209 in
2281 1180 2355 1210 bona

1297 1208 1353 1238 fide
1366 1208 1552 1248 observanda,
1574 1211 1753 1250 unusquisque
1767 1212 1898 1243 nostrum
1919 1215 1948 1243 in
1970 1223 2054 1243 manu
2077 1214 2183 1253 Gwyd.
2200 1218 2235 1247 de
2255 1218 2353 1257 Bangr.

1297 1246 1411 1317 guncii
1428 1247 1606 1284 praefatorum
1620 1249 1754 1289 Principis
1769 1251 1803 1282 &
1818 1251 2004 1290 Magnarum,
2021 1252 2107 1282 fidem
2121 1254 2195 1283 suam
2211 1257 2356 1295 praestitit,

2365 1019 2381 1035 ‘
2396 1021 2420 1049 Ι.
2435 1021 2502 1056 654·

1368 1286 1447 1329 taetijs
1458 1285 1634 1329 sacrofiinffis
1648 1288 1820 1329 Evangeliis,
1836 1290 1983 1328 corporale
1995 1290 2205 1322 lucrementum.

1337 1308 1371 1353 fn
1393 1334 1470 1362 cujus
1490 1334 1527 1354 rei
1549 1326 1742 1358 testimonium
1763 1328 1829 1359 huic
1847 1328 1964 1370 scripto,
1984 1338 2032 1366 per
2047 1329 2167 1359 moduni
2181 1330 2358 1370 Cyrographi

1299 1362 1458 1407 confesio,
1476 1363 1526 1408 &A
1533 1374 1617 1408 penes
1638 1366 1765 1403 praefatos
1786 1367 1948 1406 Principem
1970 1368 2003 1398 ὃς
2029 1367 2175 1407 Magnates
2189 1370 2360 1408 remanenti,

1301 1401 1564 1446 quilibetrnostrum
1578 1403 1695 1442 ligillum
1706 1405 1785 1435 suum
1799 1406 1865 1436 fecit
1880 1407 1993 1444 apponi.

1338 1439 1473 1484 Praedicti
1494 1451 1564 1486 vero
1582 1441 1714 1482 Princeps
1736 1446 1768 1475 &
1789 1443 1934 1484 Magnetes
1954 1446 1983 1474 in
2003 1455 2088 1476 manu
2108 1444 2191 1475 Alani
2214 1445 2359 1486 Yrewyn,

1302 1477 1419 1523 Nuncii
1438 1479 1544 1524 nostri,
1561 1481 1682 1511 similiter
1700 1483 1826 1520 praestitis
1847 1484 1901 1514 fide
1915 1484 1975 1521 sua,
1993 1483 2026 1513 &
2039 1484 2118 1514 tactis
2131 1483 2306 1514 sacrosan&is
2320 1483 2360 1513 E·-

1300 1517 1448 1562 vangeliiS,
1464 1528 1638 1558 juramento,
1657 1522 1795 1551 confimili
1813 1522 1915 1563 scripto
1929 1522 2007 1560 hujus
2020 1521 2268 1553 confoederationis
2281 1524 2314 1554 &
2330 1533 2360 1558 ετ

1301 1558 1435 1633 {gigig-re,
1454 1567 1538 1626 penes
1560 1568 1611 1589 nos
1631 1561 1803 1599 remanenti,
1821 1562 1851 1592 in
1874 1561 2068 1592 testimonium
2075 1584 2085 1600 ,
2104 1561 2208 1600 singula
2221 1560 2305 1601 sigilla
2315 1559 2361 1591 sua

1390 1605 1477 1626 uerun
1493 1620 1499 1627 .

1304 1742 1397 1786 Super
1414 1741 1526 1786 negotio
1542 1741 1709 1780 Siciliae5de
1725 1742 1840 1774 auxilio
1851 1741 2009 1788 prastando
2019 1754 2073 1789 per
2089 1745 2214 1776 Rarones
2223 1747 2259 1783 (ξ’
2272 1746 2360 1778 Com-

1456 1791 1657 1823 munitatem:
1682 1794 1725 1824 Et
1742 1789 1869 1833 alestam
1892 1795 1986 1839 Regni
2004 1791 2205 1837 reformando.

1302 1876 1422 1933 REX
1436 1879 1585 1918 omnibus,
1603 1880 1664 1911 &c.
2382 1880 2459 1913 Αηη.
2474 1878 2518 1913 D.

1376 1915 1492 1961 .Cs¹m.³
1511 1928 1563 1955 pro
1586 1919 1703 1958 negotiis
1722 1917 1822 1949 nostris
1842 1919 1950 1957 arduis,
1964 1928 2016 1949 nos
2029 1919 2062 1950 δε
2077 1919 2214 1960 Regnum
2229 1920 2359 1952 nostrum
2385 1922 2468 1960 12581

1302 1956 1549 1999 contingentibus,
1567 1967 1696 1995 proceres
1718 1959 1751 1988 ὃ(
1775 1957 1866 1987 fideles
1887 1958 1982 1998 Regni
2004 1958 2093 1988 nostri
2112 1961 2146 1990 ad
2159 1969 2211 1989 nos
2224 1959 2358 1991 London.
2382 1964 2432 1988 Aa.
2446 1971 2495 1996 4²-

1304 1997 1333 2026 in
1351 1994 1620 2038 quindena‘Pasciiae
1635 1997 1763 2034 proximo
1784 1998 1932 2033 praeteritae
1949 1998 2102 2028 faceremus
2120 2000 2275 2029 convocari
2292 2011 2302 2038 3
2325 2001 2358 2031 ὃς
2382 2003 2415 2025 H.
2436 2005 2463 2035 3·

1304 2043 1374 2077 cum
1388 2033 1424 2076 de
1435 2034 1556 2076 ,negotiis
1570 2034 1746 2072 lupradiffls,
1764 2035 1797 2065 ὃς
1811 2036 1931 2065 maxime
1946 2036 1981 2066 de
1993 2035 2187 2074 prosecutione
2197 2038 2303 2077 negotii
2316 2039 2360 2069 Si·
2381 2041 2439 2065 ΡΜ.
2452 2042 2504 2072 421

1305 2074 1379 2104 cilice
1392 2070 1538 2110 dihgenter
1552 2083 1620 2103 cum
1633 2073 1742 2103 eisdem
1751 2073 1929 2104 tractaremus
1937 2097 1947 2112 ‚
2382 2079 2417 2103 H.
2430 2085 2488 2113 gaii

1341 2111 1390 2156 *Ac
1402 2111 1452 2148 ipsi
1467 2111 1548 2154 nobis
1559 2111 1748 2152 responderint
1760 2113 1837 2150 quod
1846 2136 1856 2152 ,
1871 2113 1889 2143 li
1903 2113 2004 2144 statum
2017 2112 2113 2153 Regni
2127 2113 2213 2144 nostri
2246 2125 2275 2145 er
2289 2125 2362 2146 con·-
2383 2121 2429 2150 29«

1307 2150 1400 2182 silium
1420 2147 1544 2193 fidelium
1566 2150 1727 2194 nostrorum
1744 2151 1957 2183 testificandum
1976 2152 2150 2191 duxerimus,
2168 2154 2201 2184 &
2250 2155 2364 2185 ominus

1307 2188 1384 2227 Papa
1398 2187 1574 2219 conditiones
1592 2199 1669 2219 circa
1681 2189 1789 2220 fastum
1808 2190 1914 2225 Siciliae
1933 2191 2066 2231 appositas
2084 2192 2271 2224 melioraverit
2282 2215 2293 2231 ,
2318 2203 2367 2231 per

1308 2226 1385 2269 quod
1400 2236 1436 2256 ne
1455 2228 1549 2257 otium
1561 2227 1629 2258 illud
1645 2227 1771 2268 prosequi
1784 2229 1924 2267 poffemus
1935 2239 2003 2260 cum
2016 2229 2141 2269 effectu,

1346 2266 1402 2311 Ipsi
1449 2266 1602 2305 iligentiain
1627 2266 1744 2297 fideliter
1762 2277 1906 2306 apponent
1923 2278 1952 2298 er
1971 2279 1985 2299 a
2004 2266 2253 2301 Communitatem
2273 2266 2371 2312 Regni

1310 2305 1417 2343 nostri,
1435 2303 1512 2350 quod
1526 2306 1608 2336 nobis
1617 2314 1773 2336 commune
1785 2307 1917 2338 auxssium
1931 2318 1945 2337 a
1977 2308 2033 2337 hoc
2047 2307 2208 2348 praestetur,

1348 2344 1418 2387 Nos
1431 2354 1469 2374 eis
1481 2344 1670 2375 concessimus
1682 2345 1777 2384 quod,
1795 2346 1867 2377 infra
1881 2345 1996 2377 Festum
2010 2345 2119 2377 Natalis
2132 2346 2266 2379 Domino
2279 2349 2373 2389 proxi-

1314 2393 1365 2415 mo
1383 2384 1524 2422 futurum,
1539 2392 1589 2425 per
1608 2383 1757 2414 consilium
1778 2386 1934 2423 proborum
1955 2387 1988 2417 &
2008 2384 2131 2416 fidelium
2143 2385 2296 2417 hominum
2309 2398 2373 2418 nos-

1313 2432 1422 2455 trorum
1438 2422 1533 2461 Regni
1547 2422 1674 2462 Angliae,
1694 2424 1751 2453 una
1764 2433 1832 2454 cum
1847 2424 1965 2455 consilio
1980 2424 2019 2454 L·
2043 2425 2079 2454 ati
2092 2423 2218 2455 Domini
2231 2424 2333 2464 Papae,
2352 2426 2375 2457 fi

1314 2463 1344 2492 in
1365 2461 1469 2500 Anglia
1491 2461 1588 2491 medio
1604 2470 1734 2502 tempore
1756 2464 1882 2501 venerit,
1900 2463 2001 2493 statum
2047 2462 2112 2502 egui
2125 2462 2214 2494 nostri
2229 2465 2372 2495 ordinabi-

1315 2510 1396 2538 mus,
1410 2502 1444 2532 &
1460 2499 1667 2530 ordinationem
1678 2500 1753 2530 illam
1766 2500 1881 2532 firmiter
1893 2501 2109 2532 observabimus.

1353 2538 1408 2576 Et,
1426 2537 1462 2582 ad
1481 2537 1539 2568 hoc
1558 2537 1673 2569 fideliter
1693 2538 1914 2579 observandum,
1930 2540 2112 2578 supponimus
2133 2549 2186 2570 nos
2207 2539 2373 2571 cohercioni

1315 2577 1442 2608 Domini
1457 2574 1560 2620 Papae,
1583 2585 1613 2607 ut
1627 2586 1680 2607 nos
1694 2577 1728 2607 ad
1742 2576 1798 2608 hoc
1812 2589 1861 2616 pei·
1874 2579 2017 2610 censuram
2030 2578 2270 2617 Ecclesiasticam,
2289 2587 2373 2617 prout

1316 2625 1350 2647 ex
1387 2614 1445 2645 dire
1458 2616 1577 2653 Viderit,
1593 2615 1681 2646 valeat
1693 2624 1792 2646 artare·

1378 2652 1543 2684 rotestamur
1569 2654 1652 2684 etiam
1675 2654 1752 2693 quod
1779 2640 1924 2685 fidvardus
1948 2653 2018 2685 filius
2037 2654 2130 2686 noster
2149 2655 2374 2696 primogenitus,

1316 2692 1442 2734 praestito
1458 2691 1631 2722 sacramento
1649 2693 1805 2732 corporali,
1823 2703 1871 2731 per
1887 2694 1986 2730 litteras
1999 2694 2054 2724 suas
2067 2695 2203 2726 concessit
2217 2695 2295 2734 quod
2308 2705 2374 2725 om-

1316 2733 1378 2770 nia,
1396 2732 1516 2774 superius
1535 2732 1674 2769 expressa,
1689 2740 1826 2770 quantum
1840 2734 1870 2762 in
1882 2732 1941 2772 ipso
1956 2732 2014 2770 est,
2032 2732 2148 2764 fideliter
2160 2734 2193 2766 &
2206 2733 2374 2767 inviolabili-

1316 2770 1543 2840 terlobservabig,
1561 2771 1594 2801 ὃ(
1606 2771 1813 2809 imperpetuum
1825 2771 1965 2803 observari
1978 2770 2148 2810 procurabit.

1366 2820 1385 2839 n
1399 2819 1493 2848 quuS‚
1544 2818 1570 2838 c.

1353 2889 1420 2921 Hiis
1434 2889 1574 2922 Testibus.

1356 2971 1491 3002 Edvardo
1498 2969 1561 3012 filio
1576 2967 1662 3009 nostro
1669 2972 1845 3009 primogenito
1853 2993 1863 3009 ,

1352 3009 1479 3050 Galfrida
1495 3011 1527 3039 de
1541 3010 1702 3047 Lezz'gnan,

1355 3048 1499 3080 Wllielmo
1511 3048 1542 3077 de
1556 3046 1683 3076 Valentia
1691 3070 1701 3086 ,
1711 3045 1856 3086 fratribus
1866 3046 1976 3086 nostris,

1355 3092 1438 3119 Petro
1452 3088 1484 3116 de
1495 3084 1649 3123 Sabaudia,

1354 3127 1488 3166 Johanne
1501 3126 1533 3155 de
1545 3122 1665 3162 Pleffitis
1672 3146 1683 3162 ,
1698 3127 1799 3153 Comitc
1815 3126 1976 3153 Wamwici
1984 3147 1994 3162 ,

1355 3164 1487 3205 Johanne
1498 3161 1650 3201 Maunsell,
1668 3161 1845 3200 Thesaurario
1862 3162 2000 3202 Eburum,

1355 3207 1474 3234 Henrico
1488 3202 1519 3232 de
1534 3200 1694 3240 anham‚
1713 3203 1824 3231 Decano
1834 3202 1929 3232 Sanffl
1943 3203 2066 3233 Martini
2079 3199 2213 3243 London,

1358 3246 1440 3273 Petro
1457 3242 1489 3271 de
1503 3238 1617 3277 Rivali,

1357 3281 1477 3311 Guidone
1490 3280 1522 3309 de
1536 3275 1708 3316 Rorheford,

1358 3319 1480 3351 Roberro
1500 3315 1667 3354 Walerand,
1685 3315 1866 3354 praesentibus
1872 3340 1883 3356 ,
1897 3317 1931 3349 &
1953 3316 2048 3348 multis
2067 3317 2124 3349 aliis
2139 3314 2319 3355 comitibus,
2331 3312 2384 3347 Bar·

1395 3358 1512 3388 ronibus
1526 3355 1622 3393 Regni
1634 3355 1729 3385 nostri.

1355 3438 1467 3470 Datum
1480 3435 1553 3477 apud
1566 3433 1855 3466 Westmonasterium
1868 3460 1878 3475 ,
1893 3434 2018 3468 secundo
2030 3435 2077 3466 die
2092 3433 2175 3466 Maii.

1393 3581 1421 3608 ’k
1440 3585 1489 3616 De
1505 3578 1590 3633 modo
1602 3590 1656 3626 per
1678 3590 1766 3626 quem
1775 3579 1875 3624 status
1891 3578 2045 3613 ordinetur
2062 3579 2098 3618 ὠ·
2117 3577 2309 3624 reformetur.
2406 3600 2426 3620 ,μ
2441 3599 2464 3628 i.
2472 3599 2538 3637 ὄπ,

2379 3707 2384 3712 .
2406 3684 2481 3716 Ami.
2497 3681 2538 3715 D.

1322 3671 1402 3728 RE
1412 3710 1559 3740 Noveritis
1585 3716 1637 3737 nos
1663 3706 1829 3738 concessisse
1850 3704 2014 3736 Proceribus
2032 3705 2066 3736 &
2090 3702 2270 3745 Magnatibus
2289 3706 2385 3746 Regni
2424 3733 2458 3753 12
2481 3724 2497 3753 3

1323 3748 1430 3786 nostri,
1454 3750 1610 3786 juramento
1630 3746 1660 3775 in
1681 3748 1803 3776 animam
1826 3744 1950 3775 nostram
1971 3754 2021 3784 per
2041 3743 2207 3776 Robertum
2228 3745 2384 3776 W'alerand
2405 3767 2446 3790 An
2461 3732 2475 3762 5
2493 3743 2507 3788 2'

1323 3786 1465 3829 praestito,
1485 3785 1562 3824 quod
1603 3794 1632 3813 er
1656 3794 1690 3813 12
1713 3783 1806 3814 fideles
1826 3783 1862 3813 de
1875 3781 2013 3814 Concilio
2028 3782 2126 3813 nostro
2140 3785 2196 3822 iam
2211 3784 2333 3822 eleetos,
2350 3784 2384 3814 &
2407 3806 2433 3827 H
2452 3773 2489 3798 ‘4
2513 3783 2516 3786 ⁴

1325 3837 1374 3866 per
1394 3826 1461 3856 alios
1481 3834 1516 3854 12
1532 3822 1586 3853 fide
1597 3833 1624 3852 es
1638 3822 1748 3853 nostros
1762 3822 1867 3852 eleetos
1877 3828 1912 3850 ex
1924 3830 2000 3865 parte
2013 3821 2171 3853 Procerum
2184 3822 2307 3863 ipsorum
2323 3823 2383 3860 (qui
2405 3810 2509 3867 Ibida3m

1324 3864 1397 3903 apud
1421 3863 1519 3894 Oxon.
1535 3873 1551 3892 a
1571 3861 1644 3891 festo
1658 3859 1839 3891 Pentecosten
1852 3868 1985 3899 proximo
2000 3860 2096 3891 futuro
2111 3861 2142 3891 in
2156 3870 2247 3891 unum
2261 3860 2388 3890 mensem

1325 3901 1508 3939 convenient)
1533 3901 1696 3938 ordinetur,
1723 3898 1910 3936 mentiemur,
1939 3899 1973 3930 &
1994 3899 2161 3930 reformetur
2181 3899 2265 3929 status
2293 3896 2390 3937 Regni

1327 3941 1434 3979 nostri,
1453 3939 1606 3970 secundum
1620 3938 1699 3979 quod
1713 3937 1813 3968 melius
1824 3935 1943 3968 viderint
1957 3937 2146 3978 expedire,ad
2158 3937 2299 3968 honorem
2315 3936 2392 3975 Dei,

1328 3982 1362 4012 &
1373 3980 1408 4011 :id
1421 3978 1506 4010 tidem
1520 3977 1664 4016 nostram,
1682 3985 1714 4007 ac
1727 3975 1823 4016 Regni
1835 3974 1924 4005 nostri
1937 3977 2093 4008 utilitatem.

1366 4018 1421 4057 Et,
1439 4018 1457 4048 si
1479 4018 1551 4048 forte
1573 4016 1656 4056 aliqui
1671 4015 1830 4046 electorum
1844 4023 1878 4044 ex
1891 4022 1968 4052 parte
1982 4015 2077 4046 nostra
2090 4015 2212 4046 absentes
2224 4012 2343 4051 fuerint,
2361 4012 2395 4042 li-

1328 4067 1389 4088 ceat
1412 4057 1480 4095 illis,
1495 4056 1544 4096 qui
1565 4055 1710 4093 praesentes
1729 4054 1849 4092 fuerint,
1865 4054 1932 4084 alios
1954 4053 2119 4085 substituere
2140 4054 2208 4083 loco
2221 4051 2394 4089 absentium3

1328 4098 1363 4128 &
1377 4095 1500 4127 similiter
1514 4093 1561 4127 fiat
1575 4102 1609 4126 ex
1626 4101 1704 4134 parte
1710 4092 1914 4134 praedictorum
1921 4089 2079 4125 Procerum
2093 4093 2128 4125 ὃς
2142 4090 2267 4122 fidelium
2281 4089 2393 4121 nostro-

1328 4144 1402 4167 rum·
1837 4166 1863 4200 E
1884 4176 1899 4208 3
2353 4161 2391 4196 Et

1410 3670 1441 3702 X
1453 3669 1604 3707 omnibus,
1622 3668 1682 3700 &c.
