2570 4261
163 237 246 266 1235.

139 270 203 295 Hen.
223 278 248 304 3.

104 2523 173 2554 Ann
192 2523 234 2555 D.

131 2547 215 2602 12}5.

101 2606 154 2631 An.
176 2613 220 2639 ¹9·

100 2664 204 2717 cl'aussi
211 2690 241 2715 9.

100 2724 136 2746 H.
153 2729 177 2755 3.
196 2731 231 2748 m.

102 2759 213 2796 3.dorso.

100 2906 152 2938 ³1.
168 2911 235 2946 346.

296 118 373 151 120

293 232 423 272 Magistri
439 230 550 261 Militiae
565 225 698 263 Templi,
716 225 751 255 ὅ(
765 224 852 255 fratris
864 224 904 255 G.
922 223 1059 263 assignent
1071 224 1214 262 praedictae
1235 224 1352 254 Aiiano-

291 278 331 301 ne
364 271 444 301 uxori
458 267 560 298 nostrae
574 266 690 300 futurae,
708 262 816 302 Burgos
827 263 860 295 &
874 263 960 293 Villas
975 262 1141 300 subscriptas.
1223 301 1228 306 .
1312 300 1317 305 ,

329 296 466 339 K'l'idelicet
485 305 591 344 Burgos
610 303 646 333 de
665 301 863 339 Gloucestria,
880 300 1060 340 Cantebrigia
1080 302 1113 332 ὃς
1136 299 1349 331 Huntindonia:

289 347 324 379 δε
339 347 424 377 Villas
437 344 473 374 de
494 342 604 380 Wych.
623 339 817 380 Bafingestok,
836 340 962 371 Andeur.
982 339 1147 378 Chiltham,
1166 337 1350 381 Gumecestr.

290 386 398 423 Clytie,
425 380 605 421 Kingeston,
629 379 747 417 Offprin
769 402 775 408 .
800 379 835 410 ὃς
856 378 1033 423 Ludingland
1048 401 1058 416 ‚
1081 377 1211 422 tenendas
1231 386 1351 406 nomine

289 423 363 453 dotis
376 430 438 452 toto
452 429 583 458 tempore
595 418 738 459 praedietae
748 388 872 449 istibenae
886 417 1008 457 Reginae
1019 425 1113 446 matris
1124 415 1235 458 nostrae.
1312 453 1317 459 .

326 460 382 498 Et,
399 459 463 497 post
477 467 603 489 mortem
616 457 737 496 ejusdem
752 457 846 487 matris
859 455 980 493 nostrae,
998 455 1097 485 habeat
1115 453 1252 498 'praedieta
1270 453 1349 484 Alie*-

289 509 375 536 nora,
394 507 465 528 uxor
480 496 576 528 nostra
587 496 696 535 futura,
713 496 812 526 dotem
825 494 919 532 illam,
934 503 1020 537 quam
1034 491 1168 537 praedicta
1180 500 1270 536 inater
1282 502 1349 536 nos-

288 545 330 570 ua
343 537 448 574 tenuit;
467 536 500 566 &
536 535 661 566 raedietae
673 544 771 572 terrae,
789 535 813 564 ei
826 532 963 572 affignatae
977 540 1106 568 interim,
1122 540 1241 560 nomine
1259 530 1349 569 dotis,

288 575 323 605 ad
336 575 460 606 haeredes
473 584 513 605 no
541 585 585 604 ros
600 574 686 604 libere
700 574 733 604 &
747 573 841 610 quiete
854 579 1034 601 revertantur.
1236 608 1241 613 .

327 613 381 652 Et,
400 613 420 643 si
433 612 646 657 forte'praedicti
660 611 756 650 Burgi,
775 610 809 640 &
824 609 967 646 praedietae
982 608 1065 637 Villae
1080 616 1140 637 non
1153 606 1294 638 sufficiunt
1312 606 1347 638 ad

289 652 438 683 valentiam
457 651 531 682 dotis
554 650 694 688 praedietae
711 650 793 679 matri
813 647 917 678 nostrae
933 646 1090 685 assignatae‚
1114 645 1238 676 haeredes
1257 645 1347 676 nostri

288 690 410 728 plenarie
423 691 461 721 eis
474 689 640 728 supplebunt
654 689 683 717 in
696 687 753 717 aliis
766 688 857 725 terris,
875 687 900 716 ei
914 685 1084 729 assignandis.
1233 724 1238 729 ι

323 728 520 759 Concedimus
534 729 617 757 etiam
630 725 748 764 praefatis
764 725 990 762 procuratoribus
1004 724 1116 761 plenam
1131 723 1345 763 auctoritatem,

286 768 321 798 &
342 768 458 804 speciale
480 766 643 797 mandatum
663 764 740 803 quod
758 764 843 801 ipsam
857 762 1070 801 Domicellam,
1087 762 1124 792 de
1137 762 1257 793 consilio
1272 773 1344 800 prae-

285 805 430 836 dictorum
443 805 666 843 Episcoporum,
685 804 718 834 &
732 801 863 841 Magistri
877 801 991 831 Militiae
1003 800 1136 839 Templi,
1155 801 1188 831 &
1201 801 1290 831 fratris
1302 802 1344 832 G.

285 843 323 874 de
334 845 467 874 omnibus
483 845 548 881 hiis,
567 843 685 873 nomine
698 840 814 878 nostro,
833 840 998 870 auetoritate
1012 840 1206 877 praesentium,
1223 839 1344 871 debeant

280 882 434 921 investire,
466 892 551 920 quarn
572 882 656 911 etiam
675 880 774 910 dotem
796 889 848 908 nos
864 901 874 917 ‚
903 878 950 908 die
970 879 1130 916 nuptiarum
1157 878 1318 910 nostrarum
1334 903 1344 918 ,

281 930 368 959 prout
381 921 421 951 est
431 922 500 959 juris
512 921 545 952 &
559 921 661 958 moris,
680 919 893 956 praenominatae
907 916 1077 947 Domicellae
1090 917 1248 955 Alienorae,
1264 919 1344 948 uxori

281 959 387 990 nostrae
399 960 519 997 futurae,
538 959 730 997 promittimus
747 956 897 994 specialiter
908 955 1056 995 assignare,
1075 957 1110 987 ὃς
1125 955 1242 987 Cartam
1256 958 1281 987 ei
1295 967 1342 988 ex-

279 998 347 1028 inde
362 998 467 1036 facerc,
487 998 619 1036 pendenti
632 996 718 1036 sigillo
732 995 832 1025 nostro
846 995 1060 1038 communitam.
1123 1030 1128 1039 ι

319 1036 473 1067 Plenariam
496 1038 578 1067 etiam
599 1033 751 1073 saepedictis
771 1033 1000 1071 procuratoribus
1022 1032 1193 1064 contulimus
1220 1034 1341 1072 potesta-

279 1083 359 1113 tem,
377 1076 410 1106 &
432 1075 546 1113 speciale
566 1074 730 1105 mandatum
750 1072 786 1102 de
800 1073 934 1110 pecunia,
952 1072 1035 1102 nobis
1048 1071 1137 1103 darida
1150 1082 1218 1102 cum
1232 1073 1342 1104 Domi-

281 1114 351 1144 cella
370 1113 522 1152 supradicta
538 1114 575 1144 de
597 1113 715 1143 consilio
756 1111 945 1154 raedit‘torum.
962 1109 1187 1148 Episcoporum,
1209 1110 1341 1149 Magistri

283 1152 398 1182 Militiae
412 1152 546 1191 Templi,
565 1153 598 1184 δε
613 1151 700 1182 fratris
750 1174 756 1179 .
775 1159 843 1180 cum
856 1148 976 1193 Comite
988 1149 1105 1193 praefato
1118 1149 1199 1187 pacta
1216 1150 1250 1181 &
1267 1160 1341 1181 con-

279 1192 429 1222 ventiones
451 1192 532 1221 inire:
553 1199 584 1221 ut
602 1198 696 1220 tamen
713 1199 772 1218 non
794 1188 846 1219 fint
863 1197 968 1218 minori
991 1195 1141 1225 quantitate
1163 1190 1291 1219 contenti
1308 1190 1338 1219 in

278 1228 464 1267 promissione
479 1231 606 1268 pecuniae
621 1227 779 1267 praedietae,
798 1235 882 1266 quam
900 1225 1001 1257 eisdem
1024 1228 1253 1264 procuratoribus
1269 1237 1337 1258 nos-

275 1269 324 1298 tris
338 1269 512 1307 injunximus.

317 1306 355 1338 Et
370 1307 538 1345 potestatem
553 1306 739 1342 contulimus,
758 1314 808 1342 per
822 1304 921 1335 litteras
936 1303 1041 1335 nostras
1054 1313 1193 1343 patentes,
1212 1314 1278 1344 quas
1293 1306 1337 1336 in-

278 1344 314 1376 de
329 1347 366 1376 eis
380 1345 439 1376 fieri
452 1346 586 1383 fecimus,
604 1346 684 1383 super
698 1345 816 1383 quibus,
834 1343 980 1381 videlicet,
998 1343 1068 1374 locis
1081 1344 1114 1374 &
1136 1345 1261 1374 terminis
1281 1343 1336 1375 sta-

277 1384 387 1453 mensus
410 1384 489 1423 super
509 1384 648 1415 solutione
670 1381 795 1414 facienda
815 1382 961 1422 pecuniae‚
979 1391 1043 1421 quae
1055 1381 1090 1412 ad
1102 1381 1270 1413 solvendum
1291 1393 1336 1414 re-

277 1431 343 1452 man
355 1431 420 1454 erit·

315 1461 354 1492 Et
368 1461 405 1491 de
413 1447 583 1499 ’recipiendis
597 1460 715 1500 proinde
730 1460 906 1491 cautionibus
926 1469 992 1497 quas
1010 1458 1178 1502 sufficientes
1199 1461 1282 1491 nobis
1302 1462 1336 1492 ii-

274 1499 340 1529 dem
355 1508 549 1537 procuratores
563 1502 596 1532 &
610 1500 722 1530 idoneas
737 1499 920 1537 reputabunt,
938 1497 974 1528 de
994 1498 1111 1529 consilio
1132 1498 1335 1539 praedi&orum

273 1537 399 1568 fidelium
413 1538 595 1577 nostrorum,
613 1539 661 1569 fibi
674 1538 787 1576 plenam
801 1537 997 1568 auctoritatem
1010 1537 1200 1576 contulimus,
1219 1538 1254 1570 &
1274 1538 1334 1577 spe-

273 1576 344 1607 ciale
355 1577 526 1608 mandatum.

313 1614 385 1647 Illud
401 1617 502 1655 etiam,
521 1615 615 1654 quod,
634 1625 692 1653 prae
707 1615 852 1652 manibus,
870 1615 898 1644 in
913 1613 1033 1644 adventu
1047 1612 1221 1646 Domicellae
1241 1615 1333 1654 supra-

272 1651 377 1693 dietae,
395 1655 488 1686 uxoris
505 1654 612 1685 nostrae
631 1654 746 1692 futurae,
767 1652 934 1683 solvendum
955 1654 1022 1691 erit,
1041 1652 1144 1684 eisdem
1165 1663 1330 1692 procurato-

271 1693 347 1723 ribus
361 1693 493 1724 volumus
506 1692 632 1733 assignari
646 1691 679 1722 ad
694 1702 745 1722 nos
758 1690 950 1722 deferendum.

310 1731 399 1770 Super
414 1733 515 1770 quibus
526 1732 660 1763 omnibus
673 1732 707 1761 ἃ
721 1730 848 1770 singuliS,
865 1738 895 1760 ut
917 1729 959 1759 est
979 1729 1104 1768 dietum,
1127 1730 1258 1768 praefatos
1275 1732 1329 1770 Jo-

269 1769 393 1801 hannem
416 1772 450 1802 &
471 1771 636 1801 Robertum
659 1777 853 1807 procuratores
872 1767 984 1798 nostros
999 1767 1161 1808 statuimus3
1179 1770 1329 1802 adicientes

270 1809 366 1847 quod,
385 1809 405 1839 fi
416 1809 545 1840 articulus
558 1809 654 1848 aliquis
667 1809 869 1844 inexcogitatus
883 1807 1040 1845 emerserit,
1058 1807 1137 1845 super
1151 1818 1210 1846 quo
1224 1808 1327 1847 specia-

267 1847 296 1878 le
316 1847 478 1878 mandatum
500 1848 603 1878 eisdem
625 1846 852 1886 procuratoribus
871 1855 930 1876 non
951 1845 1170 1884 contulerimus,
1189 1857 1239 1885 per
1253 1859 1326 1886 prae-

265 1886 356 1917 sentoe
366 1887 466 1918 litteras
480 1886 593 1917 eosdem
608 1887 637 1916 in
649 1885 853 1925 emergentibus
866 1892 1062 1922 procuratores
1077 1883 1221 1916 statuimus
1239 1896 1326 1926 gene-

266 1925 343 1955 tales.

307 1963 416 1994 Dantes
429 1963 532 1994 eisdem
544 1964 702 2003 generalem
714 1962 747 1993 &
761 1961 883 2006 liberam·
891 1961 1058 1998 potestatem
1081 1962 1119 1993 fic
1138 1965 1253 2002 omnia,
1270 1975 1324 1996 no-

267 2003 347 2033 mine
370 2002 485 2040 nostro,
502 2003 595 2033 facere
614 2013 647 2033 ac
666 2002 686 2032 fi
704 2000 792 2031 essent
812 2000 928 2038 speciale
941 1999 1120 2044 mandatum,
1139 2001 1218 2040 super
1232 2013 1325 2035 erner-

265 2042 395 2080 gentibus
411 2041 537 2081 singulis,
554 2053 570 2072 a
588 2041 670 2072 nobis
683 2039 844 2076 consecuti3
859 2046 1054 2076 promittentes
1069 2042 1106 2070 l1c
1121 2042 1218 2072 omnia
1230 2043 1264 2073 δε
1281 2043 1325 2074 su-

266 2079 389 2117 pradieta
404 2080 506 2148 fingla
517 2089 573 2110 rata
584 2081 618 2112 &
634 2078 797 2110 inconcussa
809 2077 930 2115 servare,
948 2087 982 2108 ac
996 2077 1016 2108 si
1038 2087 1053 2108 a
1072 2078 1154 2109 nobis
1174 2080 1324 2119 personali-

265 2125 308 2148 ter
322 2119 417 2156 promi
442 2129 456 2148 a
469 2118 617 2150 eristerent
630 2119 663 2149 &
679 2116 794 2148 firmata.

304 2156 339 2187 In
354 2158 431 2196 cujus
446 2159 485 2187 rei
499 2157 713 2195 testimonium,
732 2157 793 2187 &c.

262 2242 391 2321 &ffege
411 2243 494 2284 Rege
513 2243 586 2283 apud
606 2241 911 2282 westmonasterium,
937 2250 970 2281 15
992 2241 1038 2274 die
1058 2241 1216 2284 octobris,
1230 2255 1322 2286 anno,

456 2425 576 2457 Littera
591 2422 627 2456 de
644 2422 801 2456 Credentia
816 2426 928 2456 Comiti
942 2426 1112 2458 Provinciae.

257 2516 371 2574 REX
387 2516 476 2547 nobili
492 2518 555 2547 viro
569 2515 743 2553 Raymundo
765 2515 876 2547 Comiti
895 2516 1058 2548 Provinciae
1077 2517 1192 2550 salutem
1209 2519 1244 2551 δε
1263 2518 1318 2549 sin-

329 2566 403 2586 cerae
413 2555 570 2586 dilectionis
584 2555 729 2586 affectum.

295 2593 373 2624 Cum
396 2594 565 2625 venerabiles
587 2603 676 2632 patres
690 2593 732 2623 Η.
752 2592 843 2624 Elien.
862 2593 895 2624 &
910 2593 949 2624 R.
969 2592 1122 2625 Hereford.
1141 2594 1315 2635 Episcopos,

259 2632 294 2663 &
313 2632 431 2663 dileetos
452 2632 545 2663 fideles
564 2632 676 2663 nostros
698 2632 810 2663 fratrem
825 2631 864 2662 R.
884 2631 1055 2672 Magistrum
1070 2633 1184 2664 Militiae
1197 2634 1316 2676 Templi

259 2671 288 2700 in
305 2671 421 2740 Angliia,
440 2673 473 2703 ὃς
488 2672 603 2701 fratrem
624 2671 664 2701 G.
684 2670 919 2701 Elemofinarium
939 2670 1083 2710 nostrum,
1101 2673 1136 2703 &
1151 2672 1315 2710 Johannem

257 2709 346 2741 filium
388 2710 483 2748 hilippi
496 2710 683 2740 Senescallum
697 2708 843 2747 nostium,
861 2709 895 2740 &
910 2707 1074 2740 Robertum
1088 2710 1124 2741 de
1138 2709 1213 2742 Muc
1250 2722 1312 2751 τος,

253 2748 290 2779 de
303 2759 425 2787 quorum
439 2748 568 2779 fidelitate
581 2748 663 2786 plene
675 2747 860 2786 confidimus,
877 2747 914 2777 de
928 2747 1011 2778 latere
1024 2747 1125 2779 nostro
1135 2748 1169 2778 ad
1190 2754 1237 2781 vei
1253 2760 1313 2781 ram

253 2788 424 2824 praesentiam
437 2787 636 2817 destinavimus
648 2786 682 2816 ad
696 2786 872 2816 tractandum
887 2786 1036 2817 vobiscum
1049 2786 1086 2817 de
1103 2787 1311 2828 Matrimonio,

252 2827 323 2856 inter
336 2837 404 2865 nos,
421 2827 454 2858 δε
470 2826 644 2864 Alyenoram
657 2825 743 2855 filiam
756 2823 875 2855 vestram
884 2847 894 2864 ,
911 2825 1124 2864 contrahendo,
1137 2826 1171 2857 δε
1182 2827 1310 2867 feliciter,

251 2862 319 2894 Deo
333 2864 433 2903 dante,
450 2863 691 2901 consummando,

290 2903 308 2921 *ι
328 2902 492 2933 Amicitiam
508 2903 630 2933 vestram
662 2902 820 2933 raesentibus
833 2911 997 2941 exoramus,
1013 2904 1142 2941 quatinus
1159 2903 1240 2935 dictis
1260 2916 1311 2937 eo-

251 2949 316 2970 rum
339 2942 368 2971 in
389 2941 439 2971 hiis
461 2952 525 2978 quie
548 2941 649 2980 praeditk
666 2951 715 2971 um
736 2942 882 2980 negotium
900 2942 1086 2981 contingunt,
1103 2941 1191 2972 fidem
1213 2946 1309 2975 omni-

250 2978 367 3009 modam
387 2979 566 3018 adhibentes,
585 2979 719 3018 quicquid
742 2980 823 3009 vobis
840 2979 975 3017 dixerint,
1002 2981 1066 3019 quic
1088 2979 1135 3010 uid
1157 2981 1307 3013 vobiscum

249 3018 444 3054 tra&averint,
463 3018 518 3047 slve
538 3017 723 3055 firmaverint,
741 3016 895 3048 secundum
917 3018 995 3055 quod
1014 3020 1043 3048 iri
1091 3019 1228 3050 iislitteri's
1241 3032 1307 3052 nos·

247 3057 296 3086 tris
316 3056 505 3095 generalibus,
522 3055 558 3086 de
578 3057 682 3087 eodem
705 3058 820 3095 negotio
839 3056 994 3095 confectis,
1013 3058 1048 3088 ὃ(
1069 3067 1134 3095 quas
1155 3059 1305 3097 praedictus

242 3094 389 3134 johannes
411 3095 443 3124 &
467 3093 610 3125 Robertus
625 3118 634 3132 ,
662 3104 855 3132 procuratores
872 3094 994 3133 ejusdem
1018 3096 1146 3134 negotii,
1170 3097 1236 3128 inde
1256 3099 1305 3129 ha-

250 3134 334 3172 bent,
352 3133 459 3170 plenius
472 3133 647 3170 continetur,
666 3134 702 3163 fic
716 3133 903 3163 indubitanter
916 3133 1031 3163 credere
1050 3135 1084 3165 &
1097 3135 1244 3172 complere
1255 3147 1305 3168 ve-

245 3171 300 3201 litis
315 3195 325 3209 ,
355 3181 388 3202 ac
411 3171 430 3201 fi
451 3170 600 3202 nobiscum
622 3181 652 3202 ea
673 3171 876 3210 praesentialiter
903 3172 1016 3203 tractata
1035 3171 1182 3204 existerent
1201 3174 1236 3206 δε
1257 3174 1304 3207 fir-

244 3218 325 3241 mata.

284 3287 387 3317 Eodem
400 3287 474 3317 modo
481 3286 613 3326 scribitur
626 3288 747 3316 Beatrici
759 3286 900 3326 Comitiffae
916 3290 1042 3318 Provinc-

341 3421 467 3466 Potestas
487 3421 562 3454 data
573 3417 817 3468 procuratoribus
832 3419 868 3452 de
880 3425 1005 3466 pecunia
1021 3420 1197 3467 recipt'enda.

215 3525 223 3533 ·
237 3503 369 3561 ‘REX
394 3508 545 3545 omnibus,
568 3506 603 3537 ad
623 3517 695 3545 quos
715 3505 862 3544 praesentes
881 3504 981 3536 litterae
1002 3507 1180 3544 pervenerint
1193 3530 1204 3545 ,
1228 3507 1297 3538 salu-

281 3552 464 3620 Scizitrisi'quod
481 3583 646 3621 potestatem
659 3582 786 3613 dedimus
800 3582 908 3612 dilet‘tis
921 3583 954 3613 &
967 3582 1094 3613 fidelibus
1107 3583 1224 3621 nostris,
1239 3583 1295 3622 Jo-

215 3639 221 3645 .
242 3618 327 3648 hanni
346 3619 404 3649 filio
424 3620 545 3658 Philippi
562 3620 718 3652 Senescallo
736 3620 852 3658 nostro,
871 3622 904 3652 δε
918 3621 1053 3652 Roberto
1067 3620 1102 3651 de
1117 3621 1192 3652 Muc
1230 3633 1291 3661 ros,

240 3658 465 3724 grlocumtoflbus
476 3659 576 3690 nostris
584 3683 593 3697 ,
611 3659 769 3703 constitutis
780 3660 889 3703 anobis
900 3659 934 3689 ad
947 3659 1123 3704 tractantium
1138 3669 1206 3703 cum
1258 3671 1293 3690 ο-

239 3696 955 3779 bigast„[efasssffz‘ss0i‘ry‘2‘sssissis‘fifffiffiafii
970 3697 1291 3780 ἓὲἷῗὲἱῖἕῗιιᾷὦῗξῗῗ

237 3771 327 3800 ambo
349 3771 491 3807 praesenres
509 3781 568 3801 non
588 3773 689 3803 fuerint
723 3773 873 3810 recipiendi
908 3774 944 3804 de
957 3774 1074 3804 consilio
1085 3775 1288 3804 venerabilium

236 3807 370 3844 Pati-um,
383 3807 435 3851 Ἠ.
461 3807 557 3851 Elyen.
583 3811 615 3840 ὃς
633 3811 672 3841 R.
691 3796 845 3855 Heresord.
869 3798 1093 3856 fipiscoporum,
1109 3812 1144 3842 &
1166 3812 1288 3842 dilecto-

237 3856 302 3889 rurn
321 3846 403 3876 nobis
419 3846 506 3875 fratris
528 3846 566 3890 R.
584 3848 714 3885 Magistri
735 3849 847 3879 Militiae
867 3850 985 3887 Templi
997 3860 1026 3880 in
1039 3849 1158 3889 Angla,
1177 3852 1211 3881 δε
1232 3851 1277 3885 fra·
1292 3868 1296 3872 ·

235 3892 284 3914 tris
298 3883 338 3914 G.
358 3883 551 3927 Elemosinarii
563 3885 664 3928 nostri,
682 3888 697 3916 a
710 3887 847 3924 praedidto
861 3886 981 3918 Comite
994 3889 1091 3927 viginti
1106 3888 1190 3918 millia
1205 3888 1286 3919 Mar-

237 3932 351 3964 carum,
361 3931 439 3966 ‘cum'
450 3921 582 3965 prandiditi
595 3924 751 3968 Alyenora,
764 3925 785 3955 fi
798 3934 860 3954 eam
873 3924 1031 3956 duxerimus
1043 3928 1072 3956 in
1085 3935 1212 3958 uxorem.
1251 3926 1286 3958 In

237 3969 315 3999 cujus
328 3970 368 3992 rei
378 3959 574 3992 testimonium
588 3960 635 3991 has
647 3962 747 3993 litteras
761 3962 869 3994 nostras
879 3963 997 3996 fecimus
1009 3964 1157 3999 Parentes,

755 88 1558 141 CON'VENTIONE83
1612 83 1997 142 LITERAE,

141 188 218 219 Ann.
231 189 270 220 D.
291 201 485 232 procuratores
504 188 593 221 nostri
609 211 618 227 ,
643 186 680 217 de
699 186 817 216 consilio
836 185 1039 223 praedictorum
1059 184 1268 223 Episcoporum
1282 207 1292 221 ,
1319 184 1353 214 &
1430 177 1522 210 Teste
1537 177 1621 218 Rege
1632 177 1705 217 apud
1718 177 1866 209 Windsor.
1889 186 1922 207 11
1941 176 1986 206 die
1999 173 2156 212 Oitobris,
2172 182 2265 213 anno,
2282 173 2343 208 &c.
2367 184 2412 216 ¹9·

2474 164 2570 204 Ann.l

2501 219 2570 251 1235

1828 261 1924 292 15000
2473 254 2539 278 Hen.
2558 260 2570 288 3

1828 301 1925 322 10000

1847 339 1925 368 7000

1846 378 1925 407 5000

1848 416 1926 447 3000

1771 277 1806 421 {
1948 273 1986 421 }
2010 331 2180 359 Marcarum.

1555 605 1711 650 Instruflio
1724 610 1854 653 privata
1867 605 1902 639 de
1917 609 2123 640 Matrimonia
2133 605 2282 653 praediffo.

2051 691 2158 762 gratia,
2173 691 2215 737 H.
2234 691 2332 739 Elyen.
2351 694 2386 726 &
2403 695 2443 726 R.
2461 685 2536 717 Ann-
2549 687 2570 719 E

2071 731 2159 761 elibus
2170 729 2221 761 suis
2236 731 2312 763 fratri
2328 732 2367 763 R.
2377 733 2445 766 Ma·
2482 734 2566 765 1235-

1389 329 1540 370 constmiles
1557 329 1658 361 litterae
1668 330 1748 373 fiunt

1425 478 1516 514 Teste
1526 491 1557 514 ut
1570 483 1657 522 supra.

1450 688 1510 721 EX
1533 689 1748 723 Venerabilibus
1768 691 1914 731 Patribus,
1931 692 2030 723 eadem

1466 728 1622 759 Hereford.
1638 729 1799 769 Episcopis,
1812 732 1845 762 ὅ(
1860 731 1968 762 ἀϋεᾶίε
1983 732 2017 762 &
2031 730 2050 766 fi

1383 765 1474 803 gistro
1490 766 1604 797 Militiae
1617 767 1734 807 Templi
1748 770 1777 799 in
1793 770 1893 809 Anglia
1928 769 2005 800 fram·
2027 769 2068 800 G.
2087 769 2292 800 Elemosinario
2311 771 2376 810 suo,
2391 772 2445 811 Jo-
2458 768 2510 792 An.
2531 776 2570 802 ¹9·

1384 805 1471 835 hanni
1485 805 1544 836 filio
1560 805 1684 844 Philippi
1697 809 1730 839 &
1742 807 1877 851 Roberto
1891 794 1928 839 de
1943 807 2102 848 Mucegros
2116 808 2240 843 salutem,
2458 807 2486 829 H
2488 825 2496 848 ·.
2515 813 2540 840 3·

1421 843 1594 875 Mandamus
1614 846 1696 875 vobis
1718 847 1910 884 praeeipientes
1928 847 2074 884 quatinus,
2099 846 2119 876 si
2141 845 2295 877 secundum
2316 847 2441 880 formam
2460 842 2563 870 mmm·

1381 882 1536 950 ffipreffam
1554 882 1823 952 mfflbneriffqntssshgis
1844 884 2023 953 ??s{{'[³bu³=
2034 895 2115 953 deiru&
2137 895 2296 953 periespvos
2309 886 2443 931 babens,

1381 931 1783 1003 nmffssssraffngligarvmobilssuiii
1803 933 2033 994 aggssicerssyxrssigi
2039 928 2443 1000 Pooertffsi'nsxobffissnacffingti

1381 997 1489 1028 nialiter
1502 998 1707 1037 copulandam,

1419 1036 1524 1075 Tunc,
1543 1046 1642 1078 praeter
1656 1047 1777 1069 omnem
1790 1037 1934 1075 formam,
1951 1038 1982 1067 in
1995 1037 2091 1069 litteris
2105 1038 2243 1076 praedietis
2256 1049 2420 1072 contentam
2430 1066 2441 1081 ‚

1382 1074 1440 1114 sine
1453 1075 1575 1113 qualibet
1587 1076 1726 1107 solutione
1759 1078 1884 1114 ecuniae,
1902 1076 1985 1105 nobis
2006 1076 2140 1107 faciendae
2176 1078 2262 1115 ipsam
2283 1082 2437 1119 recipiatis3

1379 1115 1415 1145 &
1430 1114 1579 1145 vobiscum
1591 1114 1667 1145 salvo
1681 1115 1714 1146 &
1740 1124 1824 1145 ecure
1836 1114 1870 1144 ad
1886 1124 1939 1144 nos
1949 1115 1978 1144 in
1993 1112 2094 1154 Anglia
2106 1115 2140 1145 ad
2161 1118 2254 1147 ucatis.

1415 1151 1450 1182 In
1464 1153 1544 1192 cujus
1558 1155 1597 1183 rei
1612 1152 1826 1193 testimonium,
1844 1154 1905 1184 &c.

1414 1226 1504 1261 Teste
1518 1229 1603 1269 Rege
1613 1229 1686 1269 apud
1701 1230 2009 1270 Westmonasterium,
2030 1241 2065 1272 19
2078 1231 2124 1263 die
2137 1231 2283 1264 oetobds.

1375 1364 1425 1397 De
1448 1364 1645 1397 Procuratore
1661 1373 1716 1410 per
1735 1366 1949 1411 Imperatorem
1967 1362 2108 1407 destinato
2117 1364 2209 1411 fitper
2228 1367 2435 1400 Matrimonia

1683 1423 1751 1445 cum
1764 1411 1894 1459 Iflzbella
1903 1414 2006 1459 sorore
2026 1416 2123 1459 Regis.

1373 1495 1590 1558 FRedericus
1604 1497 1663 1529 Dei
1677 1498 1778 1538 gratia,
1794 1499 1856 1529 δερ.
1874 1498 2025 1536 omnibus,
2040 1497 2186 1534 praesentes
2201 1497 2303 1530 litteras
2325 1500 2433 1538 inspec-
2449 1503 2526 1536 Αῃῃ,
2542 1506 2570 1538 D

1441 1537 1507 1566 turis
1520 1535 1646 1575 fidelibus
1661 1539 1694 1569 ὃ(
1706 1538 1803 1567 amicis
1815 1538 1880 1575 suis,
1889 1536 2003 1567 salutern
2012 1538 2190 1573 ,otomnem
2196 1537 2433 1569 benevolentiam.
2472 1553 2555 1584 1235-

1409 1571 1666 1606 Matrirnoniorum
1687 1576 1760 1606 sacra
1778 1575 1934 1614 solempnia
1952 1584 1986 1605 ex
2006 1573 2180 1605 institutione
2202 1574 2296 1607 divina
2324 1577 2433 1609 induxit
2451 1586 2504 1611 An.
2522 1595 2564 1621 19.

1370 1612 1513 1643 neceffitas
1548 1614 1582 1645 δε
1597 1614 1698 1645 utilitas
1713 1615 1886 1653 approbavit.
2446 1626 2482 1648 H.
2505 1633 2529 1659 3.

1408 1637 1580 1696 Necefl’ario
1610 1654 1688 1683 enim
1716 1653 1867 1692 oportebat
1894 1661 1983 1690 genus
2004 1652 2163 1697 humanum
2184 1653 2214 1683 in
2237 1652 2430 1685 successorum
2445 1660 2570 1698 claus.19

1369 1691 1524 1733 propagine
1537 1701 1653 1730 vivere,
1668 1701 1723 1730 ne,
1741 1692 1895 1723 sublatione
1906 1691 2099 1730 praesentlum,
2118 1700 2256 1732 perpetuo
2269 1693 2342 1723 casui
2364 1693 2429 1724 sub-
2451 1705 2534 1735 13.H.
2553 1710 2567 1737 3

1362 1736 1470 1766 jaceret
1478 1739 1484 1758 ε
2466 1759 2472 1765 .
2481 1747 2506 1765 2.
2513 1740 2570 1767 m.6

1381 1805 1385 1809 Ι
1403 1765 1548 1805 Copulam
1560 1769 1593 1799 ὃς
1609 1769 1761 1800 maritalem
1796 1779 1826 1801 er
1838 1777 2004 1801 ornamenta
2016 1765 2207 1807 solempnium
2222 1769 2257 1802 &
2277 1768 2429 1801 Ecclesias-
2445 1743 2462 1774 p

1365 1805 1415 1834 tici
1428 1805 1600 1838 Sacramenti
1613 1808 1711 1852 utilitas
1726 1780 1840 1852 evidens
1853 1809 1996 1847 persuasit,
2013 1816 2063 1846 ut,
2080 1817 2131 1846 per
2152 1808 2227 1846 hoc,
2245 1809 2428 1847 conjunctio-

1365 1852 1433 1873 nem
1447 1844 1570 1876 sanctam
1586 1846 1620 1877 ὃ(
1631 1846 1737 1877 licitam
1751 1848 1786 1877 ab
1800 1847 1893 1878 illicita
1904 1847 1981 1885 segre
2001 1854 2066 1876 aret.

1400 1882 1420 1901 ³¹²
1438 1882 1568 1915 Noverit
1580 1886 1664 1924 igitur
1678 1886 1856 1922 praesentium
1870 1886 1982 1916 multitu
2002 1894 2022 1914 o
2036 1883 2115 1922 quod
2136 1894 2207 1923 nOS,
2223 1884 2258 1915 ad
2277 1886 2425 1918 &astatum

1363 1920 1398 1951 &
1409 1921 1617 1953 ordinationem
1629 1923 1760 1955 karissimi
1776 1926 1856 1965 patris
1868 1923 1972 1962 nostri,
1989 1922 2113 1953 Domini
2129 1923 2346 1963 Gregorii,Dei
2361 1935 2424 1966 gra·
2440 1926 2460 1948 *⁸
2471 1929 2495 1957 Ι.
2514 1937 2566 1967 347

1364 1959 1420 1998 tia,
1437 1960 1630 1992 sacro—sanstae
1650 1962 1793 1993 Romanae
1811 1962 1944 1993 Ecclesiae
1967 1962 2071 1993 summi
2085 1961 2248 2001 Pontificis,
2266 1966 2425 2002 acceptavi-

1364 2007 1428 2028 mus
1441 1998 1544 2030 ducere
1557 2002 1589 2030 in
1602 2010 1721 2032 uxorem
1737 2002 1890 2041 legitimam
1904 2000 2047 2032 isabellam
2061 2001 2189 2032 sororem
2202 2000 2313 2032 illustris
2336 2002 2428 2044 Regis

1365 2035 1412 2066 An
1433 2037 1477 2068 liae
1490 2038 1622 2069 kariffimi
1635 2041 1721 2070 amici
1733 2040 1830 2070 nostri.
1964 2075 1967 2077 ,

1431 2076 1450 2106 d
1472 2077 1568 2116 quod,
1592 2077 1757 2116 disponente
1774 2079 1927 2117 Domino,
1951 2077 2068 2109 feliciter
2088 2075 2363 2118 consummandum,
2390 2081 2427 2111 ad

1363 2114 1493 2154 praedicti
1513 2115 1600 2156 Regis
1620 2117 1794 2157 praesentiam
1817 2117 2012 2147 destinandum
2027 2116 2156 2146 duximus
2176 2115 2214 2146 M
2252 2117 2348 2148 'strum
2368 2117 2425 2149 Pe-

1363 2160 1439 2184 trum
1452 2153 1488 2184 de
1503 2154 1610 2192 Vinea,
1629 2165 1741 2192 magnae
1763 2155 1859 2186 Curiae
1881 2154 1985 2185 nostrae
2003 2154 2153 2193 Judicem,
2170 2155 2204 2185 &
2246 2155 2340 2186 delem
2359 2167 2426 2188 nos-

1361 2199 1456 2260 {ffim'
1474 2202 1561 2231 quern
1573 2203 1633 2224 non
1647 2194 1792 2225 immerito
1804 2195 1887 2226 nobis
1901 2201 2050 2232 acceptum
2069 2192 2137 2224 fides
2154 2194 2188 2224 ὃς
2207 2193 2341 2226 industria
2360 2196 2424 2228 red-

1383 2240 1390 2259 i
1412 2240 1509 2262 erunt:

1397 2269 1531 2301 Eundem
1557 2270 1712 2303 Nuncium
1740 2273 1774 2305 ὅτ.
1797 2272 2017 2303 Procuratorem
2038 2270 2169 2302 nostrum
2191 2271 2350 2312 legitimum
2366 2273 2421 2304 sta-

1359 2316 1487 2348 tuentes,
1501 2311 1548 2340 cui
1560 2311 1673 2348 plenam
1687 2311 1871 2342 concedimus
1887 2310 2055 2349 potestatem
2069 2312 2102 2341 &
2116 2310 2232 2348 speciale
2245 2312 2421 2352 mandatum,

1359 2355 1391 2377 ut
1408 2348 1575 2379 consensum
1594 2349 1733 2380 Dominae
1755 2350 1920 2388 supradic‘tae
1933 2351 1962 2379 in
1976 2359 2045 2387 nos,
2062 2357 2112 2387 per
2126 2349 2213 2380 verba
2226 2349 2263 2379 de
2274 2350 2420 2391 praesenti,

1357 2387 1487 2455 recripiat,
1508 2387 1542 2418 &
1557 2388 1634 2426 quod
1649 2389 1679 2418 in
1693 2398 1772 2428 earn,
1789 2389 1908 2419 nomine
1927 2387 2045 2427 nostro,
2062 2397 2112 2426 per
2133 2388 2221 2419 verba
2241 2387 2278 2418 de
2295 2389 2421 2427 praesenti

1356 2434 1395 2455 co
1426 2433 1519 2457 entiat.

1393 2463 1521 2502 Speciale
1532 2465 1695 2496 mandatum
1709 2466 1890 2497 nihilominus
1902 2464 1995 2497 eidem
2005 2464 2101 2504 judici
2113 2465 2292 2496 conferentes
2306 2474 2354 2505 ur,
2364 2477 2420 2499 no-

1356 2502 1435 2534 mine
1456 2503 1571 2542 nostro,
1588 2504 1623 2535 &
1642 2506 1671 2535 in
1692 2506 1786 2535 anima
1807 2505 1902 2536 nostra
1932 2505 2007 2543 juret
2022 2503 2099 2542 quod
2114 2514 2165 2534 nos
2179 2504 2297 2534 eandem
2310 2505 2419 2536 Domi-

1356 2550 1424 2571 nam
1437 2542 1466 2572 in
1480 2551 1600 2573 uxorem
1613 2543 1765 2582 legitimam
1781 2543 1886 2574 ducere
1897 2529 2066 2581 debeamus,
2081 2544 2115 2574 ὃς
2128 2542 2214 2580 ipsam
2229 2544 2258 2573 in
2274 2543 2345 2574 facie
2357 2544 2416 2576 Ec-

1356 2579 1445 2610 clesiae
1459 2580 1639 2620 solempniter
1653 2581 1834 2620 desponsare,
1852 2584 1886 2614 &
1902 2581 1980 2621 quod
1995 2591 2048 2613 nos
2063 2591 2126 2612 eam
2140 2581 2281 2620 imperiali
2293 2583 2416 2623 honore,

1355 2618 1390 2649 ἃ.
1402 2619 1557 2650 affectione
1571 2621 1687 2651 maritali
1700 2621 1860 2651 tractemus.

1394 2657 1486 2696 Qiod
1508 2659 1593 2689 etiam
1609 2659 1801 2697 jusjurandum
1819 2659 1926 2689 dilesto
1944 2658 2069 2696 Principi
2089 2659 2123 2690 δε
2145 2658 2218 2690 fideli
2236 2659 2352 2699 nostro,
2370 2660 2414 2692 H.

1353 2696 1505 2726 venerabili
1517 2695 1740 2734 Arcliiepiscopo
1752 2696 1859 2727 Colon.
1877 2697 2073 2727 commisimus
2086 2697 2263 2736 faciendum
2281 2700 2318 2729 ita
2355 2700 2414 2731 uod

1353 2733 1374 2763 fi
1388 2735 1564 2774 contingeret
1578 2735 1669 2772 ipsum
1684 2735 1954 2773 Archiepiscopum,
1973 2734 2056 2764 simul
2067 2744 2137 2765 cum
2157 2736 2275 2772 praefato
2291 2737 2330 2775 Ju
2351 2740 2412 2777 ice,

1352 2772 1381 2801 in
1397 2772 1499 2810 Anglia
1511 2783 1571 2803 non
1583 2773 1711 2811 transire,
1729 2773 1774 2803 vel
1789 2773 1879 2811 ipsum
1891 2774 1975 2803 etiam
1998 2780 2093 2802 morte
2113 2774 2238 2811 praeri'pi,
2256 2776 2302 2805 vel
2324 2777 2413 2814 quali-

1350 2818 1519 2849 tercumque
1532 2811 1609 2842 aliter
1623 2813 1680 2850 ejus
1694 2812 1838 2843 transitum
1853 2811 1999 2850 impediri,
2017 2810 2200 2842 nihilominus
2220 2815 2410 2849 praenomina-

1350 2856 1393 2879 tus
1411 2849 1522 2888 Judex,
1539 2850 1611 2881 solus
1631 2850 1794 2881 auctoritate
1813 2850 1908 2881 nostra
1931 2849 2034 2887 fretus,
2052 2849 2185 2887 pxaedieta
2197 2853 2296 2881 omnia
2310 2852 2410 2884 secure

1350 2888 1384 2917 &
1401 2887 1489 2918 libere
1510 2888 1598 2919 valeat
1618 2889 1832 2927 consummare,
1851 2889 1885 2919 &
1907 2886 2067 2918 Dominam
2087 2888 2257 2919 antedietam
2278 2892 2406 2929 recipere

1349 2935 1418 2956 cum
1438 2927 1563 2958 Nunciis
1582 2927 1670 2966 Regis
1689 2928 1809 2966 praefati,
1827 2927 1964 2958 associato
1986 2927 2036 2957 fibi
2057 2927 2154 2965 aliquo
2175 2927 2212 2958 de
2227 2927 2405 2970 Principibus

1348 2965 1394 2995 vel
1408 2964 1530 2996 Praelatis
1542 2966 1658 3004 Imperii
1669 2965 1795 2996 fidelibus
1809 2965 1929 3003 nostris,
1947 2975 2034 3003 quem
2047 2965 2103 3003 ipse
2115 2965 2149 2996 ad
2163 2965 2222 2996 hoc
2242 2966 2319 2998 velut
2339 2968 2404 2999 ido-

1344 3012 1433 3071 (riigctiirn
1446 3004 1608 3073 eliggendum
1620 3004 1744 3043 duxerit,
1756 3004 1791 3035 ad
1805 3004 1980 3043 praesentiam
1993 3003 2121 3035 nostram
2131 3004 2268 3036 faelicibus
2281 3006 2407 3046 auspiciis

1401 3052 1473 3073 ucen
1494 3053 1549 3073 arn.

1381 3080 1577 3112 Concedimus
1587 3083 1672 3114 etiam
1683 3081 1828 3113 :mtedicto
1836 3082 1931 3121 Judici
1946 3082 2058 3120 plenam
2070 3082 2267 3114 andtoritatem
2285 3083 2320 3114 &
2341 3083 2403 3123 spe-

1343 3118 1415 3149 ciale
1424 3120 1606 3159 mandatum,
1622 3129 1653 3152 ut
1667 3120 1758 3151 eidem
1773 3120 1910 3151 Domina:
1944 3120 2190 3160 nominenostro,
2207 3123 2237 3151 in
2251 3122 2402 3155 dodarium

1343 3157 1495 3190 constituat
1511 3158 1622 3190 Vallem
1643 3158 1798 3198 Mazariae‚
1816 3169 1884 3190 curn
1902 3144 2089 3198 Givitatibus,
2107 3158 2230 3199 Castris,
2247 3161 2282 3191 &
2303 3160 2399 3201 Villis,

1343 3199 1524 3236 tenementis,
1542 3200 1621 3228 tern's
1633 3198 1714 3227 cultis
1729 3199 1762 3229 &
1778 3198 1888 3229 incultis
1894 3222 1904 3237 ,
1923 3207 2058 3237 aquarum
2080 3197 2258 3237 decursibiis,
2276 3200 2310 3230 δε
2328 3209 2397 3230 cum

1343 3236 1478 3266 omnibus
1490 3236 1600 3274 juribus
1618 3236 1651 3266 &
1672 3238 1841 3276 pertinentiis
1854 3237 1922 3268 suis:
1941 3237 2073 3268 Necnon
2084 3237 2118 3268 &
2128 3237 2271 3268 honorem
2284 3237 2400 3269 Montis

1342 3272 1439 3303 Sanffi
1452 3274 1536 3314 Angl.
1550 3274 1673 3304 similiter
1685 3285 1753 3305 cum
1774 3276 1908 3306 omnibus
1927 3275 2114 3314 Civitatibus,
2131 3274 2237 3305 Castris
2249 3276 2284 3306 &
2299 3275 2397 3316 Villis,

1342 3314 1523 3351 tenementis,
1536 3314 1614 3342 terris
1626 3312 1707 3343 cultis
1720 3315 1754 3345 &
1768 3314 1894 3352 incultis,
1915 3324 2045 3353 aquaram
2061 3313 2238 3352 decurfibus‚
2259 3314 2294 3344 &
2308 3316 2395 3352 peiti-

1341 3351 1442 3380 nentiis
1463 3350 1532 3390 suis,
1550 3360 1636 3389 prout
1650 3351 1710 3381 aliae
1731 3352 1851 3393 Reginae
1870 3353 1981 3393 Sicyliae
2001 3361 2154 3391 utrumque
2169 3351 2332 3387 Dodarium
2350 3354 2396 3385 in-

1339 3395 1417 3427 tegre
1430 3389 1534 3420 habere
1546 3389 1759 3421 consueverunt.

1376 3427 1415 3459 Et
1427 3436 1458 3458 ut
1473 3428 1602 3469 praefatus
1612 3428 1705 3466 Judex
1717 3428 1804 3467 ipsam
1816 3429 1978 3461 Dominam
1991 3429 2028 3461 de
2038 3429 2090 3460 hiis
2109 3427 2258 3467 omnibus,
2277 3430 2395 3461 nomine

1337 3466 1453 3504 nostro,
1471 3467 1636 3497 auctoritate
1648 3468 1826 3505 praesentium
1839 3469 1939 3500 debeat
1953 3467 2101 3504 investire5
2118 3476 2183 3504 quae
2197 3468 2282 3498 etiam
2301 3467 2392 3498 doda-

1337 3507 1376 3535 ria
1390 3515 1460 3543 nos,
1477 3505 1523 3536 die
1535 3506 1696 3543 nuptiarum
1711 3506 1886 3546 nostrarum,
1904 3515 1991 3546 prout
2003 3505 2045 3536 est
2053 3505 2121 3544 juris
2135 3505 2170 3536 δε
2193 3506 2298 3543 moris,
2315 3515 2388 3543 prae-

1336 3544 1492 3574 nominatae
1510 3543 1650 3574 Dominae
1669 3543 1806 3584 ffibellae,
1831 3546 1933 3577 futurae
1953 3545 2035 3576 uxori
2051 3541 2173 3582 nostrae,
2196 3544 2391 3582 promittimus

1333 3581 1486 3619 specialiter
1504 3581 1652 3621 assignare,
1677 3584 1711 3614 &
1731 3584 1910 3623 privilegium
1931 3583 1981 3614 fibi
2000 3580 2100 3624 exinde
2119 3580 2228 3620 Facere,
2253 3580 2387 3619 pendenti

1334 3619 1408 3650 bulla
1420 3629 1501 3650 aurea
1512 3621 1741 3660 communitum,
1759 3624 1866 3663 typario
1880 3621 1983 3652 nostrae
1993 3618 2140 3655 maiestatis
2149 3619 2290 3657 impressa.

1369 3658 1526 3688 Plenariam
1540 3660 1625 3689 etiarn
1637 3659 1788 3697 saepedksto
1796 3660 1892 3700 Judici
1906 3658 2076 3690 contulimus
2090 3657 2259 3695 potestatem
2271 3659 2306 3689 δε
2324 3659 2385 3696 spe»-

1330 3696 1399 3726 ciale
1414 3697 1577 3727 mandatum
1590 3697 1626 3728 de
1639 3697 1769 3737 dotibus,
1787 3699 1872 3730 nobis
1880 3697 1976 3728 dandis
1990 3703 2044 3735 pro
2066 3695 2196 3726 Domina
2212 3695 2385 3736 supradirfta,

1329 3744 1399 3765 cum
1413 3734 1496 3774 Rege
1510 3736 1627 3773 praefato
1638 3737 1718 3774 pasta
1732 3738 1766 3768 &
1778 3737 1982 3768 conventiones
1995 3735 2083 3771 inire,
2096 3733 2143 3764 vel
2153 3743 2301 3771 acceptare
2311 3744 2385 3766 con-

1328 3774 1494 3804 ventionem
1527 3775 1642 3813 rimam,
1660 3785 1724 3813 quae
1740 3786 1790 3813 per
1800 3776 1914 3806 fratrem
1927 3773 1969 3804 G.
1986 3772 2025 3803 de
2037 3771 2141 3809 Merk,
2153 3773 2187 3803 ὃς
2198 3772 2320 3804 eundem
2330 3774 2385 3812 Ju-

1327 3810 1439 3850 dicem,
1456 3811 1495 3842 du
1516 3822 1565 3842 um
1577 3813 1713 3844 Nuncios
1725 3813 1837 3844 nostros
1852 3812 1885 3842 ad
1899 3812 1958 3842 hoc
1971 3810 2121 3848 specialiter
2131 3809 2296 3850 destinatos,
2308 3822 2382 3842 cum
2405 3847 2408 3849 ,

1328 3848 1411 3889 Rege
1423 3851 1540 3887 praefato
1555 3852 1619 3881 inita
1632 3852 1758 3890 fuerant,
1776 3853 1810 3882 δί
1824 3860 1873 3888 per
1887 3849 2016 3892 nostram⁸
2023 3847 2215 3892 celsitudinem
2226 3850 2380 3880 confirma-

1325 3895 1368 3931 ta,
1386 3889 1432 3918 vel
1447 3897 1477 3919 ut
1486 3912 1496 3927 ,
1513 3889 1703 3922 intercedente
1716 3890 1869 3921 novatione
1881 3888 2032 3925 solempni,
2040 3885 2153 3924 pristina
2164 3887 2303 3927 obligatio
2315 3899 2380 3927 per·-

1324 3934 1432 3957 imatur.

1362 3963 1409 3996 Ut
1430 3972 1523 3996 tamen
1542 3975 1602 3997 non
1622 3965 1654 3998 fit
1672 3966 1776 3997 minori
1798 3965 1947 4004 quantitate
1967 3969 2136 4002 contentus,
2154 3965 2182 3994 in
2193 3964 2385 4033 promiffigne

2347 4012 2381 4033 0-
