2570 4261
643 192 754 234 ET
837 191 1094 237 ACTA

0 273 37 305 D.
770 288 773 290 -

0 322 22 352 Ι..
59 321 874 327 Μρ-““-“

13 373 20 380 ”
53 375 161 406 Litera
185 369 306 419 Jacobb
338 376 410 420 Regi
432 376 608 419 Aragoniae,
636 373 672 407 de
687 378 824 407 amicitia
843 378 919 407 intcr
931 377 1056 408 Petrum
1075 378 1112 412 &-

103 421 267 466 Asfonsum
287 446 297 461 ,
334 426 455 455 Patrem
478 426 513 460 Θ*
541 425 681 456 Fratrem
701 426 764 468 ejus
776 450 786 465 ‚
811 426 847 461 &⁴
868 424 984 470 Angliae
1006 427 1114 470 Regem

102 468 323 506 continuanda;
345 481 381 502 ac
399 474 491 503 etiam
508 470 543 504 de
563 471 730 505 Credentia.

0 548 44 580 D·
60 557 280 620 MAgnisico
301 557 397 589 Princi
419 560 426 589 i
441 582 451 596 ,
472 558 604 589 Domino
620 559 639 597 J.
660 559 717 589 Dei
730 559 831 598 gratia,
849 558 1030 599 Arragoniae,
1050 560 1117 590 Ma-

0 597 19 628 l·-
148 596 302 640 joricarum
315 621 326 635 ‚
351 598 385 629 &
429 598 553 636 aientia,
571 598 647 637 Regi
658 598 774 635 illustri,
788 608 821 630 ac
835 597 947 628 Comiii
961 598 1115 628 Barchino-

2 637 28 655 2·
61 634 115 663 niae
136 634 291 665 hdwardus
306 657 316 673 ‚
342 634 443 666 eadem
464 636 566 674 gratis,
586 637 650 667 Rex
666 636 792 674 Angliae,
809 636 954 666 Dominus
967 637 1115 667 Hiberniae

62 673 95 703 ὃ(
110 672 180 703 Dux
192 673 370 712 Aquitaniae,
388 674 515 711 salutem,
532 677 565 705 &
578 675 671 706 felices
685 657 730 704 ars
731 683 796 705 vota
811 675 958 705 successus.

103 711 182 750 Qia
200 713 273 743 inter
293 713 449 751 genitorem
473 712 599 744 vestrum
623 714 655 744 &
679 713 791 744 fratrem
816 714 952 751 (quorum
971 714 1115 743 animabus

65 751 230 818 gropitietur
245 750 337 789 Deus)
355 751 388 780 &
409 760 479 788 nOS,
496 751 616 789 specialis
632 752 770 789 amicitia,
787 751 856 781 dum
871 752 1014 789 viverent,
1032 752 1116 781 habe-

86 797 145 819 atur
162 798 167 818 :
191 798 277 828 quam
297 798 361 827 erga
380 798 432 820 nos
454 789 625 821 intendimus
644 791 807 820 continuare
827 800 878 819 vos
893 790 983 829 velle,
1001 799 1055 820 nec
1068 799 1117 828 per

65 836 118 857 nos
130 826 228 864 stabit,
247 827 313 865 quin
329 827 487 865 hujusmodi
500 830 677 859 continuatio
692 828 738 859 fiat
749 828 815 858 hinc
831 829 909 858 inde:

105 864 287 896 Excellentiae
301 865 402 896 vestrae
414 867 545 897 volumus
559 868 615 898 effe
628 876 730 898 notum
773 866 852 905 quod
865 866 900 896 ad
914 875 1002 904 partes
1015 866 1043 898 V
1044 867 1121 897 asco-

65 904 120 932 niae
141 913 238 934 carum
257 912 394 942 nepotem
409 905 441 936 ὃ(
454 904 565 936 fidelem
578 905 723 942 nostrum,
737 889 901 943 ,iohannem
916 904 952 935 de
966 905 1121 943 Britannia,

67 940 256 980 Capitaneurn
277 945 366 973 oentis
387 943 507 983 nostrae,
528 954 728 982 tenentemque
742 944 840 974 locum
853 942 983 974 nostrum
995 943 1121 982 ibidem,

67 979 218 1016 specialiter
236 966 405 1012 defimamus
418 992 424 1011 :
444 984 491 1020 qui
504 985 585 1014 vobis
601 985 705 1021 plenius
721 982 789 1012 scire
803 982 902 1020 faciet,
922 991 956 1011 ex
969 992 1044 1020 parte
1055 993 1122 1012 nos-

68 1025 128 1055 tra,
146 1019 254 1056 injurias
276 1019 309 1050 ὃ(
325 1022 487 1059 gravamina
499 1046 509 1060 ,
534 1024 616 1054 nobis
637 1020 770 1052 malitiose
789 1021 883 1058 sslata3
902 1030 966 1058 quae
981 1019 1122 1059 Majei‘cati

68 1056 170 1087 vestrae
187 1059 326 1088 credimus
338 1059 481 1097 displicere
489 1085 497 1098 ,

107 1094 146 1126 Et
166 1096 228 1133 ipsis
242 1121 252 1134 ,
277 1107 348 1135 quos
369 1098 461 1128 dietus
480 1099 581 1136 Nepos
593 1097 688 1129 noster
700 1098 734 1128 ad
747 1095 868 1128 vestram
883 1097 1073 1135 praesentiam,
1091 1106 1125 1127 ex

68 1141 147 1201 piarlte
158 1134 269 1204 11οὲὶὲῗῦ
286 1135 395 1168 duxerit
409 1136 630 1170 transmittendos
639 1161 648 1176 ,
664 1136 750 1168 velitis
763 1138 792 1167 in
807 1135 952 1174 praemissis
964 1135 1052 1166 fidem
1065 1145 1127 1166 cre-

96 1182 112 1201 u
123 1182 169 1202 am
182 1182 197 1202 a
268 1183 323 1204 ere.

0 713 39 732 ln·

112 1248 178 1317 Ddat.
197 1250 269 1288 apud
287 1251 404 1282 Funtele
418 1260 457 1291 24
479 1250 524 1281 die
534 1250 618 1289 Julii,
637 1261 713 1282 anno
728 1251 823 1291 Regni
839 1248 927 1282 nostri
940 1248 1077 1280 vicefimo
1090 1249 1130 1280 se·-

75 1296 131 1317 cun
152 1298 181 1318 o.

79 1415 192 1446 Forma
212 1413 397 1447 Redditionis
412 1415 559 1459 Homagii
575 1416 705 1446 Friznciae
723 1416 796 1459 Regi
806 1413 912 1457 filcile,
934 1424 987 1459 per
1004 1416 1110 1459 Regem
1121 1439 1130 1454 ‚

393 1472 462 1494 ante
478 1464 628 1495 Guerram
644 1460 825 1495 inchoatam.

62 1572 68 1578 -
85 1551 224 1613 NOS
250 1550 393 1588 Messages
412 1551 539 1582 dirrount
552 1561 588 1581 au
605 1550 674 1591 Roy
689 1550 724 1581 de
736 1551 878 1589 Fraunce,
895 1549 991 1582 nostre
1002 1549 1138 1588 Seigneur

178 1591 205 1621 le
216 1590 285 1627 Roy
300 1590 509 1629 d‘Engleterre,
526 1589 644 1628 Seignur
659 1589 833 1628 d'hlmnde,
848 1589 969 1620 &Ducs
984 1588 1140 1626 d'Aquitai—

85 1639 156 1669 gne,
175 1640 246 1660 vous
265 1628 309 1659 fist
328 1629 450 1668 homage
466 1629 509 1659 sur
523 1628 696 1666 condicion3
716 1628 783 1658 c'est
798 1629 902 1662 asavoir
916 1628 1013 1659 solone
1027 1628 1139 1659 fourme

86 1668 157 1699 dela
172 1668 258 1706 Pees,
276 1668 324 1698 fait
339 1675 417 1698 entre
428 1677 479 1698 vos
492 1666 661 1699 Auncestres
677 1669 710 1699 ὅ(
726 1668 763 1697 les
780 1666 877 1705 soens,
896 1665 1003 1704 laquele
1018 1676 1090 1697 vous
1104 1675 1140 1694 ne

87 1707 127 1738 lui
139 1716 210 1739 avez
223 1714 328 1738 tenuz:

124 1744 161 1776 Et
179 1745 284 1776 d'autre
306 1752 366 1782 part
378 1769 388 1782 ‚
415 1754 466 1782 pur
485 1744 524 1774 les
543 1743 666 1775 contests
680 1745 713 1776 &
735 1744 858 1783 Riotes,
878 1744 978 1783 q’ount
991 1742 1048 1774 este
1063 1749 1143 1772 entre

86 1793 146 1814 voz
160 1793 235 1822 genz
249 1784 283 1814 ὃ(
297 1784 336 1813 les
347 1783 445 1821 soens,
462 1783 571 1822 apeser‚
588 1783 692 1816 secrerz
708 1784 816 1821 minz,
835 1793 890 1821 que
903 1791 975 1812 ount
991 1781 1049 1812 este
1064 1789 1142 1811 entre

89 1832 161 1853 vous
174 1823 207 1853 &
220 1822 257 1852 lui
267 1845 277 1860 ,
292 1831 341 1859 par
353 1821 484 1851 Monlire
498 1821 651 1852 Edmound
666 1823 732 1852 soun
750 1822 772 1851 F
774 1832 849 1859 rere,
869 1821 974 1852 sicome
988 1821 1056 1851 bien
1069 1829 1140 1850 vous

89 1860 152 1892 doit
167 1860 314 1898 souvenir3
331 1869 367 1891 en
381 1860 419 1890 les
435 1869 528 1898 queux
540 1861 632 1890 traitiz
645 1860 766 1891 estoient
780 1861 899 1890 certeins
913 1867 1092 1896 covenantz,
1107 1858 1146 1887 les

88 1908 184 1937 queux
207 1909 244 1929 ne
263 1899 304 1930 lui
321 1898 405 1930 sount
425 1898 528 1937 gardez
542 1908 579 1929 en
593 1899 640 1929 nul
652 1901 752 1940 point,
770 1907 833 1929 tout
848 1898 900 1929 soit
914 1898 961 1936 q’il
977 1908 1050 1929 vous
1063 1907 1079 1927 a
1094 1895 1145 1928 fait

91 1937 258 1968 obeisaunce
272 1945 354 1968 outre
367 1937 391 1967 la
405 1936 518 1968 fourme
531 1937 568 1967 de
581 1947 616 1968 ce
630 1939 735 1968 traitiz:

129 1976 165 2007 Et
186 1977 234 2013 pui
247 2001 256 2014 ,
283 1976 344 2007 Sire
359 2000 369 2014 ‚
393 1975 413 2006 fi
428 1986 500 2007 vous
515 1976 549 2006 ad
562 1975 611 2007 fait
625 1976 697 2007 deux
712 1976 774 2006 foiz
789 1985 923 2013 reqoere,
942 1985 990 2013 par
1006 1973 1146 2005 l'avantdit

91 2015 163 2046 soun
172 2016 271 2045 Frere:
283 2016 316 2047 &
330 2015 355 2045 la
371 2015 456 2046 tierce
471 2015 532 2045 foiz
542 2025 589 2052 par
602 2015 685 2046 ascun
700 2015 748 2045 des
762 2014 843 2044 Paers
855 2014 890 2043 de
901 2014 1042 2051 Fraunce,
1051 2014 1084 2044 &
1100 2021 1148 2050 par

92 2062 184 2084 autres
196 2062 294 2092 grantz
308 2054 456 2091 Seigneurs
470 2052 506 2084 de
519 2052 615 2084 vostre
630 2054 778 2091 Roialme3
798 2062 854 2091 que
867 2052 892 2083 sa
905 2061 977 2082 terre
990 2052 1025 2082 de
1041 2052 1066 2082 la
1081 2050 1148 2081 Du-

95 2092 168 2123 chee
185 2092 363 2130 d'Aquitaine
379 2092 416 2122 lui
432 2091 488 2123 fust
499 2091 623 2130 rendue,
638 2094 670 2123 ὃ(
686 2092 711 2122 sa
724 2100 792 2131 gent
807 2116 816 2129 ,
846 2101 901 2129 que
913 2091 994 2123 sount
1009 2100 1044 2121 en
1057 2089 1151 2121 vestre

93 2130 208 2168 Arrest,
226 2130 381 2163 deliveree:
401 2130 450 2161 des
465 2139 558 2169 queux
574 2132 645 2160 riens
662 2140 699 2160 ne
715 2130 753 2160 lui
768 2138 838 2160 avez
856 2130 910 2159 fait.

105 2193 107 2195 -
133 2169 260 2200 Parount
274 2179 292 2209 y
306 2169 345 2200 lui
358 2169 462 2200 semble
475 2179 531 2208 que
543 2179 614 2200 vous
629 2180 666 2200 ne
678 2169 717 2199 lui
731 2177 815 2199 tenez
830 2178 876 2206 pas
893 2178 945 2206 pur
957 2166 1050 2200 vestre
1063 2166 1155 2207 horn-¹

96 2217 161 2246 me,
179 2217 216 2238 ne
232 2208 250 2238 il
263 2208 391 2239 n’entent
403 2207 483 2238 estre.
1154 2215 1158 2219 ⁸

0 1595 45 1625 94-

9 1635 53 1652 22.

0 1702 57 1729 ,wis-

0 1742 23 1767 in

0 1779 29 1806 ri.

0 2324 125 2362 [Ast->k
159 2327 300 2374 Johanni
330 2332 414 2363 Duci
450 2327 617 2362 Brabantiae
636 2356 646 2371 ‚
687 2327 722 2360 de
750 2339 865 2361 zzooo
894 2327 981 2362 Libr.
1015 2328 1156 2374 Sterling.

145 2375 290 2411 Gentibus
305 2375 462 2412 Sabaudiae
479 2380 515 2415 ὠ
539 2375 713 2423 Burgundio:
728 2375 773 2409 ad
786 2376 1004 2410 ordinationem
1021 2375 1158 2410 Amadaei

151 2429 275 2460 Comitis
290 2424 466 2468 Sabaudiae,
490 2425 694 2458 numerandis.

0 2532 27 2552 m
42 2521 85 2552 D,
171 2510 282 2541 Dward
297 2535 307 2549 ,
330 2510 391 2541 &c.
413 2519 430 2540 a
451 2509 538 2540 noble
560 2509 632 2540 hom
646 2533 655 2546 ,
674 2508 768 2547 johan
783 2533 793 2547 ,
816 2518 866 2547 par
886 2508 993 2539 mesine
1015 2508 1039 2539 la
1062 2517 1162 2548 grace,

0 2546 73 2600 3234,
105 2588 141 2620 sal
184 2549 267 2580 Ducs
280 2549 317 2579 de
331 2548 459 2588 Lother,
477 2548 615 2588 Braybant
630 2549 663 2579 &
679 2547 716 2579 de
732 2548 885 2588 Leynburg
901 2572 910 2586 ,
929 2548 979 2578 sun
992 2548 1071 2578 chier
1087 2546 1164 2585 fiuz,

141 2596 188 2618 uz.

0 2610 71 2666 μέμ
144 2626 231 2658 Nous
251 2635 324 2657 vous
343 2627 451 2664 prioms
466 2635 522 2664 que
538 2625 576 2656 les
597 2634 697 2654 22000
717 2624 805 2656 Livre
819 2624 995 2663 d’esterling,
1014 2623 1052 2654 les
1069 2632 1164 2661 queux

0 2683 8 2703 ι
27 2685 72 2703 η,
108 2674 180 2695 nous
194 2664 372 2702 enveasmes,
388 2664 531 2703 n’adguers
548 2673 662 2701 oveque
680 2673 751 2693 vous
768 2686 777 2701 ,
796 2673 833 2693 en
848 2664 873 2693 la
889 2663 911 2692 F
913 2663 971 2693 lote
986 2673 1021 2692 en
1033 2672 1085 2693 vos
1103 2672 1166 2700 par-

7 2698 75 2742 },m
107 2704 175 2734 ties:
193 2702 219 2732 E
231 2702 269 2732 les
283 2712 375 2740 queux
388 2713 461 2734 nous
472 2712 571 2733 avoms
584 2702 693 2732 ordene
709 2712 760 2739 pur
776 2701 842 2731 faire
858 2703 1012 2739 paiements
1032 2710 1060 2730 as
1077 2709 1164 2740 gentz

110 2741 146 2772 de
159 2741 308 2779 Sauvoye,
324 2751 340 2771 e
355 2741 392 2771 de
404 2741 572 2781 Burgoyne,
591 2751 607 2771 e
618 2740 654 2771 de
668 2741 741 2771 celes
755 2749 861 2781 parrys,
879 2750 932 2778 pur
945 2740 1028 2780 ayder
1042 2749 1058 2769 a
1070 2738 1168 2770 nostre

110 2789 209 2821 guerre
224 2787 327 2810 contre
341 2778 368 2811 le
385 2779 448 2810 Roi
461 2779 498 2810 de
511 2779 637 2816 France,

149 2817 243 2848 Face'z.
264 2817 364 2848 liverer
386 2829 402 2849 a
415 2828 487 2849 ceux
522 2828 562 2848 ou
576 2828 591 2847 a
607 2818 659 2847 celi
669 2841 678 2854 ,
696 2818 727 2855 qi
741 2817 780 2847 les
793 2816 901 2848 voudra
917 2815 1071 2847 demandet
1086 2815 1170 2856 depar-

110 2855 209 2889 nostre
222 2855 339 2895 Cosyn,
358 2857 385 2887 le
404 2880 410 2887 .
431 2881 437 2887 .
456 2880 461 2887 .
481 2842 592 2888 Comte
603 2856 640 2886 de
653 2855 798 2895 Sauvoye3
812 2866 829 2886 e
844 2857 874 2894 qi
887 2856 930 2886 sur
945 2865 1001 2886 ceo
1015 2865 1088 2886 vous
1103 2865 1171 2893 por-

111 2904 171 2927 tera
186 2895 224 2925 ses
240 2895 332 2925 lettres
345 2904 466 2926 overtes.

113 2933 196 3003 leEn
219 2933 382 2970 tesmoigne
401 2934 438 2965 de
458 2932 536 2965 ceste
559 2933 646 2964 chose
660 2957 670 2971 ,
687 2942 760 2964 nous
775 2942 847 2964 vous
862 2942 1000 2964 enveoms
1015 2931 1104 2964 cestes
1120 2942 1173 2963 nos

141 2981 206 3004 ttres
220 2981 343 3004 overtes.

152 3047 273 3080 Donees
287 3057 304 3078 a
318 3046 485 3078 Portesmue
497 3048 523 3080 le
541 3057 585 3088 13.
599 3048 672 3086 Jour
686 3048 796 3079 d’Aust.

314 3175 363 3209 De
372 3173 500 3222 prefata
513 3166 639 3220 pecnnia
655 3175 792 3223 utfhpra
809 3174 989 3208 ordinanda.

45 3291 51 3298 ,
98 3289 105 3297 ,
123 3258 314 3320 EDward,
331 3261 394 3292 &c.
412 3269 427 3290 a
440 3259 491 3290 son
505 3258 592 3289 chere
606 3257 712 3298 Clerk,
728 3260 840 3292 Robert
851 3260 937 3304 Segre
952 3299 959 3310 ‚
973 3259 1055 3304 saluz5

0 3315 82 3345 1294,
219 3298 308 3329 Nous
328 3309 401 3330 vous
423 3297 574 3342 mandoms
591 3307 632 3339 'qe
651 3297 690 3329 les
713 3307 812 3343 22009
835 3299 913 3330 Livr.
932 3283 955 3329 (1
960 3298 1090 3337 esterlmg
1106 3320 1116 3336 ,
1139 3296 1179 3327 les

0 3348 29 3372 ln.
45 3355 89 3374 22,
143 3344 216 3366 ueux
235 3347 307 3368 nous
328 3347 400 3368 vous
424 3335 531 3366 feismes
552 3336 648 3366 baillet
663 3359 673 3374 ,
700 3346 751 3373 pur
766 3337 834 3381 faire
848 3348 913 3376 paer
928 3348 955 3368 as
967 3346 1046 3377 gents
1059 3347 1073 3367 a
1088 3346 1180 3366 armes

0 3387 11 3410 ς,
32 3393 55 3412 1,
143 3384 160 3404 e
173 3374 321 3415 Sauvoye,
338 3375 374 3406 de
387 3374 567 3414 Burgoigne,
585 3384 601 3404 e
616 3373 653 3404 de
668 3375 741 3405 celes
755 3384 871 3414 parties,
890 3387 942 3415 pur
954 3376 1038 3416 ayder
1053 3386 1068 3406 a
1083 3374 1180 3405 nostre

0 3420 78 3451 isdem,
124 3422 226 3453 guerre
241 3423 343 3444 contre
355 3414 381 3443 le
394 3413 462 3452 Roy
475 3412 512 3443 de
527 3412 651 3450 France,

164 3451 256 3481 Face‘z
279 3452 380 3482 liverer
393 3461 410 3481 a
425 3461 496 3482 ceux
532 3461 571 3481 ou
587 3461 603 3481 a
622 3450 712 3488 celui,
729 3451 759 3490 qi
770 3451 809 3483 les
823 3452 931 3484 voudra
946 3452 1117 3484 demaunder
1133 3451 1182 3482 de*

124 3486 174 3528 par'
189 3489 286 3521 nostre
296 3489 433 3528 Cousyn,
449 3490 476 3519 le
541 3498 590 3520 nte
603 3488 639 3520 de
647 3489 793 3530 Sauvoye:
813 3501 829 3520 e
844 3492 874 3529 qi
887 3491 931 3522 sur
945 3502 1000 3523 ceo
1015 3499 1181 3532 porteront,

125 3538 166 3559 ou
221 3536 292 3559 rtera
305 3528 345 3558 ses
362 3527 455 3558 lettres
470 3536 590 3558 overtes.

207 3577 243 3605 qe
257 3577 330 3600 vous
350 3566 468 3597 mesmes
490 3566 571 3596 aillez
583 3565 675 3604 jusqes
688 3575 724 3596 au
740 3565 856 3606 Conte,
874 3578 926 3606 pur
941 3579 992 3600 ver
1004 3578 1077 3599 mon
1093 3578 1130 3607 qe
1143 3567 1183 3598 les

124 3606 269 3648 paiement
285 3630 296 3644 ,
321 3615 337 3636 e
362 3604 401 3635 les
426 3605 523 3635 choses
536 3605 563 3634 se
584 3603 677 3634 facerit
692 3614 728 3636 en
742 3605 767 3634 la
782 3614 914 3646 manere,
932 3617 969 3646 qe
983 3607 1042 3638 feut
1056 3607 1184 3645 devffee,

123 3644 219 3712 ilelonc
233 3644 384 3713 ladfourme
399 3652 542 3674 contenue
556 3651 594 3672 en
607 3643 688 3674 route
700 3642 822 3675 endente
831 3668 841 3683 ,
858 3644 886 3676 le
900 3646 967 3685 quel
983 3645 1063 3677 Mon
1078 3646 1138 3677 Sire
1146 3645 1184 3676 de

155 3692 230 3721 ewys
243 3693 258 3712 a
280 3706 286 3714 .

163 3720 189 3751 Ε
201 3721 341 3789 ξετῗεῖΐεη
353 3728 426 3751 ῑοῑοε
439 3719 552 3759 choses,
571 3729 626 3752 ceo
642 3730 679 3760 qe
692 3719 718 3752 10
731 3719 828 3753 Conte
843 3731 915 3754 vous
931 3722 1152 3762 commandera,
1169 3733 1186 3754 e

126 3767 181 3789 ceo
195 3769 232 3790 ne
256 3770 272 3790 e
297 3768 352 3790 etz.

164 3796 211 3829 En
225 3797 382 3838 tesmoigne
389 3819 399 3836 ‚
417 3797 478 3828 &c.

165 3871 283 3908 Donees
291 3899 301 3913 ‚
318 3875 379 3908 &c.
397 3882 429 3906 ut
441 3873 529 3913 supra.

1174 187 1650 234 PUBLICA.
2137 205 2219 249 135

2222 277 2298 309 Ann.
2312 276 2356 309 D.

2246 327 2332 355 1294.

2225 358 2290 384 Ἐάν.
2315 366 2337 383 1.

1913 312 1967 321 ›t-

1391 364 1441 395 De
1458 362 1506 395 die
1519 363 1772 408 transfretationis
1782 376 1955 414 prorogata.

1226 445 1250 476 E
1261 444 1292 477 X
1315 446 1491 477 Vicecomiti
1506 446 1654 477 Curnbriae
1667 447 1789 479 salutem.

1256 484 1336 515 Cum
1363 495 1400 515 nu
1423 496 1451 515 er
1474 486 1525 516 tibi
1545 486 1753 523 praeciperimus
1769 512 1779 526 ,
1803 488 1882 526 quod
1904 489 2081 521 summoneri
2101 490 2207 522 faceres
2225 493 2276 517 An.
2294 498 2338 517 22-

1155 531 1255 565 omnes
1270 523 1331 553 illos
1344 522 1380 553 de
1417 523 1498 554 alliva
1512 525 1577 562 tua,
1595 526 1643 562 qui
1657 523 1692 554 de
1706 526 1788 556 nobis
1801 534 1897 557 tenent
1911 529 1941 558 in
1954 530 2045 572 capite
2061 539 2110 567 per
2124 530 2208 560 servi-
2227 532 2255 555 Ε·
2279 536 2302 554 ¹·

1157 568 1228 590 tium
1244 561 1371 592 Militare
1405 562 1451 592 vel
1466 571 1514 599 per
1531 562 1684 593 seriantiam
1699 575 1708 600 3
1727 565 1759 594 &
1774 566 1858 594 etiam
1872 575 1972 596 omnes
1987 568 2065 605 illos,
2083 576 2208 598 tenentes
2226 571 2279 593 ΚΜ·
2289 565 2357 601 Vasc.

1159 608 1207 641 per
1222 599 1361 630 servitium
1378 587 1515 638 Militare,
1532 601 1578 631 vel
1593 610 1642 638 per
1654 601 1826 640 seriantiam,
1844 605 1892 640 qui
1906 613 2003 635 tenent
2019 606 2055 636 de
2076 606 2209 645 wardis,
2229 614 2271 632 22·
2288 607 2317 630 E.
2336 613 2359 629 ¹·

1159 646 1187 665 in
1203 647 1287 668 manu
1303 639 1399 669 nostra
1414 638 1608 669 existentibus:
2230 653 2267 671 m.
2282 651 2310 676 4.
2328 642 2352 667 Δ.

1199 676 1265 707 Sive
1285 676 1336 706 sint
1357 677 1474 707 NVardte
1488 676 1524 706 de
1538 678 1615 707 terris
1632 677 1931 716 Archiepiscopatuurn
1946 705 1956 719 ,
1974 680 2212 722 Episcopatuum,

1161 713 1364 753 Abbatiarum2
1383 716 1427 746 vel
1444 715 1638 746 Prioratuum:
1659 715 1715 746 five
1727 717 1763 746 de
1777 718 1855 747 terris
1871 717 2041 758 Comitum,
2059 721 2213 759 Baronum,

1160 753 1206 782 vel
1231 753 1350 783 aliorum
1373 763 1620 791 quorumcumque
1640 753 1795 785 liberorum
1815 755 1992 796 hominum,
2011 761 2133 796 exceptis
2151 761 2213 797 qui-

1159 791 1276 821 busdam
1298 793 1381 821 certis
1404 792 1525 830 personis
1538 815 1548 830 ,
1574 802 1697 829 quorum
1712 795 1829 823 nomina
1844 796 1873 823 in
1889 794 2008 832 quadarn
2023 795 2152 835 cedula,
2170 801 2213 827 in-

1161 828 1237 859 clusa
1249 830 1277 858 in
1293 830 1372 859 brevi
1388 830 1505 869 nostro,
1523 830 1600 868 quod
1615 831 1664 861 ribi
1677 831 1742 861 inde
1755 832 1897 871 misimus,
1914 835 2145 866 continebantur:

1203 867 1294 905 Qod
1314 868 1402 898 essent
1423 869 1497 906 apud
1510 868 1688 899 Portesmuth
1704 871 1797 907 primo
1810 870 1855 900 die
1871 871 2059 912 Septembris,
2078 874 2211 910 proximo

1165 905 1279 944 futuro,
1297 916 1364 936 cum
1379 909 1458 944 equis
1471 908 1504 937 ὅ(
1519 908 1619 944 armis,
1639 908 1672 937 &
1688 917 1752 938 toto
1768 908 1879 940 servitio
1896 911 1974 948 quod
1990 912 2073 942 nobis
2090 911 2213 950 debent,

1165 945 1251 983 parati
1266 945 1417 974 nobiscum
1432 945 1606 976 transfretare
1621 946 1648 974 in
1663 945 1848 977 Vasconiam:

1204 982 1244 1012 Ita
1259 990 1352 1012 tamen
1368 983 1446 1020 quod
1462 983 1585 1014 Abbates
1600 984 1633 1014 ὃ(
1650 983 1774 1022 Priores,
1784 987 1830 1023 qui
1846 985 1987 1016 servitium
2001 988 2082 1018 nobis
2096 987 2200 1018 debent

1167 1021 1287 1051 habeant
1309 1029 1377 1051 tunc
1399 1022 1438 1051 ibi
1459 1031 1508 1058 per
1528 1022 1555 1051 se
1576 1022 1719 1053 servitium
1734 1047 1743 1060 ,
1768 1024 1852 1053 nobis
1874 1024 2002 1055 debitum
2016 1050 2026 1064 ,
2042 1036 2169 1064 paratum
2184 1010 2221 1057 aii

1168 1059 1399 1090 transfretandum
1413 1059 1561 1090 nobiscum
1576 1061 1606 1090 in
1620 1060 1714 1091 forma
1727 1061 1868 1097 praedietzl.

1207 1097 1245 1128 Et
1254 1098 1331 1137 jam,
1349 1107 1383 1128 ex
1399 1099 1480 1128 certis
1495 1099 1596 1137 causis,
1613 1098 1690 1129 diem
1712 1099 1947 1130 Summonitionis
1962 1102 2105 1138 praedi&ae
2119 1113 2223 1141 proro-

1172 1137 1301 1175 gavimus
1315 1136 1440 1175 usquein
1454 1136 1618 1167 Crastinum
1633 1136 1729 1167 saneti
1750 1137 1914 1176 Michaelis,
1933 1141 2065 1176 proximo
2080 1141 2225 1179 futurum5

1210 1174 1250 1205 Ita
1267 1174 1348 1213 quod
1369 1173 1499 1205 Comites
1511 1198 1521 1213 ‚
1539 1175 1677 1214 Barones,
1695 1177 1728 1207 &
1742 1185 1844 1206 omnes
1854 1176 1898 1206 alii
1910 1176 1947 1207 de
1961 1177 2064 1210 Balliva
2077 1179 2143 1217 tua,
2162 1182 2225 1217 qui-

1172 1223 1288 1251 cunque
1309 1213 1435 1251 fuerint,
1460 1215 1493 1244 80
1515 1215 1564 1252 qui
1584 1215 1666 1244 nobis
1687 1214 1828 1245 servitium
1850 1214 1955 1245 debent
1971 1239 1981 1253 ,
2006 1225 2074 1246 tunc
2091 1218 2142 1247 sint
2152 1218 2226 1254 apud

1173 1251 1369 1290 Portesmuth,
1387 1261 1455 1282 cum
1470 1254 1566 1290 equis,
1584 1253 1618 1283 &
1634 1253 1730 1290 armis,
1750 1254 1784 1283 ὅ(
1799 1261 1863 1283 toto
1877 1253 2005 1293 servitio,
2022 1256 2104 1284 nobis
2116 1255 2225 1294 debito,

1173 1292 1258 1329 parati
1274 1290 1423 1321 nobiscum
1438 1291 1610 1321 transfretare
1623 1290 1658 1320 ad
1672 1299 1759 1328 partes
1775 1291 1934 1329 praedietas:

1215 1328 1253 1358 Et
1275 1328 1488 1367 Archiepiscopi
1502 1353 1511 1366 ,
1537 1328 1691 1367 Episcopi,
1710 1329 1852 1369 Abbates‚
1871 1329 1996 1368 Priores,
2015 1331 2049 1362 &
2065 1333 2160 1363 caeteri
2175 1333 2228 1363 viri

1176 1363 1312 1406 Religiosi
1340 1368 1373 1398 ὃ(
1396 1366 1582 1399 Ecclesiastici
1597 1391 1608 1405 ,
1632 1368 1751 1398 habeant
1773 1376 1840 1398 tunc
1864 1368 1902 1398 ibi
1923 1369 2044 1399 similiter
2063 1369 2206 1401 servitium
2221 1394 2231 1407 ‚

1177 1407 1256 1443 quod
1280 1406 1362 1435 nobis
1380 1404 1485 1436 debent
1498 1429 1508 1444 ,
1531 1415 1657 1444 paratum
1679 1405 1714 1436 ad
1734 1406 1964 1438 transfretandum
1977 1407 2146 1448 nobiscum,
2163 1409 2232 1439 sicut

1178 1443 1348 1481 praedi&um
1363 1443 1418 1473 est:

1217 1482 1286 1512 Tibi
1309 1483 1486 1520 praecipimus
1506 1481 1586 1520 quod
1601 1484 1832 1520 prorogationem
1854 1483 1909 1514 diei
1923 1484 2080 1524 praedic'tae,
2098 1487 2127 1516 in
2140 1485 2236 1516 forma

1180 1520 1336 1559 praedicta,
1360 1521 1379 1540 *ἶ
1399 1531 1447 1559 per
1469 1529 1560 1551 totam
1582 1520 1717 1552 Ballivam
1739 1530 1817 1553 tuam
1866 1523 1924 1553 sine
1952 1523 2102 1563 dilatione,
2120 1524 2235 1562 publice

1181 1559 1347 1597 proclamari
1362 1559 1455 1589 facias:
1476 1558 1515 1590 Et
1532 1561 1618 1589 etiam
1633 1560 1702 1590 scire
1714 1560 1795 1591 facias
1811 1547 1992 1600 Comstibus,
2011 1562 2182 1600 Batonibus,
2199 1565 2233 1594 &

1181 1599 1238 1628 aliis
1251 1598 1424 1637 supradietis,
1443 1597 1521 1636 quod
1537 1598 1604 1635 sint,
1621 1598 1656 1628 ad
1671 1599 1820 1636 praedic'tos
1834 1600 1910 1630 diem
1925 1601 1958 1631 &
1974 1600 2089 1640 locum,
2105 1611 2174 1632 cum
2182 1601 2239 1632 ser-

1183 1637 1254 1668 vitio
1265 1636 1313 1666 suo
1330 1636 1484 1674 praedieto:
1504 1635 1542 1666 Et
1557 1636 1679 1667 similiter
1694 1637 1918 1676 Archiepiscopis
1953 1638 2118 1679 Episcopis‚
2141 1640 2239 1671 Abba-

1183 1675 1273 1713 tibus‚
1291 1674 1451 1713 Prioribus,
1468 1675 1501 1705 &
1518 1676 1625 1706 caeteris
1639 1676 1702 1706 viris
1717 1676 1864 1715 Religiosis
1879 1678 1913 1708 ὃ(
1943 1677 2144 1717 ‘eclesiasticis,
2162 1678 2241 1716 quod

1185 1714 1304 1744 habeant
1323 1721 1393 1744 tunc
1417 1714 1457 1745 ibi
1477 1713 1620 1744 servitium
1637 1737 1647 1752 ,
1663 1714 1744 1744 nobis
1760 1715 1905 1754 debiturn,
1922 1725 2049 1756 paratum
2061 1717 2096 1747 ad
2111 1717 2240 1748 trmisfre-

1185 1751 1301 1783 tandum
1317 1752 1484 1790 nobiscum,
1502 1751 1571 1783 ficut
1587 1752 1754 1790 praedictum
1771 1753 1821 1783 est.

1224 1790 1300 1820 Istud
1311 1791 1477 1822 mandatum
1491 1790 1637 1829 nostrum,
1657 1791 1725 1823 sicut
1739 1800 1767 1822 te
1782 1794 1815 1824 ὅ(
1832 1800 1879 1823 tua
1893 1792 1998 1832 diligis,
2015 1803 2085 1826 curn
2098 1795 2180 1826 omni
2199 1792 2242 1824 di-

1186 1829 1298 1870 ligentia
1309 1830 1343 1860 ὅ(
1361 1830 1501 1860 celeritate
1513 1831 1664 1868 exequaris.

2254 1522 2385 1558 *11.652.

1226 1905 1316 1937 Teste
1328 1906 1412 1947 Rege
1423 1906 1496 1948 apud
1509 1905 1689 1938 Portesmuth
1709 1915 1752 1943 17.
1770 1906 1817 1937 die
1832 1906 1963 1946 Augusti.

1229 1982 1344 2014 Eodem
1358 1982 1450 2013 modo
1463 1981 1628 2013 mandatum
1641 1981 1682 2012 est
1695 1982 1808 2021 singulis
1824 1983 2052 2016 vicecomitibus
2066 1985 2187 2025 Angliae.

1229 2059 1320 2091 Teste
1334 2068 1365 2090 ut
1381 2059 1468 2097 supra.

1198 2181 1422 2228 Archie’piftopo
1449 2179 1585 2216 Eborum
1603 2210 1613 2224 ,
1646 2181 1682 2215 de
1699 2183 1784 2227 fasso
1803 2183 1963 2227 Vaftoniae‚
1992 2196 2011 2215 a
2031 2186 2108 2231 Rege
2126 2186 2256 2218 Franci:

1354 2230 1572 2275 fraudulenter
1589 2229 1704 2264 obtentae
1716 2258 1726 2274 ‚
1751 2235 1788 2270 (ῤ’
1808 2235 1943 2278 nequiter
1959 2230 2087 2267 detentae.

1202 2315 1298 2379 RE
1310 2315 1340 2346 X
1366 2315 1590 2361 Archiepiscopo
1608 2315 1761 2361 Eborum,
1779 2316 1890 2365 Angliaff
1906 2316 2022 2365 Primati
2060 2318 2183 2363 salutem.
2238 2358 2243 2363 Α

1302 2355 1433 2393 Qahter
1457 2355 1523 2385 Rex
1546 2355 1673 2386 Franci-ae
1695 2364 1747 2385 nos
1762 2355 1799 2386 de
1815 2364 1888 2385 terra
1903 2356 1998 2386 nostra
2015 2341 2164 2390 Vaseoniae
2179 2357 2259 2388 mah-

1203 2394 1271 2424 tiose
1292 2393 1403 2431 decepit
1418 2417 1428 2432 ‚
1457 2395 1491 2425 8(
1514 2393 1580 2424 inde
1596 2393 1784 2424 fraudulenter
1802 2395 1899 2431 ejecit,
1917 2403 1980 2425 eam
1991 2397 2121 2434 nequiter
2131 2395 2260 2427 detinen—

1202 2432 1258 2469 do,
1278 2431 1475 2462 paternitatem
1491 2431 1614 2463 vestram
1629 2430 1768 2462 credimus
1783 2442 1843 2462 non
1858 2432 1950 2462 latere.

2278 2333 2350 2364 Ann.
2368 2332 2405 2363 D.

2277 2382 2392 2440 213592421

1242 2469 1322 2500 Cum
1339 2472 1438 2509 igitur,
1454 2470 1488 2500 ad
1505 2478 1606 2500 terram
1623 2470 1698 2500 illam
1715 2470 1936 2508 recuperandam
1948 2471 1965 2500 a
1979 2472 2113 2504 manibus
2123 2472 2192 2503 diffi
2200 2472 2262 2504 Re·
2278 2455 2401 2517 {bril-‘m-

1205 2509 1264 2548 gis,
1282 2508 1408 2539 vestrum
1425 2508 1587 2538 Confih'um
1603 2509 1638 2540 &
1654 2509 1816 2547 Auxilium,
1843 2509 1912 2539 sicut
1928 2510 1961 2539 &
1975 2518 2144 2541 caeterorum
2161 2510 2263 2541 Praela-
2280 2538 2322 2555 con
2342 2537 2374 2553 Π

1206 2556 1305 2577 torum
1328 2557 1362 2577 ac
1386 2547 1454 2577 cleri
1477 2546 1514 2577 de
1531 2547 1640 2584 Regno
1655 2547 1754 2578 nostro
1773 2549 1857 2586 (quos
1871 2550 2061 2580 communiter
2077 2551 2225 2589 negotium
2242 2551 2265 2581 i-
2281 2570 2303 2593 E
2326 2549 2341 2592 ἰ
2369 2574 2395 2592 m

1208 2585 1272 2615 stud
1295 2585 1395 2624 tangit)
1418 2586 1502 2615 nobis
1526 2586 1767 2624 quamplurimum
1792 2586 2015 2623 prospexerimus
2040 2588 2184 2625 profutura
2197 2601 2207 2627 ς
2226 2590 2266 2620 ob
2306 2587 2312 2593 ”
2328 2587 2354 2631 d*
2400 2583 2407 2591 ⁴

1210 2623 1289 2662 quod
1313 2623 1387 2661 apud
1408 2623 1697 2654 westmonasterium
1713 2647 1722 2661 ,
1749 2625 1778 2653 in
1796 2624 1879 2654 Festo
1893 2625 1990 2656 Sancti
2008 2626 2120 2657 Mathei
2135 2627 2268 2665 Apostoli
2283 2614 2312 2640 4'
2348 2623 2355 2631 ⁸

1209 2664 1243 2732 (ἐξ
1265 2661 1463 2730 Eictivangelistae
1477 2687 1487 2700 ,
1510 2663 1643 2702 proximo
1664 2662 1759 2693 futuro
1769 2686 1779 2701 ,
1796 2663 1974 2700 personaliter
1990 2664 2047 2695 effe
2063 2664 2247 2703 disposuimus
2258 2691 2269 2706 ,

1245 2711 1281 2731 eo
1316 2709 1379 2731 ant*

1251 2739 1298 2769 Ad
1315 2714 1492 2770 vastandum
1506 2762 1516 2775 ‚
1540 2740 1595 2769 una
1608 2738 1777 2778 vobiscum,
1792 2740 1826 2772 &
1842 2740 1949 2771 caeteris
1965 2739 2110 2781 Praelatis‚
2128 2752 2161 2774 ac
2179 2742 2270 2774 Clero

1213 2778 1335 2817 ejusdem
1356 2778 1452 2816 Regni
1470 2800 1480 2815 ,
1497 2777 1580 2808 &vad
1595 2777 1786 2809 ordinandum
1801 2787 1871 2809 tunc
1887 2779 1991 2809 ibidem
2007 2779 2036 2810 su
2057 2790 2087 2810 er
2098 2780 2170 2812 statu
2186 2781 2270 2812 dietae

1214 2826 1295 2847 terrae
1312 2815 1415 2849 nostrae
1429 2816 1594 2855 Vasconiae,
1611 2817 1644 2848 &
1659 2816 1788 2847 remedio
1804 2817 1833 2847 in
1847 2818 1905 2848 hoc
1921 2826 2021 2849 contra
2057 2819 2196 2857 ujusmodi
2211 2829 2273 2851 ma·

1216 2857 1303 2887 litiam
1318 2854 1479 2886 adhibendo
1488 2878 1498 2894 ,

1253 2893 1346 2925 Vobis
1366 2893 1530 2924 mandamus
1547 2916 1557 2931 ,
1580 2894 1609 2923 in
1633 2892 1689 2924 fide
1705 2895 1739 2925 &
1752 2892 1919 2932 dilectione,
1937 2895 1966 2924 in
1984 2895 2084 2933 quibus
2100 2896 2184 2926 nobis
2197 2904 2276 2928 tene-

1219 2933 1306 2971 mini,
1325 2931 1441 2963 firmiter
1463 2932 1656 2970 injungentes,
1673 2932 1772 2971 quod,
1789 2932 1871 2963 dietis
1885 2931 1932 2963 die
1944 2934 1977 2964 &
1993 2935 2079 2972 loco,
2097 2933 2274 2975 personaliter

1219 2971 1360 3003 intersitis·

1256 2995 1399 3041 Vocan’tes
1420 3008 1495 3047 prius
1516 3007 1670 3039 Decanum
1694 3010 1728 3041 &
1747 3008 1912 3047 Capitulum
1932 3009 2067 3041 Ecclefiae
2083 3010 2203 3051 vestrae,
2222 3012 2277 3044 At-

1220 3048 1421 3085 chidiaconos,
1439 3056 1591 3085 totumque
1603 3046 1722 3078 Clerum
1737 3047 1837 3079 vestrae
1852 3048 1996 3087 Dioces1s3

1262 3087 1286 3118 F
1287 3086 1476 3124 acientesque,
1496 3085 1574 3124 quod
1588 3085 1665 3116 idem
1680 3086 1814 3117 Decanus
1827 3088 1861 3119 &
1875 3087 2078 3119 Archidiaconi
2088 3111 2098 3127 ‚
2117 3090 2144 3120 in
2158 3091 2277 3128 propriis

1222 3126 1346 3167 personis
1368 3125 1420 3156 suis
1436 3148 1445 3163 ‚
1469 3126 1503 3156 &
1525 3123 1638 3154 dietum
1660 3124 1826 3163 Capitulum
1842 3136 1891 3164 per
1905 3136 2014 3166 unum,
2029 3126 2164 3166 idemque
2179 3128 2280 3159 Clerus

1221 3175 1271 3203 per
1285 3164 1356 3195 duos
1373 3163 1571 3194 Procuratores
1583 3163 1716 3202 idoneos,
1733 3164 1846 3202 plenam
1861 3166 1895 3196 &
1910 3164 2097 3196 sufficientem
2111 3167 2280 3204 potestatem

1222 3204 1258 3234 ab
1272 3204 1333 3241 ipfis
1347 3202 1527 3246 Capitulo&
1543 3200 1632 3232 Clero
1646 3201 1794 3242 habentes,
1812 3204 1868 3233 una
1881 3203 2031 3236 vobiscum
2047 3205 2173 3237 intersint
2187 3205 2280 3236 modis

1224 3243 1360 3275 omnibus
1373 3251 1441 3272 tunc
1455 3240 1562 3270 ibidem
1571 3262 1581 3278 ,

1262 3280 1309 3311 Ad
1323 3279 1519 3316 traetandum,
1534 3278 1724 3309 ordinandum
1738 3303 1748 3317 ‚
1762 3279 1796 3310 &
1812 3279 1990 3319 faciendum,
2011 3290 2065 3319 pro
2081 3281 2142 3319 ipsis
2159 3281 2279 3322 Capitu-

1225 3319 1254 3349 lo
1270 3320 1303 3351 &
1321 3319 1429 3357 Clero,
1443 3328 1475 3348 ac
1491 3317 1658 3349 eorumdem
1674 3319 1809 3357 nomine,
1827 3318 1907 3357 quod
1923 3319 1959 3349 de
1975 3320 2068 3350 vestro
2081 3342 2091 3357 ‚
2109 3319 2142 3349 &
2157 3320 2277 3350 aliorum

1224 3356 1425 3395 praelatorum,
1444 3356 1575 3393 Decani,
1595 3355 1873 3387 Archidiaconorum
1888 3380 1897 3396 ,
1916 3357 2194 3396 Procuratorumque
2208 3368 2285 3396 prae-

1223 3396 1370 3428 dietorum
1379 3421 1389 3435 ,
1407 3395 1558 3427 communi
1572 3393 1704 3426 Confilio
1718 3395 1915 3436 providebitur
1928 3397 1957 3425 in
1970 3395 2120 3433 praemissis.

1262 3473 1354 3505 Teste
1370 3474 1452 3513 Rege
1464 3470 1536 3509 apud
1552 3470 1735 3502 Portesmuth
1763 3482 1807 3511 19.
1825 3472 1872 3503 die
1887 3471 2017 3512 Augusti.

1264 3551 1437 3583 Confimiles
1450 3549 1548 3579 litterae
1563 3548 1718 3588 diriguntur
1731 3548 1856 3580 Custodi
1873 3549 2072 3587 Spiritualitatis
2087 3548 2284 3588 Archiepisco-

1228 3590 1309 3629 patus
1318 3587 1537 3625 Cantuariensis,
1550 3587 1614 3617 sede
1628 3596 1760 3627 vacante,
1779 3589 1890 3618 mutatis
1907 3596 2000 3618 tamen
2015 3587 2170 3628 mutandis,
2189 3597 2220 3619 ut
2235 3589 2285 3626 ibi,

1227 3638 1363 3661 vocantes
1385 3627 1459 3666 prius
1481 3625 1723 3656 Archidiaconum
1740 3651 1749 3664 ‚
1764 3634 1917 3664 totumque
1934 3625 2056 3656 Clerum
2072 3625 2157 3657 di&ae
2172 3626 2283 3658 Dioce-

1230 3669 1263 3699 sis
1278 3693 1288 3708 ,
1309 3665 1494 3703 facientesque
1515 3664 1593 3702 quod
1614 3663 1692 3695 idem
1714 3664 1938 3695 Archidiaconus
1954 3689 1964 3703 ,
1991 3665 2020 3694 in
2040 3664 2153 3702 propria
2166 3664 2286 3706 persona

1231 3706 1298 3744 suci,
1312 3705 1455 3742 dictusque
1478 3701 1579 3733 Clerus
1602 3712 1652 3740 per
1672 3702 1744 3734 duos
1757 3702 1955 3734 Procuratores
1972 3702 2107 3742 idoneos,
2124 3703 2235 3741 plenam
2250 3704 2285 3734 δε

1231 3745 1415 3777 sufficientem
1431 3740 1597 3780 potestatem
1612 3742 1649 3771 ab
1662 3742 1721 3781 ipso
1735 3741 1825 3772 Clero
1841 3742 1990 3779 habentes,
2009 3742 2065 3772 una
2079 3742 2229 3773 vobiscum
2244 3743 2287 3772 in-

1230 3784 1326 3816 tersint
1342 3806 1352 3821 ,
1373 3783 1433 3812 &c.
1452 3780 1485 3811 &
1504 3779 1668 3809 faciendum
1688 3789 1742 3818 pro
1765 3780 1824 3817 ipso
1846 3779 1935 3810 Clero
1957 3790 1990 3810 ac
2012 3779 2135 3819 ejusdem
2151 3782 2288 3822 nomine,

1230 3822 1311 3861 quod
1358 3820 1394 3851 de
1408 3818 1504 3850 vestro
1516 3842 1526 3855 .,
1545 3817 1786 3857 Praelatorumque
1798 3817 2004 3856 praedictorum
2017 3820 2137 3855 comuni
2151 3819 2287 3859 consilio,

1232 3844 1425 3900 providebitur
1442 3859 1473 3886 in
1487 3855 1640 3894 praemiffis.

1268 3935 1359 3968 Teste
1374 3942 1404 3966 ut
1418 3934 1505 3972 supra
2074 3914 2087 3947 *¹

1448 4009 1616 4042 Consimilia
1631 4010 1729 4044 brevia
1748 4009 1907 4048 diriguntur
1924 4008 2078 4050 Episcopis.

1237 4087 1345 4131 Eljenfi
1350 4111 1362 4126 ‚
1782 4086 1971 4127 Norwycmfi,

2213 4122 2295 4157 θ’θ’-ζ
