<?xml version="1.0" encoding="UTF-8"?>
<!DOCTYPE html PUBLIC "-//W3C//DTD XHTML 1.0 Transitional//EN"
    "http://www.w3.org/TR/xhtml1/DTD/xhtml1-transitional.dtd">
<html xmlns="http://www.w3.org/1999/xhtml" xml:lang="en" lang="en">
 <head>
  <title>
</title>
<meta http-equiv="Content-Type" content="text/html;charset=utf-8" />
  <meta name='ocr-system' content='tesseract 3.04.00' />
  <meta name='ocr-capabilities' content='ocr_page ocr_carea ocr_par ocr_line ocrx_word'/>
</head>
<body>
  <div class='ocr_page' id='page_1' title='image "./fderaconventione01ryme_0128.png"; bbox 0 0 2570 4261; ppageno 0'>
   <div class='ocr_carea' id='block_1_1' title="bbox 253 106 1951 164">
    <p class='ocr_par' dir='ltr' id='par_1_1' title="bbox 253 106 1951 164">
     <span class='ocr_line' id='line_1_1' title="bbox 253 106 1951 164; baseline -0.003 -6"><span class='ocrx_word' id='word_1_1' title='bbox 253 122 308 160; x_wconf 86' lang='lat'>66</span> <span class='ocrx_word' id='word_1_2' title='bbox 713 106 1951 164; x_wconf 65' lang='lat' dir='ltr'>CONVENTIO‘NE8,L1TERAE,</span> 
     </span>
    </p>
   </div>
   <div class='ocr_carea' id='block_1_2' title="bbox 102 200 2434 1002">
    <p class='ocr_par' dir='ltr' id='par_1_2' title="bbox 102 200 2434 588">
     <span class='ocr_line' id='line_1_2' title="bbox 102 200 1306 243; baseline -0.007 -8"><span class='ocrx_word' id='word_1_3' title='bbox 102 211 178 242; x_wconf 66' lang='grc' dir='ltr'>Ἀῃῃ,</span> <span class='ocrx_word' id='word_1_4' title='bbox 194 210 235 243; x_wconf 46' lang='grc' dir='ltr'>Β,</span> <span class='ocrx_word' id='word_1_5' title='bbox 253 202 509 242; x_wconf 74' lang='lat' dir='ltr'>conventualibus,</span> <span class='ocrx_word' id='word_1_6' title='bbox 527 204 613 234; x_wconf 88' lang='lat' dir='ltr'>totius</span> <span class='ocrx_word' id='word_1_7' title='bbox 627 203 723 243; x_wconf 83' lang='lat' dir='ltr'><strong>Regni</strong></span> <span class='ocrx_word' id='word_1_8' title='bbox 736 201 826 234; x_wconf 88' lang='lat' dir='ltr'>nostri</span> <span class='ocrx_word' id='word_1_9' title='bbox 839 202 963 243; x_wconf 80' lang='lat' dir='ltr'>Angliae,</span> <span class='ocrx_word' id='word_1_10' title='bbox 980 202 1075 233; x_wconf 74' lang='lat' dir='ltr'>liberae</span> <span class='ocrx_word' id='word_1_11' title='bbox 1089 201 1141 231; x_wconf 86' lang='lat' dir='ltr'>sint</span> <span class='ocrx_word' id='word_1_12' title='bbox 1156 200 1184 230; x_wconf 90' lang='lat' dir='ltr'>in</span> <span class='ocrx_word' id='word_1_13' title='bbox 1207 207 1306 242; x_wconf 80' lang='lat' dir='ltr'>perpe-</span> 
     </span>
     <span class='ocr_line' id='line_1_3' title="bbox 126 239 2310 288; baseline -0.005 -16"><span class='ocrx_word' id='word_1_14' title='bbox 126 259 208 288; x_wconf 81' lang='lat'><em>1215.</em></span> <span class='ocrx_word' id='word_1_15' title='bbox 252 250 336 272; x_wconf 86' lang='lat' dir='ltr'>tuum</span> <span class='ocrx_word' id='word_1_16' title='bbox 357 242 507 273; x_wconf 65' lang='lat' dir='ltr'>elec&#39;tiones</span> <span class='ocrx_word' id='word_1_17' title='bbox 527 248 764 279; x_wconf 83' lang='lat' dir='ltr'>quorumcunque</span> <span class='ocrx_word' id='word_1_18' title='bbox 782 241 966 272; x_wconf 82' lang='lat' dir='ltr'>Praelatorum</span> <span class='ocrx_word' id='word_1_19' title='bbox 986 242 1126 279; x_wconf 83' lang='lat' dir='ltr'>majorum</span> <span class='ocrx_word' id='word_1_20' title='bbox 1148 239 1181 269; x_wconf 90' lang='lat'>&amp;</span> <span class='ocrx_word' id='word_1_21' title='bbox 1212 246 1306 266; x_wconf 81' lang='lat' dir='ltr'>mino-</span> <span class='ocrx_word' id='word_1_22' title='bbox 1541 271 1548 278; x_wconf 29' lang='grc' dir='ltr'><em>η</em></span> <span class='ocrx_word' id='word_1_23' title='bbox 1853 275 1859 281; x_wconf 29' lang='grc' dir='ltr'><strong>ι</strong></span> <span class='ocrx_word' id='word_1_24' title='bbox 2134 273 2140 279; x_wconf 27' lang='grc'>1</span> <span class='ocrx_word' id='word_1_25' title='bbox 2243 272 2270 279; x_wconf 89' lang='lat'>..</span> <span class='ocrx_word' id='word_1_26' title='bbox 2299 273 2310 277; x_wconf 29' lang='grc' dir='ltr'><em>ς</em></span> 
     </span>
     <span class='ocr_line' id='line_1_4' title="bbox 253 270 2410 318; baseline -0.003 -8"><span class='ocrx_word' id='word_1_27' title='bbox 253 290 342 318; x_wconf 73' lang='lat' dir='ltr'>rum,</span> <span class='ocrx_word' id='word_1_28' title='bbox 367 281 437 310; x_wconf 81' lang='lat' dir='ltr'>saiva</span> <span class='ocrx_word' id='word_1_29' title='bbox 457 280 537 310; x_wconf 75' lang='lat' dir='ltr'>nobis</span> <span class='ocrx_word' id='word_1_30' title='bbox 557 281 590 311; x_wconf 90' lang='lat'>&amp;</span> <span class='ocrx_word' id='word_1_31' title='bbox 610 279 779 312; x_wconf 85' lang='lat' dir='ltr'>Haeredibus</span> <span class='ocrx_word' id='word_1_32' title='bbox 799 279 901 311; x_wconf 86' lang='lat' dir='ltr'>nostris</span> <span class='ocrx_word' id='word_1_33' title='bbox 921 279 1048 310; x_wconf 84' lang='lat' dir='ltr'>custodia</span> <span class='ocrx_word' id='word_1_34' title='bbox 1066 277 1254 309; x_wconf 82' lang='lat' dir='ltr'>Eccleiiarum</span> <span class='ocrx_word' id='word_1_35' title='bbox 1271 275 1305 305; x_wconf 86' lang='lat'>&amp;</span> <span class='ocrx_word' id='word_1_36' title='bbox 1382 271 1473 316; x_wconf 69' lang='lat' dir='ltr'>Teste</span> <span class='ocrx_word' id='word_1_37' title='bbox 1492 270 1598 316; x_wconf 86' lang='lat' dir='ltr'>meipso</span> <span class='ocrx_word' id='word_1_38' title='bbox 1611 271 1689 316; x_wconf 33' lang='lat' dir='ltr'>*apud</span> <span class='ocrx_word' id='word_1_39' title='bbox 1711 272 1806 318; x_wconf 83' lang='lat' dir='ltr'>Dour.</span> <span class='ocrx_word' id='word_1_40' title='bbox 1830 274 1968 306; x_wconf 84' lang='lat' dir='ltr'>vicesimo</span> <span class='ocrx_word' id='word_1_41' title='bbox 1986 274 2093 306; x_wconf 65' lang='lat' dir='ltr'>ostavo</span> <span class='ocrx_word' id='word_1_42' title='bbox 2111 272 2159 304; x_wconf 86' lang='lat' dir='ltr'>die</span> <span class='ocrx_word' id='word_1_43' title='bbox 2179 272 2284 312; x_wconf 86' lang='lat' dir='ltr'>Aprilis</span> <span class='ocrx_word' id='word_1_44' title='bbox 2298 295 2310 311; x_wconf 89' lang='lat'>,</span> <span class='ocrx_word' id='word_1_45' title='bbox 2333 281 2410 306; x_wconf 85' lang='lat' dir='ltr'>anno</span> 
     </span>
     <span class='ocr_line' id='line_1_5' title="bbox 254 309 2434 359; baseline 0 -10"><span class='ocrx_word' id='word_1_46' title='bbox 254 317 498 349; x_wconf 73' lang='lat' dir='ltr'>Monasteriorum</span> <span class='ocrx_word' id='word_1_47' title='bbox 512 319 670 350; x_wconf 78' lang='lat' dir='ltr'>vacantium</span> <span class='ocrx_word' id='word_1_48' title='bbox 680 343 689 357; x_wconf 92' lang='lat'>,</span> <span class='ocrx_word' id='word_1_49' title='bbox 708 329 771 357; x_wconf 86' lang='lat' dir='ltr'>quae</span> <span class='ocrx_word' id='word_1_50' title='bbox 783 318 818 348; x_wconf 91' lang='lat' dir='ltr'>ad</span> <span class='ocrx_word' id='word_1_51' title='bbox 830 329 882 349; x_wconf 87' lang='lat' dir='ltr'>nos</span> <span class='ocrx_word' id='word_1_52' title='bbox 897 319 1046 356; x_wconf 83' lang='lat' dir='ltr'>pertinent.</span> <span class='ocrx_word' id='word_1_53' title='bbox 1148 353 1153 359; x_wconf 40' lang='grc'><strong><em>’</em></strong></span> <span class='ocrx_word' id='word_1_54' title='bbox 1172 354 1177 359; x_wconf 80' lang='lat'>.</span> <span class='ocrx_word' id='word_1_55' title='bbox 1274 351 1279 356; x_wconf 51' lang='lat'>,</span> <span class='ocrx_word' id='word_1_56' title='bbox 1346 309 1442 349; x_wconf 57' lang='lat' dir='ltr'>Regffl</span> <span class='ocrx_word' id='word_1_57' title='bbox 1453 310 1543 341; x_wconf 71' lang='lat' dir='ltr'>¹¹0st1&#39;1</span> <span class='ocrx_word' id='word_1_58' title='bbox 1554 309 1672 341; x_wconf 75' lang='lat' dir='ltr'>deC¹m0</span> <span class='ocrx_word' id='word_1_59' title='bbox 1685 311 1814 349; x_wconf 72' lang='lat' dir='ltr'>sePfflno·</span> <span class='ocrx_word' id='word_1_60' title='bbox 2432 332 2434 335; x_wconf 95' lang='lat'>·</span> 
     </span>
     <span class='ocr_line' id='line_1_6' title="bbox 292 353 1312 396; baseline -0.003 -10"><span class='ocrx_word' id='word_1_61' title='bbox 292 356 488 386; x_wconf 77' lang='lat' dir='ltr'>promittimus</span> <span class='ocrx_word' id='word_1_62' title='bbox 502 357 587 386; x_wconf 90' lang='lat' dir='ltr'>etiam</span> <span class='ocrx_word' id='word_1_63' title='bbox 603 357 681 395; x_wconf 90' lang='lat' dir='ltr'>quod</span> <span class='ocrx_word' id='word_1_64' title='bbox 693 368 747 389; x_wconf 90' lang='lat' dir='ltr'>nec</span> <span class='ocrx_word' id='word_1_65' title='bbox 762 357 964 396; x_wconf 87' lang='lat' dir='ltr'>impediemus,</span> <span class='ocrx_word' id='word_1_66' title='bbox 981 366 1036 386; x_wconf 87' lang='lat' dir='ltr'>nec</span> <span class='ocrx_word' id='word_1_67' title='bbox 1049 353 1179 394; x_wconf 85' lang='lat' dir='ltr'>impediri</span> <span class='ocrx_word' id='word_1_68' title='bbox 1190 359 1312 396; x_wconf 66' lang='lat' dir='ltr'>permit-</span> 
     </span>
     <span class='ocr_line' id='line_1_7' title="bbox 255 391 1309 436; baseline -0.006 -10"><span class='ocrx_word' id='word_1_69' title='bbox 255 401 344 424; x_wconf 85' lang='lat' dir='ltr'>temus</span> <span class='ocrx_word' id='word_1_70' title='bbox 358 404 407 433; x_wconf 88' lang='lat' dir='ltr'>per</span> <span class='ocrx_word' id='word_1_71' title='bbox 421 393 547 433; x_wconf 82' lang='lat' dir='ltr'>nostros,</span> <span class='ocrx_word' id='word_1_72' title='bbox 567 405 621 426; x_wconf 91' lang='lat' dir='ltr'>nec</span> <span class='ocrx_word' id='word_1_73' title='bbox 635 396 848 434; x_wconf 81' lang='lat' dir='ltr'>procurabimus</span> <span class='ocrx_word' id='word_1_74' title='bbox 862 397 946 434; x_wconf 90' lang='lat' dir='ltr'>quin,</span> <span class='ocrx_word' id='word_1_75' title='bbox 964 396 992 425; x_wconf 91' lang='lat' dir='ltr'>in</span> <span class='ocrx_word' id='word_1_76' title='bbox 1006 393 1163 436; x_wconf 70' lang='lat' dir='ltr'>singulis&amp;</span> <span class='ocrx_word' id='word_1_77' title='bbox 1178 391 1309 420; x_wconf 85' lang='lat' dir='ltr'>universis</span> 
     </span>
     <span class='ocr_line' id='line_1_8' title="bbox 254 428 1309 473; baseline -0.004 -12"><span class='ocrx_word' id='word_1_78' title='bbox 254 431 382 462; x_wconf 84' lang='lat' dir='ltr'>Ecclesiis</span> <span class='ocrx_word' id='word_1_79' title='bbox 395 433 428 463; x_wconf 73' lang='grc' dir='ltr'>δε</span> <span class='ocrx_word' id='word_1_80' title='bbox 442 432 624 464; x_wconf 87' lang='lat' dir='ltr'>Monasteriis</span> <span class='ocrx_word' id='word_1_81' title='bbox 637 435 815 472; x_wconf 88' lang='lat' dir='ltr'>memoratis,</span> <span class='ocrx_word' id='word_1_82' title='bbox 833 433 983 473; x_wconf 88' lang='lat' dir='ltr'>postquam</span> <span class='ocrx_word' id='word_1_83' title='bbox 998 439 1157 462; x_wconf 83' lang='lat' dir='ltr'>vacaveruit</span> <span class='ocrx_word' id='word_1_84' title='bbox 1175 428 1309 458; x_wconf 79' lang='lat' dir='ltr'>Praelatu-</span> 
     </span>
     <span class='ocr_line' id='line_1_9' title="bbox 253 466 1306 513; baseline -0.004 -13"><span class='ocrx_word' id='word_1_85' title='bbox 253 479 308 508; x_wconf 71' lang='grc' dir='ltr'>ηε,</span> <span class='ocrx_word' id='word_1_86' title='bbox 332 480 533 510; x_wconf 80' lang='lat' dir='ltr'>quemcunque</span> <span class='ocrx_word' id='word_1_87' title='bbox 551 472 693 504; x_wconf 79' lang='lat' dir='ltr'>voluerint</span> <span class='ocrx_word' id='word_1_88' title='bbox 710 474 797 504; x_wconf 90' lang='lat' dir='ltr'>libere</span> <span class='ocrx_word' id='word_1_89' title='bbox 816 473 866 503; x_wconf 90' lang='lat' dir='ltr'>sibi</span> <span class='ocrx_word' id='word_1_90' title='bbox 887 471 1039 509; x_wconf 80' lang='lat' dir='ltr'>praeficiant</span> <span class='ocrx_word' id='word_1_91' title='bbox 1059 469 1194 512; x_wconf 54' lang='lat' dir='ltr'>definires</span> <span class='ocrx_word' id='word_1_92' title='bbox 1214 466 1306 513; x_wconf 74' lang='lat' dir='ltr'>pasto-</span> 
     </span>
     <span class='ocr_line' id='line_1_10' title="bbox 255 505 1308 550; baseline -0.006 -10"><span class='ocrx_word' id='word_1_93' title='bbox 255 518 329 538; x_wconf 86' lang='lat' dir='ltr'>rem·</span> <span class='ocrx_word' id='word_1_94' title='bbox 350 509 435 546; x_wconf 68' lang='lat' dir='ltr'>petita</span> <span class='ocrx_word' id='word_1_95' title='bbox 455 517 549 540; x_wconf 86' lang='lat' dir='ltr'>tamen</span> <span class='ocrx_word' id='word_1_96' title='bbox 568 512 642 550; x_wconf 88' lang='lat' dir='ltr'>prius</span> <span class='ocrx_word' id='word_1_97' title='bbox 664 522 679 542; x_wconf 92' lang='lat' dir='ltr'>a</span> <span class='ocrx_word' id='word_1_98' title='bbox 700 512 782 543; x_wconf 89' lang='lat' dir='ltr'>nobis</span> <span class='ocrx_word' id='word_1_99' title='bbox 803 510 1006 542; x_wconf 70' lang='lat' dir='ltr'>&amp;haeredibus</span> <span class='ocrx_word' id='word_1_100' title='bbox 1019 507 1119 538; x_wconf 86' lang='lat' dir='ltr'>nostris</span> <span class='ocrx_word' id='word_1_101' title='bbox 1133 506 1245 537; x_wconf 86' lang='lat' dir='ltr'>licentia</span> <span class='ocrx_word' id='word_1_102' title='bbox 1259 505 1308 535; x_wconf 82' lang='lat' dir='ltr'>eli-</span> 
     </span>
     <span class='ocr_line' id='line_1_11' title="bbox 253 532 1293 588; baseline 0.001 -13"><span class='ocrx_word' id='word_1_103' title='bbox 253 532 337 585; x_wconf 75' lang='lat' dir='ltr'>gendi</span> <span class='ocrx_word' id='word_1_104' title='bbox 346 570 355 585; x_wconf 87' lang='lat'>‚</span> <span class='ocrx_word' id='word_1_105' title='bbox 374 557 458 586; x_wconf 87' lang='lat' dir='ltr'>quam</span> <span class='ocrx_word' id='word_1_106' title='bbox 473 559 535 580; x_wconf 86' lang='lat' dir='ltr'>non</span> <span class='ocrx_word' id='word_1_107' title='bbox 547 549 750 587; x_wconf 85' lang='lat' dir='ltr'>denegabimus</span> <span class='ocrx_word' id='word_1_108' title='bbox 761 559 815 580; x_wconf 90' lang='lat' dir='ltr'>nec</span> <span class='ocrx_word' id='word_1_109' title='bbox 829 548 1001 578; x_wconf 87' lang='lat' dir='ltr'>differemus.</span> <span class='ocrx_word' id='word_1_110' title='bbox 1239 582 1244 588; x_wconf 37' lang='lat'><em>¹</em></span> <span class='ocrx_word' id='word_1_111' title='bbox 1287 582 1293 587; x_wconf 45' lang='grc'>,</span> 
     </span>
    </p>

    <p class='ocr_par' dir='ltr' id='par_1_3' title="bbox 252 581 1312 807">
     <span class='ocr_line' id='line_1_12' title="bbox 290 581 1309 627; baseline -0.005 -12"><span class='ocrx_word' id='word_1_112' title='bbox 290 583 343 623; x_wconf 84' lang='lat' dir='ltr'>Et,</span> <span class='ocrx_word' id='word_1_113' title='bbox 363 586 383 616; x_wconf 75' lang='lat' dir='ltr'>s}</span> <span class='ocrx_word' id='word_1_114' title='bbox 404 586 493 625; x_wconf 71' lang='lat' dir='ltr'>forte,</span> <span class='ocrx_word' id='word_1_115' title='bbox 517 588 594 625; x_wconf 87' lang='lat' dir='ltr'>quod</span> <span class='ocrx_word' id='word_1_116' title='bbox 616 588 699 627; x_wconf 81' lang='lat' dir='ltr'>absit,</span> <span class='ocrx_word' id='word_1_117' title='bbox 716 588 916 626; x_wconf 77' lang='lat' dir='ltr'>denegaremus</span> <span class='ocrx_word' id='word_1_118' title='bbox 936 586 982 616; x_wconf 94' lang='lat' dir='ltr'>vel</span> <span class='ocrx_word' id='word_1_119' title='bbox 1004 583 1198 627; x_wconf 78' lang='lat' dir='ltr'>differremus,</span> <span class='ocrx_word' id='word_1_120' title='bbox 1216 581 1309 611; x_wconf 90' lang='lat' dir='ltr'>nichi-</span> 
     </span>
     <span class='ocr_line' id='line_1_13' title="bbox 255 620 1308 665; baseline -0.002 -14"><span class='ocrx_word' id='word_1_121' title='bbox 255 622 377 654; x_wconf 88' lang='lat' dir='ltr'>lominus</span> <span class='ocrx_word' id='word_1_122' title='bbox 391 626 545 662; x_wconf 81' lang='lat' dir='ltr'><strong>procedent</strong></span> <span class='ocrx_word' id='word_1_123' title='bbox 557 626 694 656; x_wconf 58' lang='lat' dir='ltr'>electores</span> <span class='ocrx_word' id='word_1_124' title='bbox 707 625 740 656; x_wconf 85' lang='lat' dir='ltr'>ad</span> <span class='ocrx_word' id='word_1_125' title='bbox 756 625 924 655; x_wconf 65' lang='lat' dir='ltr'>elerstionem</span> <span class='ocrx_word' id='word_1_126' title='bbox 948 624 1117 665; x_wconf 79' lang='lat' dir='ltr'>canonicam</span> <span class='ocrx_word' id='word_1_127' title='bbox 1135 620 1308 658; x_wconf 74' lang='lat' dir='ltr'>fac1endam3</span> 
     </span>
     <span class='ocr_line' id='line_1_14' title="bbox 252 659 1309 703; baseline -0.003 -12"><span class='ocrx_word' id='word_1_128' title='bbox 252 661 288 691; x_wconf 72' lang='grc' dir='ltr'>δε</span> <span class='ocrx_word' id='word_1_129' title='bbox 310 661 433 693; x_wconf 78' lang='lat' dir='ltr'>similiter</span> <span class='ocrx_word' id='word_1_130' title='bbox 454 663 518 701; x_wconf 89' lang='lat' dir='ltr'>post</span> <span class='ocrx_word' id='word_1_131' title='bbox 540 663 707 694; x_wconf 81' lang='lat' dir='ltr'>celebratam</span> <span class='ocrx_word' id='word_1_132' title='bbox 726 663 897 693; x_wconf 71' lang='lat' dir='ltr'>elestionem</span> <span class='ocrx_word' id='word_1_133' title='bbox 918 661 1014 692; x_wconf 88' lang='lat' dir='ltr'>noster</span> <span class='ocrx_word' id='word_1_134' title='bbox 1039 669 1193 698; x_wconf 81' lang='lat' dir='ltr'>requiratur</span> <span class='ocrx_word' id='word_1_135' title='bbox 1219 659 1309 703; x_wconf 72' lang='lat' dir='ltr'>asseri—</span> 
     </span>
     <span class='ocr_line' id='line_1_15' title="bbox 254 697 1311 740; baseline -0.002 -11"><span class='ocrx_word' id='word_1_136' title='bbox 254 698 312 738; x_wconf 77' lang='lat' dir='ltr'>suS,</span> <span class='ocrx_word' id='word_1_137' title='bbox 329 711 414 740; x_wconf 89' lang='lat' dir='ltr'>quem</span> <span class='ocrx_word' id='word_1_138' title='bbox 438 711 495 731; x_wconf 92' lang='lat' dir='ltr'>non</span> <span class='ocrx_word' id='word_1_139' title='bbox 515 701 732 740; x_wconf 81' lang='lat' dir='ltr'>denegabimus,</span> <span class='ocrx_word' id='word_1_140' title='bbox 752 701 802 731; x_wconf 86' lang='lat' dir='ltr'>nisi</span> <span class='ocrx_word' id='word_1_141' title='bbox 823 700 925 739; x_wconf 88' lang='lat' dir='ltr'>aliquid</span> <span class='ocrx_word' id='word_1_142' title='bbox 944 699 1105 730; x_wconf 79' lang='lat' dir='ltr'>rationabile</span> <span class='ocrx_word' id='word_1_143' title='bbox 1132 697 1311 736; x_wconf 84' lang='lat' dir='ltr'>proposueri-</span> 
     </span>
     <span class='ocr_line' id='line_1_16' title="bbox 252 736 1312 806; baseline -0.003 -37"><span class='ocrx_word' id='word_1_144' title='bbox 252 747 334 806; x_wconf 53' lang='lat' dir='ltr'>¹gnus,</span> <span class='ocrx_word' id='word_1_145' title='bbox 353 740 386 770; x_wconf 74' lang='grc' dir='ltr'>ὃ(</span> <span class='ocrx_word' id='word_1_146' title='bbox 404 740 526 778; x_wconf 86' lang='lat' dir='ltr'>legitime</span> <span class='ocrx_word' id='word_1_147' title='bbox 544 741 754 778; x_wconf 79' lang='lat' dir='ltr'>probaverimus</span> <span class='ocrx_word' id='word_1_148' title='bbox 773 747 886 780; x_wconf 88' lang='lat' dir='ltr'>propter</span> <span class='ocrx_word' id='word_1_149' title='bbox 906 739 985 777; x_wconf 89' lang='lat' dir='ltr'>quod</span> <span class='ocrx_word' id='word_1_150' title='bbox 1002 748 1062 768; x_wconf 89' lang='lat' dir='ltr'>non</span> <span class='ocrx_word' id='word_1_151' title='bbox 1073 736 1224 768; x_wconf 81' lang='lat' dir='ltr'>debeamus</span> <span class='ocrx_word' id='word_1_152' title='bbox 1239 746 1312 767; x_wconf 91' lang='lat' dir='ltr'>con-</span> 
     </span>
     <span class='ocr_line' id='line_1_17' title="bbox 262 785 356 807; baseline 0 -1"><span class='ocrx_word' id='word_1_153' title='bbox 262 785 356 807; x_wconf 67' lang='lat' dir='ltr'>entire.</span> 
     </span>
    </p>

    <p class='ocr_par' dir='ltr' id='par_1_4' title="bbox 256 812 1314 1002">
     <span class='ocr_line' id='line_1_18' title="bbox 299 812 1314 857; baseline 0 -13"><span class='ocrx_word' id='word_1_154' title='bbox 299 816 396 852; x_wconf 83' lang='lat' dir='ltr'>Qiare</span> <span class='ocrx_word' id='word_1_155' title='bbox 410 816 540 847; x_wconf 89' lang='lat' dir='ltr'>volumus</span> <span class='ocrx_word' id='word_1_156' title='bbox 554 818 587 848; x_wconf 62' lang='grc' dir='ltr'>ὃς</span> <span class='ocrx_word' id='word_1_157' title='bbox 601 816 716 847; x_wconf 81' lang='lat' dir='ltr'>firmiter</span> <span class='ocrx_word' id='word_1_158' title='bbox 726 817 857 855; x_wconf 86' lang='lat' dir='ltr'>jubemus</span> <span class='ocrx_word' id='word_1_159' title='bbox 871 816 970 854; x_wconf 83' lang='lat' dir='ltr'>nequis</span> <span class='ocrx_word' id='word_1_160' title='bbox 979 840 989 853; x_wconf 91' lang='lat'>,</span> <span class='ocrx_word' id='word_1_161' title='bbox 1006 814 1167 844; x_wconf 88' lang='lat' dir='ltr'>vacantibus</span> <span class='ocrx_word' id='word_1_162' title='bbox 1182 812 1314 857; x_wconf 81' lang='lat' dir='ltr'>Ecclesiis</span> 
     </span>
     <span class='ocr_line' id='line_1_19' title="bbox 257 851 1313 893; baseline -0.001 -11"><span class='ocrx_word' id='word_1_163' title='bbox 257 852 303 882; x_wconf 91' lang='lat' dir='ltr'>vel</span> <span class='ocrx_word' id='word_1_164' title='bbox 324 853 522 893; x_wconf 85' lang='lat' dir='ltr'>Monastcriis,</span> <span class='ocrx_word' id='word_1_165' title='bbox 541 863 638 886; x_wconf 90' lang='lat' dir='ltr'>contra</span> <span class='ocrx_word' id='word_1_166' title='bbox 661 856 733 886; x_wconf 82' lang='lat' dir='ltr'>hanc</span> <span class='ocrx_word' id='word_1_167' title='bbox 752 854 877 884; x_wconf 78' lang='lat' dir='ltr'>nostram</span> <span class='ocrx_word' id='word_1_168' title='bbox 897 852 1110 885; x_wconf 77' lang='lat' dir='ltr'>concessionem</span> <span class='ocrx_word' id='word_1_169' title='bbox 1124 852 1157 882; x_wconf 71' lang='grc' dir='ltr'>δε</span> <span class='ocrx_word' id='word_1_170' title='bbox 1173 851 1313 882; x_wconf 87' lang='lat' dir='ltr'>constitu-</span> 
     </span>
     <span class='ocr_line' id='line_1_20' title="bbox 256 892 1314 934; baseline 0 -14"><span class='ocrx_word' id='word_1_171' title='bbox 256 892 367 921; x_wconf 87' lang='lat' dir='ltr'>tionem</span> <span class='ocrx_word' id='word_1_172' title='bbox 381 893 410 922; x_wconf 92' lang='lat' dir='ltr'>in</span> <span class='ocrx_word' id='word_1_173' title='bbox 424 893 518 931; x_wconf 85' lang='lat' dir='ltr'>aliquo</span> <span class='ocrx_word' id='word_1_174' title='bbox 533 895 641 932; x_wconf 89' lang='lat' dir='ltr'>veniat,</span> <span class='ocrx_word' id='word_1_175' title='bbox 659 894 704 924; x_wconf 90' lang='lat' dir='ltr'>vel</span> <span class='ocrx_word' id='word_1_176' title='bbox 717 895 815 923; x_wconf 89' lang='lat' dir='ltr'>venire</span> <span class='ocrx_word' id='word_1_177' title='bbox 834 893 994 931; x_wconf 65' lang='lat' dir='ltr'>praesumat:</span> <span class='ocrx_word' id='word_1_178' title='bbox 1013 892 1105 930; x_wconf 88' lang='lat' dir='ltr'>Siquis</span> <span class='ocrx_word' id='word_1_179' title='bbox 1123 900 1192 934; x_wconf 81' lang='lat' dir='ltr'>vero</span> <span class='ocrx_word' id='word_1_180' title='bbox 1214 899 1314 920; x_wconf 83' lang='lat' dir='ltr'>contra</span> 
     </span>
     <span class='ocr_line' id='line_1_21' title="bbox 257 928 1314 972; baseline 0.002 -14"><span class='ocrx_word' id='word_1_181' title='bbox 257 928 315 959; x_wconf 87' lang='lat' dir='ltr'>hoc</span> <span class='ocrx_word' id='word_1_182' title='bbox 325 930 419 968; x_wconf 76' lang='lat' dir='ltr'>aliquo</span> <span class='ocrx_word' id='word_1_183' title='bbox 433 941 555 969; x_wconf 88' lang='lat' dir='ltr'>unquam</span> <span class='ocrx_word' id='word_1_184' title='bbox 569 940 700 971; x_wconf 81' lang='lat' dir='ltr'>tempore</span> <span class='ocrx_word' id='word_1_185' title='bbox 713 933 838 972; x_wconf 87' lang='lat' dir='ltr'>venerit,</span> <span class='ocrx_word' id='word_1_186' title='bbox 856 932 1090 964; x_wconf 62' lang='lat' dir='ltr'>maledidtionem</span> <span class='ocrx_word' id='word_1_187' title='bbox 1111 930 1314 968; x_wconf 78' lang='lat' dir='ltr'>omnipotentis</span> 
     </span>
     <span class='ocr_line' id='line_1_22' title="bbox 257 966 644 1002; baseline 0.008 -5"><span class='ocrx_word' id='word_1_188' title='bbox 257 966 316 997; x_wconf 90' lang='lat' dir='ltr'>Dei</span> <span class='ocrx_word' id='word_1_189' title='bbox 331 969 500 999; x_wconf 88' lang='lat' dir='ltr'>&amp;nostram</span> <span class='ocrx_word' id='word_1_190' title='bbox 514 971 644 1002; x_wconf 34' lang='lat' dir='ltr'>incurrat⁸</span> 
     </span>
    </p>
   </div>
   <div class='ocr_carea' id='block_1_3' title="bbox 2427 191 2560 227">
    <p class='ocr_par' dir='ltr' id='par_1_5' title="bbox 2427 191 2560 227">
     <span class='ocr_line' id='line_1_23' title="bbox 2427 191 2560 227; baseline 0.008 -1"><span class='ocrx_word' id='word_1_191' title='bbox 2427 191 2560 227; x_wconf 62' lang='lat' dir='ltr'>Amin</span> 
     </span>
    </p>
   </div>
   <div class='ocr_carea' id='block_1_4' title="bbox 1374 193 2523 274">
    <p class='ocr_par' dir='ltr' id='par_1_6' title="bbox 1374 193 2523 274">
     <span class='ocr_line' id='line_1_24' title="bbox 1374 193 2523 274; baseline 0.003 -50"><span class='ocrx_word' id='word_1_192' title='bbox 1374 193 1413 226; x_wconf 86' lang='lat' dir='ltr'>Et</span> <span class='ocrx_word' id='word_1_193' title='bbox 1426 196 1456 224; x_wconf 89' lang='lat' dir='ltr'>in</span> <span class='ocrx_word' id='word_1_194' title='bbox 1471 194 1571 234; x_wconf 74' lang='lat' dir='ltr'>huius,</span> <span class='ocrx_word' id='word_1_195' title='bbox 1589 195 1649 227; x_wconf 86' lang='lat' dir='ltr'>&amp;c.</span> <span class='ocrx_word' id='word_1_196' title='bbox 1667 194 1728 226; x_wconf 86' lang='lat' dir='ltr'>fieri</span> <span class='ocrx_word' id='word_1_197' title='bbox 1745 196 1875 229; x_wconf 77' lang='lat' dir='ltr'>fecimus.</span> <span class='ocrx_word' id='word_1_198' title='bbox 2448 219 2523 274; x_wconf 34' lang='lat'>¹21³</span> 
     </span>
    </p>
   </div>
   <div class='ocr_carea' id='block_1_5' title="bbox 1349 440 2412 541">
    <p class='ocr_par' dir='ltr' id='par_1_7' title="bbox 1349 440 2412 541">
     <span class='ocr_line' id='line_1_25' title="bbox 1349 440 2412 491; baseline 0.001 -16"><span class='ocrx_word' id='word_1_199' title='bbox 1349 440 1509 489; x_wconf 77' lang='lat' dir='ltr'>Johannes</span> <span class='ocrx_word' id='word_1_200' title='bbox 1536 445 1603 476; x_wconf 84' lang='lat' dir='ltr'>Rex</span> <span class='ocrx_word' id='word_1_201' title='bbox 1624 444 1720 491; x_wconf 83' lang='lat' dir='ltr'>Angl.</span> <span class='ocrx_word' id='word_1_202' title='bbox 1739 448 1816 490; x_wconf 82' lang='lat' dir='ltr'>petit</span> <span class='ocrx_word' id='word_1_203' title='bbox 1836 445 1997 491; x_wconf 65' lang='lat' dir='ltr'>jaHuram</span> <span class='ocrx_word' id='word_1_204' title='bbox 2020 448 2255 491; x_wconf 79' lang='lat' dir='ltr'>quingentarum</span> <span class='ocrx_word' id='word_1_205' title='bbox 2273 443 2412 477; x_wconf 75' lang='lat' dir='ltr'>millium</span> 
     </span>
     <span class='ocr_line' id='line_1_26' title="bbox 1524 492 2240 541; baseline 0.001 -16"><span class='ocrx_word' id='word_1_206' title='bbox 1524 495 1714 526; x_wconf 75' lang='lat' dir='ltr'>Marcarum</span> <span class='ocrx_word' id='word_1_207' title='bbox 1727 492 1882 527; x_wconf 75' lang='lat' dir='ltr'>emendari</span> <span class='ocrx_word' id='word_1_208' title='bbox 1897 505 1952 541; x_wconf 83' lang='lat' dir='ltr'>per</span> <span class='ocrx_word' id='word_1_209' title='bbox 1969 497 2079 541; x_wconf 80' lang='lat' dir='ltr'>Regem</span> <span class='ocrx_word' id='word_1_210' title='bbox 2096 495 2240 526; x_wconf 70' lang='lat' dir='ltr'>Francia.</span> 
     </span>
    </p>
   </div>
   <div class='ocr_carea' id='block_1_6' title="bbox 1349 575 2561 1420">
    <p class='ocr_par' dir='ltr' id='par_1_8' title="bbox 1349 575 2561 1420">
     <span class='ocr_line' id='line_1_27' title="bbox 1350 575 2557 636; baseline 0.003 -30"><span class='ocrx_word' id='word_1_211' title='bbox 1350 575 1472 636; x_wconf 82' lang='lat' dir='ltr'>REX</span> <span class='ocrx_word' id='word_1_212' title='bbox 1487 577 1669 609; x_wconf 60' lang='lat' dir='ltr'>dictatoribus</span> <span class='ocrx_word' id='word_1_213' title='bbox 1683 579 1716 610; x_wconf 86' lang='lat'>&amp;</span> <span class='ocrx_word' id='word_1_214' title='bbox 1730 578 1957 610; x_wconf 84' lang='lat' dir='ltr'>emendatoribus</span> <span class='ocrx_word' id='word_1_215' title='bbox 1971 588 2096 618; x_wconf 79' lang='lat' dir='ltr'>treugae,</span> <span class='ocrx_word' id='word_1_216' title='bbox 2113 587 2202 616; x_wconf 84' lang='lat' dir='ltr'>captae</span> <span class='ocrx_word' id='word_1_217' title='bbox 2212 579 2284 609; x_wconf 89' lang='lat' dir='ltr'>inter</span> <span class='ocrx_word' id='word_1_218' title='bbox 2295 586 2361 610; x_wconf 85' lang='lat' dir='ltr'>eum</span> <span class='ocrx_word' id='word_1_219' title='bbox 2376 578 2411 609; x_wconf 76' lang='grc' dir='ltr'>δε</span> <span class='ocrx_word' id='word_1_220' title='bbox 2429 581 2506 613; x_wconf 86' lang='lat' dir='ltr'>Ann.</span> <span class='ocrx_word' id='word_1_221' title='bbox 2517 582 2557 614; x_wconf 83' lang='lat' dir='ltr'>D,</span> 
     </span>
     <span class='ocr_line' id='line_1_28' title="bbox 1433 615 2541 660; baseline 0.005 -15"><span class='ocrx_word' id='word_1_222' title='bbox 1433 615 1547 655; x_wconf 84' lang='lat' dir='ltr'>Regem</span> <span class='ocrx_word' id='word_1_223' title='bbox 1560 616 1702 656; x_wconf 78' lang='lat' dir='ltr'>Franciae,</span> <span class='ocrx_word' id='word_1_224' title='bbox 1719 617 1843 648; x_wconf 85' lang='lat' dir='ltr'>salutern.</span> <span class='ocrx_word' id='word_1_225' title='bbox 2454 630 2541 660; x_wconf 84' lang='lat'><em>1215.</em></span> 
     </span>
     <span class='ocr_line' id='line_1_29' title="bbox 1388 652 2544 697; baseline 0.006 -15"><span class='ocrx_word' id='word_1_226' title='bbox 1388 652 1486 683; x_wconf 82' lang='lat' dir='ltr'>Sciatis</span> <span class='ocrx_word' id='word_1_227' title='bbox 1499 654 1576 691; x_wconf 90' lang='lat' dir='ltr'>quod</span> <span class='ocrx_word' id='word_1_228' title='bbox 1590 665 1644 685; x_wconf 84' lang='lat' dir='ltr'>nos</span> <span class='ocrx_word' id='word_1_229' title='bbox 1658 663 1801 695; x_wconf 86' lang='lat' dir='ltr'>treugam,</span> <span class='ocrx_word' id='word_1_230' title='bbox 1811 657 1931 694; x_wconf 83' lang='lat' dir='ltr'>juratam</span> <span class='ocrx_word' id='word_1_231' title='bbox 1944 658 2014 687; x_wconf 87' lang='lat' dir='ltr'>inter</span> <span class='ocrx_word' id='word_1_232' title='bbox 2027 656 2144 697; x_wconf 83' lang='lat' dir='ltr'>Regem</span> <span class='ocrx_word' id='word_1_233' title='bbox 2157 655 2284 686; x_wconf 87' lang='lat' dir='ltr'>Franciae</span> <span class='ocrx_word' id='word_1_234' title='bbox 2299 655 2333 686; x_wconf 76' lang='grc' dir='ltr'>δε</span> <span class='ocrx_word' id='word_1_235' title='bbox 2346 663 2410 692; x_wconf 86' lang='lat' dir='ltr'>nos,</span> <span class='ocrx_word' id='word_1_236' title='bbox 2426 663 2478 688; x_wconf 81' lang='lat' dir='ltr'>An.</span> <span class='ocrx_word' id='word_1_237' title='bbox 2502 670 2544 697; x_wconf 87' lang='lat'>¹7·</span> 
     </span>
     <span class='ocr_line' id='line_1_30' title="bbox 1353 693 2492 737; baseline 0.004 -16"><span class='ocrx_word' id='word_1_238' title='bbox 1353 700 1488 728; x_wconf 87' lang='lat' dir='ltr'>quantum</span> <span class='ocrx_word' id='word_1_239' title='bbox 1511 694 1541 722; x_wconf 88' lang='lat' dir='ltr'>i&#39;n</span> <span class='ocrx_word' id='word_1_240' title='bbox 1561 693 1644 723; x_wconf 82' lang='lat' dir='ltr'>nobis</span> <span class='ocrx_word' id='word_1_241' title='bbox 1663 694 1720 732; x_wconf 85' lang='lat' dir='ltr'>est,</span> <span class='ocrx_word' id='word_1_242' title='bbox 1738 694 1849 725; x_wconf 82' lang='lat' dir='ltr'>illaesam</span> <span class='ocrx_word' id='word_1_243' title='bbox 1863 695 2094 734; x_wconf 83' lang='lat' dir='ltr'>observavimus,</span> <span class='ocrx_word' id='word_1_244' title='bbox 2112 694 2294 725; x_wconf 85' lang='lat' dir='ltr'>observamus</span> <span class='ocrx_word' id='word_1_245' title='bbox 2307 693 2341 724; x_wconf 88' lang='lat'>&amp;</span> <span class='ocrx_word' id='word_1_246' title='bbox 2354 693 2409 723; x_wconf 88' lang='lat' dir='ltr'>ob-</span> <span class='ocrx_word' id='word_1_247' title='bbox 2427 698 2492 737; x_wconf 81' lang='lat' dir='ltr'><em>Joh.</em></span> 
     </span>
     <span class='ocr_line' id='line_1_31' title="bbox 1351 730 2536 773; baseline 0.004 -14"><span class='ocrx_word' id='word_1_248' title='bbox 1351 730 1534 769; x_wconf 76' lang='lat' dir='ltr'>servabimus,</span> <span class='ocrx_word' id='word_1_249' title='bbox 1554 731 1681 762; x_wconf 87' lang='lat' dir='ltr'>nolentes</span> <span class='ocrx_word' id='word_1_250' title='bbox 1696 733 1873 772; x_wconf 84' lang='lat' dir='ltr'>juramento,</span> <span class='ocrx_word' id='word_1_251' title='bbox 1891 733 1970 773; x_wconf 90' lang='lat' dir='ltr'>quod</span> <span class='ocrx_word' id='word_1_252' title='bbox 1984 733 2021 764; x_wconf 85' lang='lat' dir='ltr'>de</span> <span class='ocrx_word' id='word_1_253' title='bbox 2042 743 2075 764; x_wconf 86' lang='lat' dir='ltr'>ea</span> <span class='ocrx_word' id='word_1_254' title='bbox 2095 732 2267 765; x_wconf 84' lang='lat' dir='ltr'>observanda</span> <span class='ocrx_word' id='word_1_255' title='bbox 2281 730 2410 771; x_wconf 85' lang='lat' dir='ltr'>praestiti-</span> <span class='ocrx_word' id='word_1_256' title='bbox 2427 741 2486 765; x_wconf 77' lang='lat' dir='ltr'>Par.</span> <span class='ocrx_word' id='word_1_257' title='bbox 2504 744 2536 764; x_wconf 72' lang='lat' dir='ltr'>ut</span> 
     </span>
     <span class='ocr_line' id='line_1_32' title="bbox 1354 769 2515 814; baseline 0.003 -17"><span class='ocrx_word' id='word_1_258' title='bbox 1354 778 1434 806; x_wconf 86' lang='lat' dir='ltr'>nius,</span> <span class='ocrx_word' id='word_1_259' title='bbox 1453 769 1616 807; x_wconf 87' lang='lat' dir='ltr'>aliquatinus</span> <span class='ocrx_word' id='word_1_260' title='bbox 1628 770 1751 801; x_wconf 85' lang='lat' dir='ltr'>obviare.</span> <span class='ocrx_word' id='word_1_261' title='bbox 2363 807 2371 814; x_wconf 41' lang='grc' dir='ltr'><strong><em>ι</em></strong></span> <span class='ocrx_word' id='word_1_262' title='bbox 2422 775 2515 813; x_wconf 70' lang='lat' dir='ltr'>supra.</span> 
     </span>
     <span class='ocr_line' id='line_1_33' title="bbox 1392 807 2414 850; baseline 0 -12"><span class='ocrx_word' id='word_1_263' title='bbox 1392 807 1483 838; x_wconf 88' lang='lat' dir='ltr'>Unde</span> <span class='ocrx_word' id='word_1_264' title='bbox 1495 818 1600 846; x_wconf 84' lang='lat' dir='ltr'>nuper,</span> <span class='ocrx_word' id='word_1_265' title='bbox 1616 810 1760 846; x_wconf 77' lang='lat' dir='ltr'>praeteritis</span> <span class='ocrx_word' id='word_1_266' title='bbox 1772 809 1889 849; x_wconf 87' lang='lat' dir='ltr'>diebus,</span> <span class='ocrx_word' id='word_1_267' title='bbox 1906 819 2006 842; x_wconf 88' lang='lat' dir='ltr'>coram</span> <span class='ocrx_word' id='word_1_268' title='bbox 2026 811 2137 842; x_wconf 85' lang='lat' dir='ltr'>nunciis</span> <span class='ocrx_word' id='word_1_269' title='bbox 2158 809 2247 850; x_wconf 84' lang='lat' dir='ltr'>Regis</span> <span class='ocrx_word' id='word_1_270' title='bbox 2271 808 2414 847; x_wconf 71' lang='lat' dir='ltr'>Francoe,</span> 
     </span>
     <span class='ocr_line' id='line_1_34' title="bbox 1353 843 2412 887; baseline 0.006 -12"><span class='ocrx_word' id='word_1_271' title='bbox 1353 845 1510 884; x_wconf 76' lang='lat' dir='ltr'>Praepofito</span> <span class='ocrx_word' id='word_1_272' title='bbox 1524 869 1533 885; x_wconf 85' lang='lat'>‚</span> <span class='ocrx_word' id='word_1_273' title='bbox 1556 846 1661 877; x_wconf 89' lang='lat' dir='ltr'>scilicet</span> <span class='ocrx_word' id='word_1_274' title='bbox 1674 871 1684 886; x_wconf 88' lang='lat'>,</span> <span class='ocrx_word' id='word_1_275' title='bbox 1713 847 1808 878; x_wconf 70' lang='lat' dir='ltr'>Sancti</span> <span class='ocrx_word' id='word_1_276' title='bbox 1820 848 1958 887; x_wconf 85' lang='lat' dir='ltr'>Johannis</span> <span class='ocrx_word' id='word_1_277' title='bbox 1978 848 2173 880; x_wconf 86' lang='lat' dir='ltr'>Ambianensis</span> <span class='ocrx_word' id='word_1_278' title='bbox 2187 873 2198 887; x_wconf 94' lang='lat'>,</span> <span class='ocrx_word' id='word_1_279' title='bbox 2231 849 2265 880; x_wconf 92' lang='lat'>&amp;</span> <span class='ocrx_word' id='word_1_280' title='bbox 2285 843 2412 886; x_wconf 83' lang='lat' dir='ltr'>quodam</span> 
     </span>
     <span class='ocr_line' id='line_1_35' title="bbox 1355 884 2413 927; baseline 0.001 -13"><span class='ocrx_word' id='word_1_281' title='bbox 1355 884 1508 916; x_wconf 89' lang='lat' dir='ltr'>Monacho</span> <span class='ocrx_word' id='word_1_282' title='bbox 1522 884 1714 915; x_wconf 87' lang='lat' dir='ltr'>Cisterciensis</span> <span class='ocrx_word' id='word_1_283' title='bbox 1725 885 1849 925; x_wconf 82' lang='lat' dir='ltr'>ordinis,</span> <span class='ocrx_word' id='word_1_284' title='bbox 1865 887 1901 918; x_wconf 87' lang='lat' dir='ltr'>ad</span> <span class='ocrx_word' id='word_1_285' title='bbox 1913 897 1965 918; x_wconf 88' lang='lat' dir='ltr'>nos</span> <span class='ocrx_word' id='word_1_286' title='bbox 1976 887 2116 918; x_wconf 87' lang='lat' dir='ltr'>destinatis</span> <span class='ocrx_word' id='word_1_287' title='bbox 2129 896 2182 927; x_wconf 88' lang='lat' dir='ltr'>pro</span> <span class='ocrx_word' id='word_1_288' title='bbox 2200 888 2308 917; x_wconf 84' lang='lat' dir='ltr'>interce</span> <span class='ocrx_word' id='word_1_289' title='bbox 2327 886 2413 916; x_wconf 89' lang='lat' dir='ltr'>tioni-</span> 
     </span>
     <span class='ocr_line' id='line_1_36' title="bbox 1353 922 2412 965; baseline 0.002 -12"><span class='ocrx_word' id='word_1_290' title='bbox 1353 923 1404 954; x_wconf 87' lang='lat' dir='ltr'>bus</span> <span class='ocrx_word' id='word_1_291' title='bbox 1425 925 1454 954; x_wconf 88' lang='lat' dir='ltr'>in</span> <span class='ocrx_word' id='word_1_292' title='bbox 1478 933 1547 955; x_wconf 90' lang='lat' dir='ltr'>terra</span> <span class='ocrx_word' id='word_1_293' title='bbox 1568 923 1663 954; x_wconf 88' lang='lat' dir='ltr'>nostra</span> <span class='ocrx_word' id='word_1_294' title='bbox 1684 924 1763 955; x_wconf 63' lang='lat' dir='ltr'>factis</span> <span class='ocrx_word' id='word_1_295' title='bbox 1778 925 1858 964; x_wconf 85' lang='lat' dir='ltr'>super</span> <span class='ocrx_word' id='word_1_296' title='bbox 1871 934 1967 965; x_wconf 86' lang='lat' dir='ltr'>treuga</span> <span class='ocrx_word' id='word_1_297' title='bbox 1980 926 2042 964; x_wconf 90' lang='lat' dir='ltr'>illa,</span> <span class='ocrx_word' id='word_1_298' title='bbox 2058 922 2286 963; x_wconf 83' lang='lat' dir='ltr'>Mercatoribus,</span> <span class='ocrx_word' id='word_1_299' title='bbox 2324 934 2342 954; x_wconf 87' lang='lat' dir='ltr'>e</span> <span class='ocrx_word' id='word_1_300' title='bbox 2357 932 2412 962; x_wconf 81' lang='lat' dir='ltr'>po-</span> 
     </span>
     <span class='ocr_line' id='line_1_37' title="bbox 1353 961 2411 1003; baseline 0 -11"><span class='ocrx_word' id='word_1_301' title='bbox 1353 961 1451 992; x_wconf 85' lang='lat' dir='ltr'>testate</span> <span class='ocrx_word' id='word_1_302' title='bbox 1470 962 1593 1001; x_wconf 86' lang='lat' dir='ltr'>ejusdem</span> <span class='ocrx_word' id='word_1_303' title='bbox 1612 962 1701 1002; x_wconf 78' lang='lat' dir='ltr'>Regis</span> <span class='ocrx_word' id='word_1_304' title='bbox 1714 961 1814 994; x_wconf 86' lang='lat' dir='ltr'>Franc.</span> <span class='ocrx_word' id='word_1_305' title='bbox 1832 964 1912 1002; x_wconf 88' lang='lat' dir='ltr'>super</span> <span class='ocrx_word' id='word_1_306' title='bbox 1933 966 1986 995; x_wconf 90' lang='lat' dir='ltr'>hiis</span> <span class='ocrx_word' id='word_1_307' title='bbox 1998 964 2253 1003; x_wconf 84' lang='lat' dir='ltr'>conquerentibus,</span> <span class='ocrx_word' id='word_1_308' title='bbox 2269 962 2349 994; x_wconf 84' lang='lat' dir='ltr'>reddi</span> <span class='ocrx_word' id='word_1_309' title='bbox 2368 962 2411 992; x_wconf 86' lang='lat' dir='ltr'>fe-</span> 
     </span>
     <span class='ocr_line' id='line_1_38' title="bbox 1351 1001 2561 1040; baseline 0.002 -10"><span class='ocrx_word' id='word_1_310' title='bbox 1351 1001 1443 1031; x_wconf 86' lang='lat' dir='ltr'>cimus</span> <span class='ocrx_word' id='word_1_311' title='bbox 1466 1001 1605 1033; x_wconf 83' lang='lat' dir='ltr'>summam</span> <span class='ocrx_word' id='word_1_312' title='bbox 1626 1002 1674 1031; x_wconf 90' lang='lat'>66.</span> <span class='ocrx_word' id='word_1_313' title='bbox 1693 1010 1851 1033; x_wconf 89' lang='lat' dir='ltr'>marcarum</span> <span class='ocrx_word' id='word_1_314' title='bbox 1869 1002 1906 1033; x_wconf 90' lang='lat' dir='ltr'>de</span> <span class='ocrx_word' id='word_1_315' title='bbox 1925 1001 2046 1034; x_wconf 89' lang='lat' dir='ltr'>Camera</span> <span class='ocrx_word' id='word_1_316' title='bbox 2063 1002 2159 1034; x_wconf 91' lang='lat' dir='ltr'>nostra</span> <span class='ocrx_word' id='word_1_317' title='bbox 2179 1002 2216 1033; x_wconf 92' lang='lat' dir='ltr'>de</span> <span class='ocrx_word' id='word_1_318' title='bbox 2234 1002 2254 1022; x_wconf 72' lang='lat'>&#39;¹‘</span> <span class='ocrx_word' id='word_1_319' title='bbox 2276 1002 2328 1033; x_wconf 84' lang='lat' dir='ltr'>hiis</span> <span class='ocrx_word' id='word_1_320' title='bbox 2346 1009 2411 1040; x_wconf 80' lang='lat' dir='ltr'>quae</span> <span class='ocrx_word' id='word_1_321' title='bbox 2432 1011 2447 1028; x_wconf 68' lang='grc' dir='ltr'>σε</span> <span class='ocrx_word' id='word_1_322' title='bbox 2463 1012 2561 1040; x_wconf 67' lang='grc' dir='ltr'>Ῑ,,,οο,</span> 
     </span>
     <span class='ocr_line' id='line_1_39' title="bbox 1352 1039 2411 1080; baseline 0.002 -11"><span class='ocrx_word' id='word_1_323' title='bbox 1352 1039 1424 1069; x_wconf 90' lang='lat' dir='ltr'>clara</span> <span class='ocrx_word' id='word_1_324' title='bbox 1436 1039 1494 1071; x_wconf 83' lang='lat' dir='ltr'>esse</span> <span class='ocrx_word' id='word_1_325' title='bbox 1504 1040 1642 1079; x_wconf 85' lang='lat' dir='ltr'>vidimus,</span> <span class='ocrx_word' id='word_1_326' title='bbox 1661 1047 1691 1069; x_wconf 84' lang='lat' dir='ltr'>ut</span> <span class='ocrx_word' id='word_1_327' title='bbox 1705 1044 1789 1070; x_wconf 81' lang='lat' dir='ltr'>etiam</span> <span class='ocrx_word' id='word_1_328' title='bbox 1802 1042 1916 1079; x_wconf 80' lang='lat' dir='ltr'>omnia,</span> <span class='ocrx_word' id='word_1_329' title='bbox 1933 1051 1997 1079; x_wconf 82' lang='lat' dir='ltr'>quae</span> <span class='ocrx_word' id='word_1_330' title='bbox 2011 1041 2084 1073; x_wconf 85' lang='lat' dir='ltr'>clara</span> <span class='ocrx_word' id='word_1_331' title='bbox 2101 1041 2222 1080; x_wconf 84' lang='lat' dir='ltr'>fuerint,</span> <span class='ocrx_word' id='word_1_332' title='bbox 2239 1041 2277 1072; x_wconf 87' lang='lat' dir='ltr'>eis</span> <span class='ocrx_word' id='word_1_333' title='bbox 2364 1049 2411 1071; x_wconf 88' lang='lat' dir='ltr'>to-</span> 
     </span>
     <span class='ocr_line' id='line_1_40' title="bbox 1352 1077 2410 1119; baseline 0 -10"><span class='ocrx_word' id='word_1_334' title='bbox 1352 1086 1411 1109; x_wconf 88' lang='lat' dir='ltr'>tam</span> <span class='ocrx_word' id='word_1_335' title='bbox 1425 1077 1594 1119; x_wconf 88' lang='lat' dir='ltr'>potestatem</span> <span class='ocrx_word' id='word_1_336' title='bbox 1605 1077 1731 1110; x_wconf 90' lang='lat' dir='ltr'>nostram</span> <span class='ocrx_word' id='word_1_337' title='bbox 1742 1078 1821 1109; x_wconf 88' lang='lat' dir='ltr'>reddi</span> <span class='ocrx_word' id='word_1_338' title='bbox 1833 1081 2017 1117; x_wconf 86' lang='lat' dir='ltr'>praecepimus</span> <span class='ocrx_word' id='word_1_339' title='bbox 2030 1079 2157 1111; x_wconf 89' lang='lat' dir='ltr'>indilate:</span> <span class='ocrx_word' id='word_1_340' title='bbox 2177 1080 2268 1118; x_wconf 84' lang='lat' dir='ltr'>Super</span> <span class='ocrx_word' id='word_1_341' title='bbox 2309 1080 2341 1109; x_wconf 83' lang='lat' dir='ltr'>iis</span> <span class='ocrx_word' id='word_1_342' title='bbox 2359 1088 2410 1110; x_wconf 89' lang='lat' dir='ltr'>ve-</span> 
     </span>
     <span class='ocr_line' id='line_1_41' title="bbox 1352 1117 2412 1157; baseline 0 -9"><span class='ocrx_word' id='word_1_343' title='bbox 1352 1126 1404 1156; x_wconf 89' lang='lat' dir='ltr'>r0,</span> <span class='ocrx_word' id='word_1_344' title='bbox 1421 1128 1485 1156; x_wconf 84' lang='lat' dir='ltr'>quae</span> <span class='ocrx_word' id='word_1_345' title='bbox 1505 1118 1578 1149; x_wconf 89' lang='lat' dir='ltr'>clara</span> <span class='ocrx_word' id='word_1_346' title='bbox 1598 1128 1659 1149; x_wconf 88' lang='lat' dir='ltr'>non</span> <span class='ocrx_word' id='word_1_347' title='bbox 1678 1117 1796 1156; x_wconf 66' lang='lat' dir='ltr'>fuerint,</span> <span class='ocrx_word' id='word_1_348' title='bbox 1814 1117 1949 1149; x_wconf 79' lang='lat' dir='ltr'>faciemus</span> <span class='ocrx_word' id='word_1_349' title='bbox 1971 1117 2107 1157; x_wconf 79' lang='lat' dir='ltr'>quicquid</span> <span class='ocrx_word' id='word_1_350' title='bbox 2128 1128 2182 1151; x_wconf 85' lang='lat' dir='ltr'>vos</span> <span class='ocrx_word' id='word_1_351' title='bbox 2193 1117 2319 1150; x_wconf 79' lang='lat' dir='ltr'>videritis</span> <span class='ocrx_word' id='word_1_352' title='bbox 2333 1118 2412 1157; x_wconf 68' lang='lat' dir='ltr'>jum</span> 
     </span>
     <span class='ocr_line' id='line_1_42' title="bbox 1352 1156 1741 1187; baseline 0.005 -2"><span class='ocrx_word' id='word_1_353' title='bbox 1352 1157 1490 1187; x_wconf 86' lang='lat' dir='ltr'>rationem</span> <span class='ocrx_word' id='word_1_354' title='bbox 1502 1156 1558 1187; x_wconf 85' lang='lat' dir='ltr'>effe</span> <span class='ocrx_word' id='word_1_355' title='bbox 1572 1156 1741 1187; x_wconf 88' lang='lat' dir='ltr'>faciendum.</span> 
     </span>
     <span class='ocr_line' id='line_1_43' title="bbox 1389 1193 2414 1235; baseline -0.001 -10"><span class='ocrx_word' id='word_1_356' title='bbox 1389 1193 1516 1226; x_wconf 87' lang='lat' dir='ltr'>Petimus</span> <span class='ocrx_word' id='word_1_357' title='bbox 1529 1196 1612 1235; x_wconf 82' lang='lat' dir='ltr'>igitur</span> <span class='ocrx_word' id='word_1_358' title='bbox 1627 1205 1674 1234; x_wconf 69' lang='lat' dir='ltr'>ea,</span> <span class='ocrx_word' id='word_1_359' title='bbox 1692 1204 1756 1234; x_wconf 85' lang='lat' dir='ltr'>quae</span> <span class='ocrx_word' id='word_1_360' title='bbox 1768 1203 1832 1235; x_wconf 84' lang='lat' dir='ltr'>erga</span> <span class='ocrx_word' id='word_1_361' title='bbox 1843 1205 1914 1234; x_wconf 84' lang='lat' dir='ltr'>nos,</span> <span class='ocrx_word' id='word_1_362' title='bbox 1931 1196 1961 1226; x_wconf 86' lang='lat' dir='ltr'>in</span> <span class='ocrx_word' id='word_1_363' title='bbox 1975 1203 2072 1235; x_wconf 87' lang='lat' dir='ltr'>treuga</span> <span class='ocrx_word' id='word_1_364' title='bbox 2086 1195 2148 1234; x_wconf 79' lang='lat' dir='ltr'>ina,</span> <span class='ocrx_word' id='word_1_365' title='bbox 2164 1193 2228 1225; x_wconf 86' lang='lat' dir='ltr'>sunt</span> <span class='ocrx_word' id='word_1_366' title='bbox 2242 1194 2414 1233; x_wconf 88' lang='lat' dir='ltr'>intercepta,</span> 
     </span>
     <span class='ocr_line' id='line_1_44' title="bbox 1351 1233 2414 1302; baseline 0 -39"><span class='ocrx_word' id='word_1_367' title='bbox 1351 1233 1434 1263; x_wconf 88' lang='lat' dir='ltr'>nobis</span> <span class='ocrx_word' id='word_1_368' title='bbox 1453 1243 1502 1272; x_wconf 84' lang='lat' dir='ltr'>per</span> <span class='ocrx_word' id='word_1_369' title='bbox 1524 1243 1595 1273; x_wconf 74' lang='lat' dir='ltr'>VOS,</span> <span class='ocrx_word' id='word_1_370' title='bbox 1612 1243 1644 1265; x_wconf 92' lang='lat' dir='ltr'>ut</span> <span class='ocrx_word' id='word_1_371' title='bbox 1666 1233 1765 1274; x_wconf 89' lang='lat' dir='ltr'>decet,</span> <span class='ocrx_word' id='word_1_372' title='bbox 1782 1234 1944 1272; x_wconf 87' lang='lat' dir='ltr'>emendari,</span> <span class='ocrx_word' id='word_1_373' title='bbox 1961 1233 2095 1265; x_wconf 90' lang='lat' dir='ltr'>videlicet</span> <span class='ocrx_word' id='word_1_374' title='bbox 2106 1234 2245 1273; x_wconf 65' lang='lat' dir='ltr'>jadiuram</span> <span class='ocrx_word' id='word_1_375' title='bbox 2261 1233 2414 1302; x_wconf 53' lang='grc' dir='ltr'>(ζιιιὲηὲετι-</span> 
     </span>
     <span class='ocr_line' id='line_1_45' title="bbox 1349 1271 2414 1315; baseline 0.001 -14"><span class='ocrx_word' id='word_1_376' title='bbox 1349 1279 1442 1302; x_wconf 84' lang='lat' dir='ltr'>tarum</span> <span class='ocrx_word' id='word_1_377' title='bbox 1457 1271 1577 1303; x_wconf 89' lang='lat' dir='ltr'>millium</span> <span class='ocrx_word' id='word_1_378' title='bbox 1589 1272 1756 1304; x_wconf 82' lang='lat' dir='ltr'>Marcarum</span> <span class='ocrx_word' id='word_1_379' title='bbox 1767 1273 1802 1305; x_wconf 76' lang='grc' dir='ltr'>δε</span> <span class='ocrx_word' id='word_1_380' title='bbox 1816 1283 1854 1304; x_wconf 84' lang='lat' dir='ltr'>eo</span> <span class='ocrx_word' id='word_1_381' title='bbox 1867 1273 2002 1312; x_wconf 74' lang='lat' dir='ltr'>amplius3</span> <span class='ocrx_word' id='word_1_382' title='bbox 2016 1281 2118 1311; x_wconf 84' lang='lat' dir='ltr'>quam,</span> <span class='ocrx_word' id='word_1_383' title='bbox 2136 1282 2185 1311; x_wconf 90' lang='lat' dir='ltr'>per</span> <span class='ocrx_word' id='word_1_384' title='bbox 2197 1271 2290 1315; x_wconf 82' lang='lat' dir='ltr'>ipsum</span> <span class='ocrx_word' id='word_1_385' title='bbox 2331 1280 2414 1311; x_wconf 86' lang='lat' dir='ltr'>egem</span> 
     </span>
     <span class='ocr_line' id='line_1_46' title="bbox 1350 1310 2414 1352; baseline -0.001 -12"><span class='ocrx_word' id='word_1_386' title='bbox 1350 1310 1386 1340; x_wconf 75' lang='grc' dir='ltr'>δε</span> <span class='ocrx_word' id='word_1_387' title='bbox 1398 1310 1476 1349; x_wconf 67' lang='lat' dir='ltr'>sum,</span> <span class='ocrx_word' id='word_1_388' title='bbox 1495 1321 1547 1342; x_wconf 88' lang='lat' dir='ltr'>nos</span> <span class='ocrx_word' id='word_1_389' title='bbox 1562 1312 1597 1342; x_wconf 90' lang='lat'>&amp;</span> <span class='ocrx_word' id='word_1_390' title='bbox 1611 1311 1726 1342; x_wconf 89' lang='lat' dir='ltr'>nostros</span> <span class='ocrx_word' id='word_1_391' title='bbox 1755 1311 1793 1342; x_wconf 91' lang='lat' dir='ltr'>de</span> <span class='ocrx_word' id='word_1_392' title='bbox 1806 1321 1896 1352; x_wconf 88' lang='lat' dir='ltr'>regno</span> <span class='ocrx_word' id='word_1_393' title='bbox 1913 1311 2041 1350; x_wconf 76' lang='lat' dir='ltr'>Angliae,</span> <span class='ocrx_word' id='word_1_394' title='bbox 2059 1321 2117 1341; x_wconf 89' lang='lat' dir='ltr'>con</span> <span class='ocrx_word' id='word_1_395' title='bbox 2140 1311 2262 1342; x_wconf 89' lang='lat' dir='ltr'>uerimur</span> <span class='ocrx_word' id='word_1_396' title='bbox 2283 1311 2414 1340; x_wconf 68' lang='lat' dir='ltr'>incurris-</span> 
     </span>
     <span class='ocr_line' id='line_1_47' title="bbox 1350 1334 2414 1390; baseline 0 -11"><span class='ocrx_word' id='word_1_397' title='bbox 1350 1347 1393 1378; x_wconf 88' lang='lat' dir='ltr'>se:</span> <span class='ocrx_word' id='word_1_398' title='bbox 1413 1349 1491 1388; x_wconf 92' lang='lat' dir='ltr'>quod</span> <span class='ocrx_word' id='word_1_399' title='bbox 1506 1349 1676 1380; x_wconf 88' lang='lat' dir='ltr'>evidentiam</span> <span class='ocrx_word' id='word_1_400' title='bbox 1690 1334 1877 1390; x_wconf 69' lang='lat' dir='ltr'>habebimus,</span> <span class='ocrx_word' id='word_1_401' title='bbox 1893 1349 2050 1381; x_wconf 83' lang='lat' dir='ltr'>secundum</span> <span class='ocrx_word' id='word_1_402' title='bbox 2064 1359 2104 1388; x_wconf 86' lang='lat' dir='ltr'>qu</span> <span class='ocrx_word' id='word_1_403' title='bbox 2156 1359 2210 1381; x_wconf 86' lang='lat' dir='ltr'>vos</span> <span class='ocrx_word' id='word_1_404' title='bbox 2223 1348 2414 1387; x_wconf 82' lang='lat' dir='ltr'>decreveritis,</span> 
     </span>
     <span class='ocr_line' id='line_1_48' title="bbox 1350 1388 1778 1420; baseline 0.002 -3"><span class='ocrx_word' id='word_1_405' title='bbox 1350 1396 1403 1417; x_wconf 86' lang='lat' dir='ltr'>nos</span> <span class='ocrx_word' id='word_1_406' title='bbox 1415 1388 1474 1419; x_wconf 90' lang='lat' dir='ltr'>hoc</span> <span class='ocrx_word' id='word_1_407' title='bbox 1487 1388 1551 1419; x_wconf 88' lang='lat' dir='ltr'>fore</span> <span class='ocrx_word' id='word_1_408' title='bbox 1563 1388 1778 1420; x_wconf 84' lang='lat' dir='ltr'>monstraturos.</span> 
     </span>
    </p>
   </div>
   <div class='ocr_carea' id='block_1_7' title="bbox 182 1039 403 1084">
    <p class='ocr_par' dir='ltr' id='par_1_9' title="bbox 182 1039 403 1084">
     <span class='ocr_line' id='line_1_49' title="bbox 182 1039 403 1084; baseline 0.005 -10"><span class='ocrx_word' id='word_1_409' title='bbox 182 1039 195 1050; x_wconf 65' lang='lat'>⁴·</span> <span class='ocrx_word' id='word_1_410' title='bbox 254 1043 403 1084; x_wconf 54' lang='lat' dir='ltr'>ustibus,</span> 
     </span>
    </p>
   </div>
   <div class='ocr_carea' id='block_1_8' title="bbox 256 1123 765 1356">
    <p class='ocr_par' dir='ltr' id='par_1_10' title="bbox 256 1123 643 1164">
     <span class='ocr_line' id='line_1_50' title="bbox 256 1123 643 1164; baseline 0.016 -15"><span class='ocrx_word' id='word_1_411' title='bbox 256 1123 290 1151; x_wconf 88' lang='lat' dir='ltr'>P.</span> <span class='ocrx_word' id='word_1_412' title='bbox 311 1124 493 1164; x_wconf 74' lang='lat' dir='ltr'>lVintom‘enfi</span> <span class='ocrx_word' id='word_1_413' title='bbox 506 1123 643 1164; x_wconf 72' lang='lat' dir='ltr'>Eptfiopo,</span> 
     </span>
    </p>

    <p class='ocr_par' dir='ltr' id='par_1_11' title="bbox 257 1161 598 1202">
     <span class='ocr_line' id='line_1_51' title="bbox 257 1161 598 1202; baseline 0.015 -14"><span class='ocrx_word' id='word_1_414' title='bbox 257 1161 302 1189; x_wconf 83' lang='lat' dir='ltr'><em>W</em></span> <span class='ocrx_word' id='word_1_415' title='bbox 323 1164 423 1190; x_wconf 80' lang='lat' dir='ltr'>comite</span> <span class='ocrx_word' id='word_1_416' title='bbox 438 1164 598 1202; x_wconf 76' lang='lat' dir='ltr'>Waremtae,</span> 
     </span>
    </p>

    <p class='ocr_par' dir='ltr' id='par_1_12' title="bbox 256 1200 549 1240">
     <span class='ocr_line' id='line_1_52' title="bbox 256 1200 549 1240; baseline 0.014 -14"><span class='ocrx_word' id='word_1_417' title='bbox 256 1200 291 1227; x_wconf 87' lang='lat' dir='ltr'>R.</span> <span class='ocrx_word' id='word_1_418' title='bbox 311 1202 411 1228; x_wconf 77' lang='lat' dir='ltr'>comite</span> <span class='ocrx_word' id='word_1_419' title='bbox 425 1200 549 1240; x_wconf 78' lang='lat' dir='ltr'>Cestriae,</span> 
     </span>
    </p>

    <p class='ocr_par' dir='ltr' id='par_1_13' title="bbox 258 1240 589 1278">
     <span class='ocr_line' id='line_1_53' title="bbox 258 1240 589 1278; baseline 0.015 -13"><span class='ocrx_word' id='word_1_420' title='bbox 258 1240 286 1266; x_wconf 87' lang='lat' dir='ltr'>S.</span> <span class='ocrx_word' id='word_1_421' title='bbox 305 1241 406 1267; x_wconf 77' lang='lat' dir='ltr'>Comire</span> <span class='ocrx_word' id='word_1_422' title='bbox 421 1241 571 1270; x_wconf 80' lang='lat' dir='ltr'>Wintoniae</span> <span class='ocrx_word' id='word_1_423' title='bbox 580 1265 589 1278; x_wconf 86' lang='lat'>,</span> 
     </span>
    </p>

    <p class='ocr_par' dir='ltr' id='par_1_14' title="bbox 258 1277 765 1356">
     <span class='ocr_line' id='line_1_54' title="bbox 258 1277 765 1309; baseline 0.008 -5"><span class='ocrx_word' id='word_1_424' title='bbox 258 1278 293 1305; x_wconf 78' lang='lat' dir='ltr'>G.</span> <span class='ocrx_word' id='word_1_425' title='bbox 312 1277 344 1305; x_wconf 75' lang='lat' dir='ltr'>de</span> <span class='ocrx_word' id='word_1_426' title='bbox 366 1277 543 1307; x_wconf 61' lang='lat' dir='ltr'>Mandcvilla</span> <span class='ocrx_word' id='word_1_427' title='bbox 565 1282 664 1308; x_wconf 73' lang='lat' dir='ltr'>Comite</span> <span class='ocrx_word' id='word_1_428' title='bbox 683 1277 765 1309; x_wconf 87' lang='lat' dir='ltr'>Glou-</span> 
     </span>
     <span class='ocr_line' id='line_1_55' title="bbox 297 1314 592 1356; baseline 0.014 -14"><span class='ocrx_word' id='word_1_429' title='bbox 297 1314 394 1354; x_wconf 73' lang='lat' dir='ltr'>cestriae</span> <span class='ocrx_word' id='word_1_430' title='bbox 407 1314 444 1350; x_wconf 62' lang='grc' dir='ltr'>ὠ·</span> <span class='ocrx_word' id='word_1_431' title='bbox 459 1317 592 1356; x_wconf 75' lang='lat' dir='ltr'>Effi’xiae,</span> 
     </span>
    </p>
   </div>
   <div class='ocr_carea' id='block_1_9' title="bbox 257 1354 634 1394">
    <p class='ocr_par' dir='ltr' id='par_1_15' title="bbox 257 1354 634 1394">
     <span class='ocr_line' id='line_1_56' title="bbox 257 1354 634 1394; baseline 0.005 -12"><span class='ocrx_word' id='word_1_432' title='bbox 257 1354 302 1382; x_wconf 86' lang='lat' dir='ltr'>W.</span> <span class='ocrx_word' id='word_1_433' title='bbox 322 1357 420 1384; x_wconf 75' lang='lat' dir='ltr'>comite</span> <span class='ocrx_word' id='word_1_434' title='bbox 432 1355 463 1384; x_wconf 80' lang='lat' dir='ltr'>de</span> <span class='ocrx_word' id='word_1_435' title='bbox 485 1358 634 1394; x_wconf 78' lang='lat' dir='ltr'>Ferrariis,</span> 
     </span>
    </p>
   </div>
   <div class='ocr_carea' id='block_1_10' title="bbox 802 1127 1132 1356">
    <p class='ocr_par' dir='ltr' id='par_1_16' title="bbox 805 1127 997 1162">
     <span class='ocr_line' id='line_1_57' title="bbox 805 1127 997 1162; baseline -0.01 -6"><span class='ocrx_word' id='word_1_436' title='bbox 805 1127 848 1156; x_wconf 85' lang='lat' dir='ltr'>W.</span> <span class='ocrx_word' id='word_1_437' title='bbox 866 1128 976 1154; x_wconf 58' lang='lat' dir='ltr'>Bria-er</span> <span class='ocrx_word' id='word_1_438' title='bbox 987 1149 997 1162; x_wconf 88' lang='lat'>,</span> 
     </span>
    </p>

    <p class='ocr_par' dir='ltr' id='par_1_17' title="bbox 804 1162 1063 1205">
     <span class='ocr_line' id='line_1_58' title="bbox 804 1162 1063 1205; baseline -0.004 -12"><span class='ocrx_word' id='word_1_439' title='bbox 804 1166 848 1193; x_wconf 84' lang='lat' dir='ltr'>W.</span> <span class='ocrx_word' id='word_1_440' title='bbox 857 1163 920 1205; x_wconf 90' lang='lat' dir='ltr'>filio</span> <span class='ocrx_word' id='word_1_441' title='bbox 935 1162 1063 1202; x_wconf 69' lang='lat' dir='ltr'>GerolAE,</span> 
     </span>
    </p>

    <p class='ocr_par' dir='ltr' id='par_1_18' title="bbox 802 1201 1076 1317">
     <span class='ocr_line' id='line_1_59' title="bbox 804 1201 1076 1240; baseline -0.007 -8"><span class='ocrx_word' id='word_1_442' title='bbox 804 1204 847 1232; x_wconf 64' lang='lat' dir='ltr'>lfV.</span> <span class='ocrx_word' id='word_1_443' title='bbox 867 1203 899 1232; x_wconf 83' lang='lat' dir='ltr'>de</span> <span class='ocrx_word' id='word_1_444' title='bbox 917 1201 1076 1240; x_wconf 76' lang='lat' dir='ltr'>Cantilupo,</span> 
     </span>
     <span class='ocr_line' id='line_1_60' title="bbox 803 1239 1059 1278; baseline -0.004 -8"><span class='ocrx_word' id='word_1_445' title='bbox 803 1243 842 1271; x_wconf 90' lang='lat' dir='ltr'>H.</span> <span class='ocrx_word' id='word_1_446' title='bbox 863 1242 894 1270; x_wconf 86' lang='lat' dir='ltr'>de</span> <span class='ocrx_word' id='word_1_447' title='bbox 910 1239 1059 1278; x_wconf 80' lang='lat' dir='ltr'>Neivillis,</span> 
     </span>
     <span class='ocr_line' id='line_1_61' title="bbox 802 1279 1059 1317; baseline 0 -9"><span class='ocrx_word' id='word_1_448' title='bbox 802 1279 918 1309; x_wconf 79' lang='lat' dir='ltr'>Roberto</span> <span class='ocrx_word' id='word_1_449' title='bbox 931 1279 963 1308; x_wconf 86' lang='lat' dir='ltr'>de</span> <span class='ocrx_word' id='word_1_450' title='bbox 978 1281 1059 1317; x_wconf 81' lang='lat' dir='ltr'>Vere,</span> 
     </span>
    </p>

    <p class='ocr_par' dir='ltr' id='par_1_19' title="bbox 804 1315 1132 1356">
     <span class='ocr_line' id='line_1_62' title="bbox 804 1315 1132 1356; baseline -0.003 -9"><span class='ocrx_word' id='word_1_451' title='bbox 804 1320 848 1348; x_wconf 85' lang='lat' dir='ltr'>W.</span> <span class='ocrx_word' id='word_1_452' title='bbox 867 1318 899 1348; x_wconf 86' lang='lat' dir='ltr'>de</span> <span class='ocrx_word' id='word_1_453' title='bbox 912 1315 1132 1356; x_wconf 71' lang='lat' dir='ltr'>Hunteingefi’ld.</span> 
     </span>
    </p>
   </div>
   <div class='ocr_carea' id='block_1_11' title="bbox 97 3257 224 3288">
    <p class='ocr_par' dir='ltr' id='par_1_20' title="bbox 97 3257 224 3288">
     <span class='ocr_line' id='line_1_63' title="bbox 97 3257 224 3288; baseline 0.008 -1"><span class='ocrx_word' id='word_1_454' title='bbox 97 3257 172 3288; x_wconf 85' lang='lat' dir='ltr'>Ann.</span> <span class='ocrx_word' id='word_1_455' title='bbox 185 3257 224 3288; x_wconf 86' lang='lat' dir='ltr'>D.</span> 
     </span>
    </p>
   </div>
   <div class='ocr_carea' id='block_1_12' title="bbox 118 3305 200 3334">
    <p class='ocr_par' dir='ltr' id='par_1_21' title="bbox 118 3305 200 3334">
     <span class='ocr_line' id='line_1_64' title="bbox 118 3305 200 3334; baseline 0 -9"><span class='ocrx_word' id='word_1_456' title='bbox 118 3305 200 3334; x_wconf 78' lang='lat'>¹215·</span> 
     </span>
    </p>
   </div>
   <div class='ocr_carea' id='block_1_13' title="bbox 94 3394 227 3516">
    <p class='ocr_par' dir='ltr' id='par_1_22' title="bbox 94 3394 227 3516">
     <span class='ocr_line' id='line_1_65' title="bbox 95 3394 221 3445; baseline 0.008 -7"><span class='ocrx_word' id='word_1_457' title='bbox 95 3394 157 3438; x_wconf 51' lang='lat' dir='ltr'>Par:</span> <span class='ocrx_word' id='word_1_458' title='bbox 179 3419 221 3445; x_wconf 87' lang='lat'>17.</span> 
     </span>
     <span class='ocr_line' id='line_1_66' title="bbox 95 3448 193 3486; baseline 0.01 -12"><span class='ocrx_word' id='word_1_459' title='bbox 95 3448 193 3486; x_wconf 82' lang='lat' dir='ltr'>Johan.</span> 
     </span>
     <span class='ocr_line' id='line_1_67' title="bbox 94 3495 227 3516; baseline 0.015 -2"><span class='ocrx_word' id='word_1_460' title='bbox 94 3495 122 3514; x_wconf 76' lang='lat' dir='ltr'>m</span> <span class='ocrx_word' id='word_1_461' title='bbox 135 3495 193 3514; x_wconf 86' lang='lat' dir='ltr'><em>2.n.</em></span> <span class='ocrx_word' id='word_1_462' title='bbox 205 3496 227 3516; x_wconf 85' lang='lat'>1.</span> 
     </span>
    </p>
   </div>
   <div class='ocr_carea' id='block_1_14' title="bbox 254 1429 1313 1546">
    <p class='ocr_par' dir='ltr' id='par_1_23' title="bbox 254 1429 1313 1546">
     <span class='ocr_line' id='line_1_68' title="bbox 293 1429 1313 1471; baseline 0.001 -12"><span class='ocrx_word' id='word_1_463' title='bbox 293 1429 403 1459; x_wconf 88' lang='lat' dir='ltr'>Datum</span> <span class='ocrx_word' id='word_1_464' title='bbox 419 1441 469 1468; x_wconf 88' lang='lat' dir='ltr'>per</span> <span class='ocrx_word' id='word_1_465' title='bbox 481 1441 578 1462; x_wconf 82' lang='lat' dir='ltr'>manus</span> <span class='ocrx_word' id='word_1_466' title='bbox 592 1431 723 1471; x_wconf 76' lang='lat' dir='ltr'>Magistri</span> <span class='ocrx_word' id='word_1_467' title='bbox 736 1433 853 1464; x_wconf 86' lang='lat' dir='ltr'>Ricardi</span> <span class='ocrx_word' id='word_1_468' title='bbox 866 1432 901 1463; x_wconf 94' lang='lat' dir='ltr'>de</span> <span class='ocrx_word' id='word_1_469' title='bbox 916 1432 1043 1464; x_wconf 88' lang='lat' dir='ltr'>Mariscis</span> <span class='ocrx_word' id='word_1_470' title='bbox 1063 1431 1229 1463; x_wconf 84' lang='lat' dir='ltr'>Cancellar&#39;ii</span> <span class='ocrx_word' id='word_1_471' title='bbox 1247 1439 1313 1461; x_wconf 88' lang='lat' dir='ltr'>nos-</span> 
     </span>
     <span class='ocr_line' id='line_1_69' title="bbox 254 1467 1312 1510; baseline 0.003 -13"><span class='ocrx_word' id='word_1_472' title='bbox 254 1469 303 1504; x_wconf 86' lang='lat' dir='ltr'>tri,</span> <span class='ocrx_word' id='word_1_473' title='bbox 320 1467 435 1498; x_wconf 86' lang='lat' dir='ltr'>decimo</span> <span class='ocrx_word' id='word_1_474' title='bbox 448 1471 548 1508; x_wconf 91' lang='lat' dir='ltr'>quinto</span> <span class='ocrx_word' id='word_1_475' title='bbox 561 1470 608 1501; x_wconf 91' lang='lat' dir='ltr'>die</span> <span class='ocrx_word' id='word_1_476' title='bbox 617 1471 737 1508; x_wconf 90' lang='lat' dir='ltr'>Januarii</span> <span class='ocrx_word' id='word_1_477' title='bbox 746 1497 754 1510; x_wconf 92' lang='lat'>,</span> <span class='ocrx_word' id='word_1_478' title='bbox 771 1472 844 1510; x_wconf 87' lang='lat' dir='ltr'>apud</span> <span class='ocrx_word' id='word_1_479' title='bbox 858 1471 984 1503; x_wconf 89' lang='lat' dir='ltr'>Novum</span> <span class='ocrx_word' id='word_1_480' title='bbox 998 1471 1158 1509; x_wconf 90' lang='lat' dir='ltr'>Templum</span> <span class='ocrx_word' id='word_1_481' title='bbox 1173 1469 1312 1509; x_wconf 89' lang='lat' dir='ltr'>London,</span> 
     </span>
     <span class='ocr_line' id='line_1_70' title="bbox 255 1506 766 1546; baseline 0.012 -11"><span class='ocrx_word' id='word_1_482' title='bbox 255 1515 331 1536; x_wconf 83' lang='lat' dir='ltr'>anno</span> <span class='ocrx_word' id='word_1_483' title='bbox 346 1506 441 1546; x_wconf 81' lang='lat' dir='ltr'>Regni</span> <span class='ocrx_word' id='word_1_484' title='bbox 456 1507 545 1538; x_wconf 85' lang='lat' dir='ltr'>nostri</span> <span class='ocrx_word' id='word_1_485' title='bbox 557 1508 670 1540; x_wconf 89' lang='lat' dir='ltr'>decimo</span> <span class='ocrx_word' id='word_1_486' title='bbox 682 1510 766 1541; x_wconf 57' lang='grc' dir='ltr'>[ελ-[ο.</span> 
     </span>
    </p>
   </div>
   <div class='ocr_carea' id='block_1_15' title="bbox 251 1581 1311 1766">
    <p class='ocr_par' dir='ltr' id='par_1_24' title="bbox 251 1581 1311 1766">
     <span class='ocr_line' id='line_1_71' title="bbox 291 1581 1311 1627; baseline 0.004 -15"><span class='ocrx_word' id='word_1_487' title='bbox 291 1581 376 1627; x_wconf 78' lang='lat' dir='ltr'>Nulli</span> <span class='ocrx_word' id='word_1_488' title='bbox 388 1593 458 1627; x_wconf 81' lang='lat' dir='ltr'>ergo</span> <span class='ocrx_word' id='word_1_489' title='bbox 470 1586 591 1616; x_wconf 88' lang='lat' dir='ltr'>omnino</span> <span class='ocrx_word' id='word_1_490' title='bbox 605 1586 755 1616; x_wconf 90' lang='lat' dir='ltr'>hominum</span> <span class='ocrx_word' id='word_1_491' title='bbox 768 1587 848 1618; x_wconf 83' lang='lat' dir='ltr'>liccat</span> <span class='ocrx_word' id='word_1_492' title='bbox 863 1588 936 1618; x_wconf 88' lang='lat' dir='ltr'>hanc</span> <span class='ocrx_word' id='word_1_493' title='bbox 952 1588 1081 1627; x_wconf 81' lang='lat' dir='ltr'>paginam</span> <span class='ocrx_word' id='word_1_494' title='bbox 1098 1586 1224 1618; x_wconf 85' lang='lat' dir='ltr'>nostram</span> <span class='ocrx_word' id='word_1_495' title='bbox 1239 1596 1311 1617; x_wconf 91' lang='lat' dir='ltr'>con-</span> 
     </span>
     <span class='ocr_line' id='line_1_72' title="bbox 253 1620 1310 1664; baseline 0.006 -15"><span class='ocrx_word' id='word_1_496' title='bbox 253 1620 417 1651; x_wconf 82' lang='lat' dir='ltr'>firmationis</span> <span class='ocrx_word' id='word_1_497' title='bbox 428 1623 594 1663; x_wconf 81' lang='lat' dir='ltr'>infringere,</span> <span class='ocrx_word' id='word_1_498' title='bbox 613 1624 658 1654; x_wconf 84' lang='lat' dir='ltr'>vel</span> <span class='ocrx_word' id='word_1_499' title='bbox 675 1627 698 1655; x_wconf 90' lang='lat' dir='ltr'>ei</span> <span class='ocrx_word' id='word_1_500' title='bbox 711 1625 775 1656; x_wconf 89' lang='lat' dir='ltr'>ausu</span> <span class='ocrx_word' id='word_1_501' title='bbox 789 1628 939 1657; x_wconf 89' lang='lat' dir='ltr'>temerario</span> <span class='ocrx_word' id='word_1_502' title='bbox 952 1628 1108 1664; x_wconf 80' lang='lat' dir='ltr'>contraire;</span> <span class='ocrx_word' id='word_1_503' title='bbox 1120 1625 1202 1664; x_wconf 80' lang='lat' dir='ltr'>siquis</span> <span class='ocrx_word' id='word_1_504' title='bbox 1214 1634 1310 1656; x_wconf 89' lang='lat' dir='ltr'>autern</span> 
     </span>
     <span class='ocr_line' id='line_1_73' title="bbox 253 1659 1311 1704; baseline 0.006 -16"><span class='ocrx_word' id='word_1_505' title='bbox 253 1659 311 1689; x_wconf 85' lang='lat' dir='ltr'>hoc</span> <span class='ocrx_word' id='word_1_506' title='bbox 337 1667 499 1698; x_wconf 85' lang='lat' dir='ltr'>attemptare</span> <span class='ocrx_word' id='word_1_507' title='bbox 524 1662 746 1702; x_wconf 62' lang='lat' dir='ltr'>praesumpserit,</span> <span class='ocrx_word' id='word_1_508' title='bbox 781 1664 1000 1704; x_wconf 84' lang='lat' dir='ltr'>indignationem</span> <span class='ocrx_word' id='word_1_509' title='bbox 1029 1665 1233 1702; x_wconf 89' lang='lat' dir='ltr'>omnipotentis</span> <span class='ocrx_word' id='word_1_510' title='bbox 1251 1663 1311 1694; x_wconf 88' lang='lat' dir='ltr'>Dei</span> 
     </span>
     <span class='ocr_line' id='line_1_74' title="bbox 251 1697 1309 1742; baseline 0.006 -15"><span class='ocrx_word' id='word_1_511' title='bbox 251 1697 286 1728; x_wconf 90' lang='lat'>&amp;</span> <span class='ocrx_word' id='word_1_512' title='bbox 305 1698 453 1729; x_wconf 88' lang='lat' dir='ltr'>beatorum</span> <span class='ocrx_word' id='word_1_513' title='bbox 473 1699 550 1730; x_wconf 89' lang='lat' dir='ltr'>Petri</span> <span class='ocrx_word' id='word_1_514' title='bbox 570 1701 603 1731; x_wconf 89' lang='lat'>&amp;</span> <span class='ocrx_word' id='word_1_515' title='bbox 622 1700 699 1732; x_wconf 87' lang='lat' dir='ltr'>Pauli</span> <span class='ocrx_word' id='word_1_516' title='bbox 720 1702 928 1740; x_wconf 85' lang='lat' dir='ltr'>Apostolorum</span> <span class='ocrx_word' id='word_1_517' title='bbox 946 1705 1003 1742; x_wconf 87' lang='lat' dir='ltr'>ejus</span> <span class='ocrx_word' id='word_1_518' title='bbox 1021 1702 1048 1734; x_wconf 89' lang='lat' dir='ltr'>se</span> <span class='ocrx_word' id='word_1_519' title='bbox 1061 1703 1172 1735; x_wconf 89' lang='lat' dir='ltr'>noverit</span> <span class='ocrx_word' id='word_1_520' title='bbox 1185 1703 1309 1734; x_wconf 81' lang='lat' dir='ltr'>incursu-</span> 
     </span>
     <span class='ocr_line' id='line_1_75' title="bbox 253 1745 325 1766; baseline 0 -1"><span class='ocrx_word' id='word_1_521' title='bbox 253 1745 325 1766; x_wconf 84' lang='lat' dir='ltr'>rum.</span> 
     </span>
    </p>
   </div>
   <div class='ocr_carea' id='block_1_16' title="bbox 251 1811 1310 1883">
    <p class='ocr_par' dir='ltr' id='par_1_25' title="bbox 251 1811 1310 1883">
     <span class='ocr_line' id='line_1_76' title="bbox 251 1811 1310 1882; baseline 0.007 -40"><span class='ocrx_word' id='word_1_522' title='bbox 251 1811 547 1882; x_wconf 25' lang='lat' dir='ltr'>de1³3at11m‘5{2ateran.</span> <span class='ocrx_word' id='word_1_523' title='bbox 565 1816 648 1846; x_wconf 88' lang='lat' dir='ltr'>tertio</span> <span class='ocrx_word' id='word_1_524' title='bbox 662 1816 782 1847; x_wconf 84' lang='lat' dir='ltr'>Kalend.</span> <span class='ocrx_word' id='word_1_525' title='bbox 801 1817 919 1857; x_wconf 84' lang='lat' dir='ltr'>Aprilis,</span> <span class='ocrx_word' id='word_1_526' title='bbox 935 1817 1118 1849; x_wconf 86' lang='lat' dir='ltr'>Pontificatus</span> <span class='ocrx_word' id='word_1_527' title='bbox 1130 1817 1220 1849; x_wconf 87' lang='lat' dir='ltr'>nostri</span> <span class='ocrx_word' id='word_1_528' title='bbox 1233 1828 1310 1850; x_wconf 84' lang='lat' dir='ltr'>anno</span> 
     </span>
     <span class='ocr_line' id='line_1_77' title="bbox 289 1860 495 1883; baseline 0.015 -3"><span class='ocrx_word' id='word_1_529' title='bbox 289 1860 367 1881; x_wconf 81' lang='lat' dir='ltr'>cimo</span> <span class='ocrx_word' id='word_1_530' title='bbox 381 1862 401 1882; x_wconf 92' lang='lat' dir='ltr'>o</span> <span class='ocrx_word' id='word_1_531' title='bbox 432 1862 495 1883; x_wconf 80' lang='lat' dir='ltr'>avo.</span> 
     </span>
    </p>
   </div>
   <div class='ocr_carea' id='block_1_17' title="bbox 363 1926 1272 1974">
    <p class='ocr_par' dir='ltr' id='par_1_26' title="bbox 363 1926 1272 1974">
     <span class='ocr_line' id='line_1_78' title="bbox 363 1926 1272 1974; baseline 0.009 -19"><span class='ocrx_word' id='word_1_532' title='bbox 363 1926 416 1959; x_wconf 83' lang='lat' dir='ltr'>Sub</span> <span class='ocrx_word' id='word_1_533' title='bbox 426 1926 546 1966; x_wconf 81' lang='lat' dir='ltr'>plumbeo</span> <span class='ocrx_word' id='word_1_534' title='bbox 562 1928 650 1968; x_wconf 74' lang='lat' dir='ltr'>sigillo</span> <span class='ocrx_word' id='word_1_535' title='bbox 658 1932 737 1969; x_wconf 78' lang='lat' dir='ltr'>pend.</span> <span class='ocrx_word' id='word_1_536' title='bbox 747 1943 765 1960; x_wconf 85' lang='lat' dir='ltr'>a</span> <span class='ocrx_word' id='word_1_537' title='bbox 772 1932 833 1974; x_wconf 78' lang='lat' dir='ltr'>filis</span> <span class='ocrx_word' id='word_1_538' title='bbox 839 1931 933 1972; x_wconf 62' lang='lat' dir='ltr'>sericis</span> <span class='ocrx_word' id='word_1_539' title='bbox 939 1932 1019 1972; x_wconf 74' lang='lat' dir='ltr'>flavi</span> <span class='ocrx_word' id='word_1_540' title='bbox 1032 1932 1157 1973; x_wconf 74' lang='lat' dir='ltr'>rubeique</span> <span class='ocrx_word' id='word_1_541' title='bbox 1173 1932 1272 1963; x_wconf 78' lang='lat' dir='ltr'>coloris.</span> 
     </span>
    </p>
   </div>
   <div class='ocr_carea' id='block_1_18' title="bbox 270 2014 1286 2022">
    <p class='ocr_par' dir='ltr' id='par_1_27' title="bbox 270 2014 1286 2022">
     <span class='ocr_line' id='line_1_79' title="bbox 270 2014 1286 2022; baseline 0 0"><span class='ocrx_word' id='word_1_542' title='bbox 270 2014 1286 2022; x_wconf 95' lang='lat' dir='ltr'> </span> 
     </span>
    </p>
   </div>
   <div class='ocr_carea' id='block_1_19' title="bbox 225 2056 1310 2160">
    <p class='ocr_par' dir='ltr' id='par_1_28' title="bbox 225 2056 1310 2160">
     <span class='ocr_line' id='line_1_80' title="bbox 225 2056 1310 2114; baseline 0.007 -22"><span class='ocrx_word' id='word_1_543' title='bbox 225 2100 232 2107; x_wconf 41' lang='lat'><strong>·</strong></span> <span class='ocrx_word' id='word_1_544' title='bbox 254 2056 281 2083; x_wconf 48' lang='grc' dir='ltr'>*ξ</span> <span class='ocrx_word' id='word_1_545' title='bbox 314 2059 412 2106; x_wconf 74' lang='lat' dir='ltr'>Qod</span> <span class='ocrx_word' id='word_1_546' title='bbox 435 2064 603 2109; x_wconf 67' lang='lat' dir='ltr'>splagnates</span> <span class='ocrx_word' id='word_1_547' title='bbox 631 2063 747 2111; x_wconf 80' lang='lat' dir='ltr'>Angliae</span> <span class='ocrx_word' id='word_1_548' title='bbox 768 2064 894 2109; x_wconf 76' lang='lat' dir='ltr'>sblitum</span> <span class='ocrx_word' id='word_1_549' title='bbox 918 2062 958 2097; x_wconf 77' lang='lat' dir='ltr'>ab</span> <span class='ocrx_word' id='word_1_550' title='bbox 977 2068 1100 2113; x_wconf 76' lang='lat' dir='ltr'>antiquo</span> <span class='ocrx_word' id='word_1_551' title='bbox 1130 2068 1310 2114; x_wconf 77' lang='lat' dir='ltr'>Scutagium</span> 
     </span>
     <span class='ocr_line' id='line_1_81' title="bbox 578 2110 990 2160; baseline 0.007 -17"><span class='ocrx_word' id='word_1_552' title='bbox 578 2111 733 2144; x_wconf 81' lang='lat' dir='ltr'>redderent</span> <span class='ocrx_word' id='word_1_553' title='bbox 747 2110 888 2158; x_wconf 78' lang='lat' dir='ltr'>Johanm&#39;</span> <span class='ocrx_word' id='word_1_554' title='bbox 903 2116 990 2160; x_wconf 82' lang='lat' dir='ltr'>Regi.</span> 
     </span>
    </p>
   </div>
   <div class='ocr_carea' id='block_1_20' title="bbox 200 2193 1309 2890">
    <p class='ocr_par' dir='ltr' id='par_1_29' title="bbox 200 2193 1309 2576">
     <span class='ocr_line' id='line_1_82' title="bbox 253 2193 1309 2254; baseline 0.006 -29"><span class='ocrx_word' id='word_1_555' title='bbox 253 2193 474 2254; x_wconf 86' lang='lat' dir='ltr'>INnocentius</span> <span class='ocrx_word' id='word_1_556' title='bbox 493 2195 665 2236; x_wconf 74' lang='lat' dir='ltr'>Episcopus,</span> <span class='ocrx_word' id='word_1_557' title='bbox 682 2198 773 2229; x_wconf 78' lang='lat' dir='ltr'>servus</span> <span class='ocrx_word' id='word_1_558' title='bbox 789 2197 934 2229; x_wconf 76' lang='lat' dir='ltr'>servorum</span> <span class='ocrx_word' id='word_1_559' title='bbox 955 2197 1032 2237; x_wconf 85' lang='lat' dir='ltr'>Dei,</span> <span class='ocrx_word' id='word_1_560' title='bbox 1049 2198 1156 2231; x_wconf 63' lang='lat' dir='ltr'>dileetis</span> <span class='ocrx_word' id='word_1_561' title='bbox 1172 2199 1234 2231; x_wconf 84' lang='lat' dir='ltr'>filiis</span> <span class='ocrx_word' id='word_1_562' title='bbox 1254 2210 1309 2232; x_wconf 87' lang='lat' dir='ltr'>no-</span> 
     </span>
     <span class='ocr_line' id='line_1_83' title="bbox 227 2233 1308 2279; baseline 0.006 -16"><span class='ocrx_word' id='word_1_563' title='bbox 227 2237 234 2244; x_wconf 71' lang='lat'><strong>·</strong></span> <span class='ocrx_word' id='word_1_564' title='bbox 299 2233 400 2277; x_wconf 81' lang='lat' dir='ltr'>bilibus</span> <span class='ocrx_word' id='word_1_565' title='bbox 413 2236 494 2273; x_wconf 88' lang='lat' dir='ltr'>viris,</span> <span class='ocrx_word' id='word_1_566' title='bbox 513 2235 708 2275; x_wconf 83' lang='lat' dir='ltr'>Magnatibus,</span> <span class='ocrx_word' id='word_1_567' title='bbox 725 2236 878 2268; x_wconf 90' lang='lat' dir='ltr'>Baronibus</span> <span class='ocrx_word' id='word_1_568' title='bbox 889 2238 923 2269; x_wconf 70' lang='grc' dir='ltr'>δε</span> <span class='ocrx_word' id='word_1_569' title='bbox 944 2236 1160 2278; x_wconf 78' lang='lat' dir='ltr'>Militibus‚per</span> <span class='ocrx_word' id='word_1_570' title='bbox 1174 2238 1308 2279; x_wconf 78' lang='lat' dir='ltr'>Angliam</span> 
     </span>
     <span class='ocr_line' id='line_1_84' title="bbox 200 2271 1053 2317; baseline 0.002 -14"><span class='ocrx_word' id='word_1_571' title='bbox 200 2276 206 2282; x_wconf 87' lang='grc'><em>“</em></span> <span class='ocrx_word' id='word_1_572' title='bbox 252 2271 427 2316; x_wconf 71' lang='lat' dir='ltr'>constitutis,</span> <span class='ocrx_word' id='word_1_573' title='bbox 443 2273 557 2317; x_wconf 72' lang='lat' dir='ltr'>salutern</span> <span class='ocrx_word' id='word_1_574' title='bbox 571 2276 605 2306; x_wconf 85' lang='lat'>&amp;</span> <span class='ocrx_word' id='word_1_575' title='bbox 620 2275 803 2313; x_wconf 84' lang='lat' dir='ltr'>apostolicam</span> <span class='ocrx_word' id='word_1_576' title='bbox 813 2275 1053 2307; x_wconf 64' lang='lat' dir='ltr'>benedictionem.</span> 
     </span>
     <span class='ocr_line' id='line_1_85' title="bbox 208 2309 1308 2356; baseline 0.007 -16"><span class='ocrx_word' id='word_1_577' title='bbox 208 2312 214 2319; x_wconf 81' lang='lat'><strong>‘</strong></span> <span class='ocrx_word' id='word_1_578' title='bbox 289 2309 462 2356; x_wconf 61' lang='lat' dir='ltr'>Siwnificavit</span> <span class='ocrx_word' id='word_1_579' title='bbox 475 2313 558 2343; x_wconf 91' lang='lat' dir='ltr'>nobis</span> <span class='ocrx_word' id='word_1_580' title='bbox 567 2313 719 2345; x_wconf 80' lang='lat' dir='ltr'>carissimus</span> <span class='ocrx_word' id='word_1_581' title='bbox 731 2315 761 2344; x_wconf 89' lang='lat' dir='ltr'>in</span> <span class='ocrx_word' id='word_1_582' title='bbox 772 2313 890 2346; x_wconf 83' lang='lat' dir='ltr'>Christo</span> <span class='ocrx_word' id='word_1_583' title='bbox 903 2313 973 2345; x_wconf 88' lang='lat' dir='ltr'>filius</span> <span class='ocrx_word' id='word_1_584' title='bbox 986 2314 1082 2345; x_wconf 87' lang='lat' dir='ltr'>noster</span> <span class='ocrx_word' id='word_1_585' title='bbox 1091 2315 1235 2356; x_wconf 74' lang='lat' dir='ltr'>Johannes</span> <span class='ocrx_word' id='word_1_586' title='bbox 1242 2316 1308 2348; x_wconf 77' lang='lat' dir='ltr'>Rex</span> 
     </span>
     <span class='ocr_line' id='line_1_86' title="bbox 252 2334 1308 2394; baseline 0.007 -15"><span class='ocrx_word' id='word_1_587' title='bbox 252 2334 412 2394; x_wconf 62' lang='lat' dir='ltr'>Anglorum</span> <span class='ocrx_word' id='word_1_588' title='bbox 423 2350 549 2391; x_wconf 87' lang='lat' dir='ltr'>illustris,</span> <span class='ocrx_word' id='word_1_589' title='bbox 567 2352 664 2391; x_wconf 86' lang='lat' dir='ltr'>quod,</span> <span class='ocrx_word' id='word_1_590' title='bbox 682 2353 752 2383; x_wconf 78' lang='lat' dir='ltr'>cum</span> <span class='ocrx_word' id='word_1_591' title='bbox 763 2352 978 2390; x_wconf 67' lang='lat' dir='ltr'>praedecessores</span> <span class='ocrx_word' id='word_1_592' title='bbox 992 2352 1076 2383; x_wconf 86' lang='lat' dir='ltr'>vestri</span> <span class='ocrx_word' id='word_1_593' title='bbox 1089 2354 1146 2385; x_wconf 82' lang='lat' dir='ltr'>Seu</span> <span class='ocrx_word' id='word_1_594' title='bbox 1204 2366 1252 2386; x_wconf 91' lang='lat' dir='ltr'>um</span> <span class='ocrx_word' id='word_1_595' title='bbox 1272 2356 1308 2386; x_wconf 92' lang='lat' dir='ltr'>de</span> 
     </span>
     <span class='ocr_line' id='line_1_87' title="bbox 243 2363 1308 2430; baseline 0.007 -13"><span class='ocrx_word' id='word_1_596' title='bbox 243 2386 374 2418; x_wconf 68' lang='lat' dir='ltr'>⁴Baronus</span> <span class='ocrx_word' id='word_1_597' title='bbox 382 2412 392 2428; x_wconf 83' lang='lat'>,</span> <span class='ocrx_word' id='word_1_598' title='bbox 409 2399 476 2428; x_wconf 86' lang='lat' dir='ltr'>quas</span> <span class='ocrx_word' id='word_1_599' title='bbox 489 2391 587 2420; x_wconf 88' lang='lat' dir='ltr'>tenetis</span> <span class='ocrx_word' id='word_1_600' title='bbox 602 2392 638 2421; x_wconf 88' lang='lat' dir='ltr'>ab</span> <span class='ocrx_word' id='word_1_601' title='bbox 651 2401 687 2421; x_wconf 92' lang='lat' dir='ltr'>eo</span> <span class='ocrx_word' id='word_1_602' title='bbox 695 2416 704 2429; x_wconf 88' lang='lat'>,</span> <span class='ocrx_word' id='word_1_603' title='bbox 718 2391 847 2430; x_wconf 87' lang='lat' dir='ltr'>Regibus</span> <span class='ocrx_word' id='word_1_604' title='bbox 859 2391 906 2422; x_wconf 90' lang='lat' dir='ltr'>An</span> <span class='ocrx_word' id='word_1_605' title='bbox 926 2392 971 2422; x_wconf 85' lang='lat' dir='ltr'>liae</span> <span class='ocrx_word' id='word_1_606' title='bbox 983 2391 1099 2423; x_wconf 84' lang='lat' dir='ltr'>reddere</span> <span class='ocrx_word' id='word_1_607' title='bbox 1110 2363 1308 2425; x_wconf 53' lang='lat' dir='ltr'>coffieverint</span> 
     </span>
     <span class='ocr_line' id='line_1_88' title="bbox 249 2425 1306 2471; baseline 0.007 -15"><span class='ocrx_word' id='word_1_608' title='bbox 249 2425 285 2456; x_wconf 87' lang='lat' dir='ltr'>ab</span> <span class='ocrx_word' id='word_1_609' title='bbox 305 2428 440 2466; x_wconf 85' lang='lat' dir='ltr'>antiquo,</span> <span class='ocrx_word' id='word_1_610' title='bbox 461 2438 494 2458; x_wconf 89' lang='lat' dir='ltr'>ac</span> <span class='ocrx_word' id='word_1_611' title='bbox 517 2430 600 2460; x_wconf 87' lang='lat' dir='ltr'>etiam</span> <span class='ocrx_word' id='word_1_612' title='bbox 620 2439 672 2460; x_wconf 92' lang='lat' dir='ltr'>vos</span> <span class='ocrx_word' id='word_1_613' title='bbox 694 2430 761 2468; x_wconf 83' lang='lat' dir='ltr'>ipfi,</span> <span class='ocrx_word' id='word_1_614' title='bbox 783 2430 869 2468; x_wconf 90' lang='lat' dir='ltr'>usque</span> <span class='ocrx_word' id='word_1_615' title='bbox 885 2441 901 2461; x_wconf 92' lang='lat' dir='ltr'>a</span> <span class='ocrx_word' id='word_1_616' title='bbox 936 2432 1064 2469; x_wconf 85' lang='lat' dir='ltr'>proxima</span> <span class='ocrx_word' id='word_1_617' title='bbox 1082 2440 1226 2471; x_wconf 84' lang='lat' dir='ltr'>tempora,</span> <span class='ocrx_word' id='word_1_618' title='bbox 1256 2433 1306 2463; x_wconf 85' lang='lat' dir='ltr'>sibi</span> 
     </span>
     <span class='ocr_line' id='line_1_89' title="bbox 224 2463 1307 2510; baseline 0.006 -15"><span class='ocrx_word' id='word_1_619' title='bbox 224 2467 230 2474; x_wconf 88' lang='lat'>&#39;</span> <span class='ocrx_word' id='word_1_620' title='bbox 248 2463 397 2496; x_wconf 87' lang='lat' dir='ltr'>noscimini</span> <span class='ocrx_word' id='word_1_621' title='bbox 410 2466 576 2506; x_wconf 72' lang='lat' dir='ltr'>reddidisse,</span> <span class='ocrx_word' id='word_1_622' title='bbox 594 2478 670 2498; x_wconf 92' lang='lat' dir='ltr'>nunc</span> <span class='ocrx_word' id='word_1_623' title='bbox 683 2468 864 2508; x_wconf 80' lang='lat' dir='ltr'>scutagium,</span> <span class='ocrx_word' id='word_1_624' title='bbox 881 2469 931 2507; x_wconf 88' lang='lat' dir='ltr'>ipsi</span> <span class='ocrx_word' id='word_1_625' title='bbox 944 2469 1073 2500; x_wconf 87' lang='lat' dir='ltr'>debitum</span> <span class='ocrx_word' id='word_1_626' title='bbox 1090 2480 1145 2508; x_wconf 91' lang='lat' dir='ltr'>pro</span> <span class='ocrx_word' id='word_1_627' title='bbox 1165 2473 1307 2510; x_wconf 87' lang='lat' dir='ltr'>exercitu,</span> 
     </span>
     <span class='ocr_line' id='line_1_90' title="bbox 248 2505 1306 2576; baseline 0.006 -41"><span class='ocrx_word' id='word_1_628' title='bbox 248 2505 572 2574; x_wconf 41' lang='lat' dir='ltr'>gulirrgrzngirciioprrssccixicdto</span> <span class='ocrx_word' id='word_1_629' title='bbox 581 2507 617 2575; x_wconf 74' lang='lat' dir='ltr'>dn</span> <span class='ocrx_word' id='word_1_630' title='bbox 631 2506 786 2576; x_wconf 58' lang='lat' dir='ltr'>Pieltzliviam</span> <span class='ocrx_word' id='word_1_631' title='bbox 801 2507 898 2546; x_wconf 80' lang='lat' dir='ltr'>duxit,</span> <span class='ocrx_word' id='word_1_632' title='bbox 916 2507 1010 2538; x_wconf 90' lang='lat' dir='ltr'>eidem</span> <span class='ocrx_word' id='word_1_633' title='bbox 1024 2518 1077 2546; x_wconf 88' lang='lat' dir='ltr'>pro</span> <span class='ocrx_word' id='word_1_634' title='bbox 1090 2507 1190 2540; x_wconf 83' lang='lat' dir='ltr'>vestrae</span> <span class='ocrx_word' id='word_1_635' title='bbox 1202 2510 1306 2541; x_wconf 87' lang='lat' dir='ltr'>volun-</span> 
     </span>
     <span class='ocr_line' id='line_1_91' title="bbox 372 2555 729 2576; baseline 0.008 -3"><span class='ocrx_word' id='word_1_636' title='bbox 372 2555 380 2573; x_wconf 90' lang='lat' dir='ltr'>i</span> <span class='ocrx_word' id='word_1_637' title='bbox 536 2555 566 2575; x_wconf 90' lang='lat' dir='ltr'>re</span> <span class='ocrx_word' id='word_1_638' title='bbox 601 2555 654 2576; x_wconf 86' lang='lat' dir='ltr'>ene</span> <span class='ocrx_word' id='word_1_639' title='bbox 673 2557 687 2576; x_wconf 90' lang='lat' dir='ltr'>a</span> <span class='ocrx_word' id='word_1_640' title='bbox 709 2556 729 2576; x_wconf 79' lang='lat' dir='ltr'>S.</span> 
     </span>
    </p>

    <p class='ocr_par' dir='ltr' id='par_1_30' title="bbox 246 2580 1306 2890">
     <span class='ocr_line' id='line_1_92' title="bbox 286 2580 1306 2625; baseline 0.007 -14"><span class='ocrx_word' id='word_1_641' title='bbox 286 2580 338 2612; x_wconf 89' lang='lat' dir='ltr'>Ne</span> <span class='ocrx_word' id='word_1_642' title='bbox 358 2583 439 2622; x_wconf 86' lang='lat' dir='ltr'>igitur</span> <span class='ocrx_word' id='word_1_643' title='bbox 460 2584 539 2621; x_wconf 86' lang='lat' dir='ltr'>pium</span> <span class='ocrx_word' id='word_1_644' title='bbox 558 2583 639 2621; x_wconf 81' lang='lat' dir='ltr'>ipsius</span> <span class='ocrx_word' id='word_1_645' title='bbox 692 2586 749 2624; x_wconf 82' lang='lat' dir='ltr'>egis</span> <span class='ocrx_word' id='word_1_646' title='bbox 768 2584 945 2622; x_wconf 82' lang='lat' dir='ltr'>propositum</span> <span class='ocrx_word' id='word_1_647' title='bbox 970 2585 1119 2616; x_wconf 76' lang='lat' dir='ltr'>occasione</span> <span class='ocrx_word' id='word_1_648' title='bbox 1145 2586 1306 2625; x_wconf 89' lang='lat' dir='ltr'>hujusmodi</span> 
     </span>
     <span class='ocr_line' id='line_1_93' title="bbox 248 2620 1305 2663; baseline 0.007 -14"><span class='ocrx_word' id='word_1_649' title='bbox 248 2620 414 2660; x_wconf 80' lang='lat' dir='ltr'>retardetur,</span> <span class='ocrx_word' id='word_1_650' title='bbox 429 2621 617 2652; x_wconf 83' lang='lat' dir='ltr'>devotionem</span> <span class='ocrx_word' id='word_1_651' title='bbox 629 2622 750 2652; x_wconf 84' lang='lat' dir='ltr'>vestram</span> <span class='ocrx_word' id='word_1_652' title='bbox 764 2623 939 2654; x_wconf 88' lang='lat' dir='ltr'>monendam</span> <span class='ocrx_word' id='word_1_653' title='bbox 958 2623 1088 2654; x_wconf 86' lang='lat' dir='ltr'>duximus</span> <span class='ocrx_word' id='word_1_654' title='bbox 1108 2626 1252 2663; x_wconf 83' lang='lat' dir='ltr'>attentius,</span> <span class='ocrx_word' id='word_1_655' title='bbox 1271 2627 1305 2658; x_wconf 71' lang='grc' dir='ltr'>ὅς</span> 
     </span>
     <span class='ocr_line' id='line_1_94' title="bbox 249 2658 1305 2705; baseline 0.005 -17"><span class='ocrx_word' id='word_1_656' title='bbox 249 2658 415 2702; x_wconf 80' lang='lat' dir='ltr'>hortandam</span> <span class='ocrx_word' id='word_1_657' title='bbox 423 2683 433 2698; x_wconf 84' lang='grc'>,</span> <span class='ocrx_word' id='word_1_658' title='bbox 447 2667 498 2697; x_wconf 87' lang='lat' dir='ltr'>per</span> <span class='ocrx_word' id='word_1_659' title='bbox 508 2659 661 2698; x_wconf 87' lang='lat' dir='ltr'>apostolica</span> <span class='ocrx_word' id='word_1_660' title='bbox 676 2661 757 2691; x_wconf 90' lang='lat' dir='ltr'>vobis</span> <span class='ocrx_word' id='word_1_661' title='bbox 770 2661 868 2705; x_wconf 71' lang='lat' dir='ltr'>scripta</span> <span class='ocrx_word' id='word_1_662' title='bbox 881 2661 1042 2692; x_wconf 82' lang='lat' dir='ltr'>mandantes</span> <span class='ocrx_word' id='word_1_663' title='bbox 1054 2672 1188 2700; x_wconf 88' lang='lat' dir='ltr'>quatenus</span> <span class='ocrx_word' id='word_1_664' title='bbox 1195 2662 1305 2694; x_wconf 70' lang='lat' dir='ltr'>dietum</span> 
     </span>
     <span class='ocr_line' id='line_1_95' title="bbox 247 2696 1306 2739; baseline 0.005 -13"><span class='ocrx_word' id='word_1_665' title='bbox 247 2696 410 2736; x_wconf 76' lang='lat' dir='ltr'>Scumgmm</span> <span class='ocrx_word' id='word_1_666' title='bbox 426 2698 536 2736; x_wconf 84' lang='lat' dir='ltr'>eidem,</span> <span class='ocrx_word' id='word_1_667' title='bbox 554 2707 639 2736; x_wconf 88' lang='lat' dir='ltr'>prout</span> <span class='ocrx_word' id='word_1_668' title='bbox 653 2701 804 2737; x_wconf 88' lang='lat' dir='ltr'>tenemini,</span> <span class='ocrx_word' id='word_1_669' title='bbox 821 2704 878 2730; x_wconf 80' lang='lat' dir='ltr'>sine</span> <span class='ocrx_word' id='word_1_670' title='bbox 897 2699 1061 2738; x_wconf 84' lang='lat' dir='ltr'>difficultate</span> <span class='ocrx_word' id='word_1_671' title='bbox 1081 2700 1216 2739; x_wconf 71' lang='lat' dir='ltr'>reddatis,</span> <span class='ocrx_word' id='word_1_672' title='bbox 1234 2712 1306 2739; x_wconf 86' lang='lat' dir='ltr'>prae-</span> 
     </span>
     <span class='ocr_line' id='line_1_96' title="bbox 247 2735 1305 2779; baseline 0.005 -14"><span class='ocrx_word' id='word_1_673' title='bbox 247 2735 341 2779; x_wconf 78' lang='lat' dir='ltr'>sertim</span> <span class='ocrx_word' id='word_1_674' title='bbox 357 2745 425 2766; x_wconf 89' lang='lat' dir='ltr'>cum</span> <span class='ocrx_word' id='word_1_675' title='bbox 437 2736 605 2774; x_wconf 73' lang='lat' dir='ltr'>possessione</span> <span class='ocrx_word' id='word_1_676' title='bbox 618 2737 758 2775; x_wconf 67' lang='lat' dir='ltr'>saepedicti</span> <span class='ocrx_word' id='word_1_677' title='bbox 771 2738 909 2778; x_wconf 86' lang='lat' dir='ltr'>Scutagii,</span> <span class='ocrx_word' id='word_1_678' title='bbox 928 2748 1014 2776; x_wconf 83' lang='lat' dir='ltr'>quam</span> <span class='ocrx_word' id='word_1_679' title='bbox 1027 2738 1243 2777; x_wconf 71' lang='lat' dir='ltr'>praedecessores</span> <span class='ocrx_word' id='word_1_680' title='bbox 1265 2740 1305 2771; x_wconf 89' lang='lat' dir='ltr'>sui</span> 
     </span>
     <span class='ocr_line' id='line_1_97' title="bbox 246 2774 1305 2815; baseline 0.007 -13"><span class='ocrx_word' id='word_1_681' title='bbox 246 2783 280 2803; x_wconf 88' lang='lat' dir='ltr'>ac</span> <span class='ocrx_word' id='word_1_682' title='bbox 300 2774 356 2812; x_wconf 83' lang='lat' dir='ltr'>ipse</span> <span class='ocrx_word' id='word_1_683' title='bbox 375 2774 508 2806; x_wconf 68' lang='lat' dir='ltr'>hactenus</span> <span class='ocrx_word' id='word_1_684' title='bbox 528 2775 654 2806; x_wconf 74' lang='lat' dir='ltr'>babuisse</span> <span class='ocrx_word' id='word_1_685' title='bbox 667 2776 816 2814; x_wconf 88' lang='lat' dir='ltr'>dicuntur,</span> <span class='ocrx_word' id='word_1_686' title='bbox 835 2787 894 2807; x_wconf 87' lang='lat' dir='ltr'>non</span> <span class='ocrx_word' id='word_1_687' title='bbox 909 2776 941 2807; x_wconf 89' lang='lat' dir='ltr'>sit</span> <span class='ocrx_word' id='word_1_688' title='bbox 952 2776 1055 2815; x_wconf 81' lang='lat' dir='ltr'>absque</span> <span class='ocrx_word' id='word_1_689' title='bbox 1063 2777 1173 2815; x_wconf 90' lang='lat' dir='ltr'>judicio</span> <span class='ocrx_word' id='word_1_690' title='bbox 1187 2777 1305 2815; x_wconf 87' lang='lat' dir='ltr'>spolian-</span> 
     </span>
     <span class='ocr_line' id='line_1_98' title="bbox 246 2811 1305 2856; baseline 0.006 -15"><span class='ocrx_word' id='word_1_691' title='bbox 246 2811 316 2850; x_wconf 62' lang='lat' dir='ltr'>dus,</span> <span class='ocrx_word' id='word_1_692' title='bbox 336 2813 565 2851; x_wconf 84' lang='lat' dir='ltr'>quandoquidem</span> <span class='ocrx_word' id='word_1_693' title='bbox 578 2814 649 2854; x_wconf 85' lang='lat' dir='ltr'>ipsc,</span> <span class='ocrx_word' id='word_1_694' title='bbox 664 2815 694 2844; x_wconf 90' lang='lat' dir='ltr'>in</span> <span class='ocrx_word' id='word_1_695' title='bbox 707 2815 763 2854; x_wconf 77' lang='lat' dir='ltr'>ejus</span> <span class='ocrx_word' id='word_1_696' title='bbox 777 2814 947 2856; x_wconf 71' lang='lat' dir='ltr'>poss‘effione</span> <span class='ocrx_word' id='word_1_697' title='bbox 968 2814 1129 2854; x_wconf 84' lang='lat' dir='ltr'>persistens,</span> <span class='ocrx_word' id='word_1_698' title='bbox 1145 2825 1250 2854; x_wconf 78' lang='lat' dir='ltr'>paratus</span> <span class='ocrx_word' id='word_1_699' title='bbox 1272 2817 1305 2848; x_wconf 83' lang='lat' dir='ltr'>fit</span> 
     </span>
     <span class='ocr_line' id='line_1_99' title="bbox 247 2849 747 2890; baseline 0.01 -12"><span class='ocrx_word' id='word_1_700' title='bbox 247 2849 448 2886; x_wconf 76' lang='lat' dir='ltr'>postulantibus</span> <span class='ocrx_word' id='word_1_701' title='bbox 456 2851 592 2890; x_wconf 80' lang='lat' dir='ltr'>justitiam</span> <span class='ocrx_word' id='word_1_702' title='bbox 608 2853 747 2883; x_wconf 78' lang='lat' dir='ltr'>exhibere.</span> 
     </span>
    </p>
   </div>
   <div class='ocr_carea' id='block_1_21' title="bbox 247 2925 1304 2995">
    <p class='ocr_par' dir='ltr' id='par_1_31' title="bbox 247 2925 1304 2995">
     <span class='ocr_line' id='line_1_100' title="bbox 247 2925 1304 2994; baseline 0.009 -40"><span class='ocrx_word' id='word_1_703' title='bbox 247 2925 351 2994; x_wconf 48' lang='lat' dir='ltr'>capet.</span> <span class='ocrx_word' id='word_1_704' title='bbox 376 2927 500 2959; x_wconf 87' lang='lat' dir='ltr'>Lateran.</span> <span class='ocrx_word' id='word_1_705' title='bbox 526 2928 591 2960; x_wconf 89' lang='lat' dir='ltr'>Kal.</span> <span class='ocrx_word' id='word_1_706' title='bbox 618 2930 722 2968; x_wconf 80' lang='lat' dir='ltr'>Aprssis</span> <span class='ocrx_word' id='word_1_707' title='bbox 735 2954 746 2969; x_wconf 81' lang='lat'>‚</span> <span class='ocrx_word' id='word_1_708' title='bbox 778 2929 964 2962; x_wconf 75' lang='lat' dir='ltr'>Pontificatfis</span> <span class='ocrx_word' id='word_1_709' title='bbox 983 2930 1071 2962; x_wconf 90' lang='lat' dir='ltr'>nostri</span> <span class='ocrx_word' id='word_1_710' title='bbox 1093 2941 1169 2962; x_wconf 88' lang='lat' dir='ltr'>anno</span> <span class='ocrx_word' id='word_1_711' title='bbox 1188 2930 1304 2963; x_wconf 89' lang='lat' dir='ltr'>decimo</span> 
     </span>
     <span class='ocr_line' id='line_1_101' title="bbox 270 2974 361 2995; baseline 0 -2"><span class='ocrx_word' id='word_1_712' title='bbox 270 2983 284 2993; x_wconf 61' lang='lat' dir='ltr'>c</span> <span class='ocrx_word' id='word_1_713' title='bbox 299 2974 361 2995; x_wconf 75' lang='lat' dir='ltr'>avo.</span> 
     </span>
    </p>
   </div>
   <div class='ocr_carea' id='block_1_22' title="bbox 246 3107 1305 3194">
    <p class='ocr_par' dir='ltr' id='par_1_32' title="bbox 246 3107 1305 3194">
     <span class='ocr_line' id='line_1_102' title="bbox 246 3107 1305 3160; baseline 0.004 -18"><span class='ocrx_word' id='word_1_714' title='bbox 246 3111 296 3142; x_wconf 88' lang='lat' dir='ltr'>De</span> <span class='ocrx_word' id='word_1_715' title='bbox 326 3107 443 3141; x_wconf 65' lang='lat' dir='ltr'>dazmm&#39;s</span> <span class='ocrx_word' id='word_1_716' title='bbox 460 3134 469 3151; x_wconf 87' lang='lat'>‚</span> <span class='ocrx_word' id='word_1_717' title='bbox 504 3121 605 3142; x_wconf 64' lang='lat' dir='ltr'>contra</span> <span class='ocrx_word' id='word_1_718' title='bbox 628 3121 747 3157; x_wconf 69' lang='lat' dir='ltr'>treugas</span> <span class='ocrx_word' id='word_1_719' title='bbox 770 3124 837 3145; x_wconf 74' lang='lat' dir='ltr'>cum</span> <span class='ocrx_word' id='word_1_720' title='bbox 860 3115 994 3146; x_wconf 70' lang='lat' dir='ltr'>Francia</span> <span class='ocrx_word' id='word_1_721' title='bbox 1021 3113 1114 3145; x_wconf 71' lang='lat' dir='ltr'>illatis</span> <span class='ocrx_word' id='word_1_722' title='bbox 1127 3140 1137 3156; x_wconf 86' lang='lat'>‚</span> <span class='ocrx_word' id='word_1_723' title='bbox 1163 3116 1305 3160; x_wconf 84' lang='lat' dir='ltr'>utrinque</span> 
     </span>
     <span class='ocr_line' id='line_1_103' title="bbox 672 3159 873 3194; baseline 0.015 -4"><span class='ocrx_word' id='word_1_724' title='bbox 672 3159 873 3194; x_wconf 70' lang='lat' dir='ltr'>emendandis.</span> 
     </span>
    </p>
   </div>
   <div class='ocr_carea' id='block_1_23' title="bbox 186 3240 1303 4044">
    <p class='ocr_par' dir='ltr' id='par_1_33' title="bbox 266 3240 1303 3349">
     <span class='ocr_line' id='line_1_104' title="bbox 308 3240 1303 3285; baseline 0.008 -14"><span class='ocrx_word' id='word_1_725' title='bbox 308 3240 366 3272; x_wconf 82' lang='lat' dir='ltr'>EX</span> <span class='ocrx_word' id='word_1_726' title='bbox 379 3241 605 3273; x_wconf 86' lang='lat' dir='ltr'>emendatoribus</span> <span class='ocrx_word' id='word_1_727' title='bbox 619 3243 652 3274; x_wconf 69' lang='grc' dir='ltr'>δε</span> <span class='ocrx_word' id='word_1_728' title='bbox 666 3243 887 3281; x_wconf 82' lang='lat' dir='ltr'>pacificatoribus</span> <span class='ocrx_word' id='word_1_729' title='bbox 900 3253 1076 3285; x_wconf 88' lang='lat' dir='ltr'>treugarum,</span> <span class='ocrx_word' id='word_1_730' title='bbox 1093 3255 1238 3284; x_wconf 88' lang='lat' dir='ltr'>captarum</span> <span class='ocrx_word' id='word_1_731' title='bbox 1259 3249 1303 3279; x_wconf 91' lang='lat' dir='ltr'>in—</span> 
     </span>
     <span class='ocr_line' id='line_1_105' title="bbox 266 3281 1303 3349; baseline 0.008 -40"><span class='ocrx_word' id='word_1_732' title='bbox 266 3319 270 3322; x_wconf 41' lang='lat'>·</span> <span class='ocrx_word' id='word_1_733' title='bbox 326 3290 366 3349; x_wconf 45' lang='lat' dir='ltr'>tsi}</span> <span class='ocrx_word' id='word_1_734' title='bbox 381 3281 496 3321; x_wconf 78' lang='lat' dir='ltr'>Regem</span> <span class='ocrx_word' id='word_1_735' title='bbox 510 3283 542 3312; x_wconf 82' lang='lat'>&amp;</span> <span class='ocrx_word' id='word_1_736' title='bbox 556 3282 663 3322; x_wconf 81' lang='lat' dir='ltr'>ipsum,</span> <span class='ocrx_word' id='word_1_737' title='bbox 679 3284 712 3313; x_wconf 70' lang='grc' dir='ltr'>δε</span> <span class='ocrx_word' id='word_1_738' title='bbox 726 3284 953 3320; x_wconf 82' lang='lat' dir='ltr'>procuratoribus</span> <span class='ocrx_word' id='word_1_739' title='bbox 968 3285 1089 3322; x_wconf 88' lang='lat' dir='ltr'>ejusdem</span> <span class='ocrx_word' id='word_1_740' title='bbox 1103 3285 1193 3326; x_wconf 78' lang='lat' dir='ltr'>Regis</span> <span class='ocrx_word' id='word_1_741' title='bbox 1215 3287 1303 3317; x_wconf 83' lang='lat' dir='ltr'>Fran-</span> 
     </span>
    </p>

    <p class='ocr_par' dir='ltr' id='par_1_34' title="bbox 186 3328 1303 3704">
     <span class='ocr_line' id='line_1_106' title="bbox 246 3328 454 3356; baseline 0 -8"><span class='ocrx_word' id='word_1_742' title='bbox 246 3328 315 3356; x_wconf 81' lang='lat' dir='ltr'>ciae,</span> <span class='ocrx_word' id='word_1_743' title='bbox 367 3328 454 3349; x_wconf 85' lang='lat' dir='ltr'>utem.</span> 
     </span>
     <span class='ocr_line' id='line_1_107' title="bbox 186 3345 1303 3401; baseline 0.006 -15"><span class='ocrx_word' id='word_1_744' title='bbox 186 3345 211 3370; x_wconf 77' lang='lat'>7‘</span> <span class='ocrx_word' id='word_1_745' title='bbox 263 3392 274 3401; x_wconf 66' lang='lat'><strong>.</strong></span> <span class='ocrx_word' id='word_1_746' title='bbox 284 3357 432 3395; x_wconf 80' lang='lat' dir='ltr'>Qioniam</span> <span class='ocrx_word' id='word_1_747' title='bbox 447 3359 477 3388; x_wconf 90' lang='lat' dir='ltr'>in</span> <span class='ocrx_word' id='word_1_748' title='bbox 490 3357 603 3396; x_wconf 75' lang='lat' dir='ltr'>propria</span> <span class='ocrx_word' id='word_1_749' title='bbox 651 3358 746 3395; x_wconf 72' lang='lat' dir='ltr'>rsona,</span> <span class='ocrx_word' id='word_1_750' title='bbox 766 3369 863 3389; x_wconf 88' lang='lat' dir='ltr'>coram</span> <span class='ocrx_word' id='word_1_751' title='bbox 876 3360 959 3390; x_wconf 87' lang='lat' dir='ltr'>vobis</span> <span class='ocrx_word' id='word_1_752' title='bbox 971 3361 1043 3399; x_wconf 89' lang='lat' dir='ltr'>apud</span> <span class='ocrx_word' id='word_1_753' title='bbox 1057 3361 1212 3400; x_wconf 84' lang='lat' dir='ltr'>Fulcenos,</span> <span class='ocrx_word' id='word_1_754' title='bbox 1222 3372 1303 3401; x_wconf 82' lang='lat' dir='ltr'>quar-</span> 
     </span>
     <span class='ocr_line' id='line_1_108' title="bbox 249 3395 1302 3439; baseline 0.009 -17"><span class='ocrx_word' id='word_1_755' title='bbox 249 3400 276 3422; x_wconf 79' lang='lat' dir='ltr'>ta</span> <span class='ocrx_word' id='word_1_756' title='bbox 298 3395 363 3425; x_wconf 80' lang='lat' dir='ltr'>feria</span> <span class='ocrx_word' id='word_1_757' title='bbox 381 3396 445 3433; x_wconf 87' lang='lat' dir='ltr'>post</span> <span class='ocrx_word' id='word_1_758' title='bbox 467 3396 591 3427; x_wconf 64' lang='lat' dir='ltr'>Oc‘tabas</span> <span class='ocrx_word' id='word_1_759' title='bbox 630 3396 803 3435; x_wconf 70' lang='lat' dir='ltr'>entecostes,</span> <span class='ocrx_word' id='word_1_760' title='bbox 821 3401 914 3427; x_wconf 83' lang='lat' dir='ltr'>venire</span> <span class='ocrx_word' id='word_1_761' title='bbox 929 3409 989 3428; x_wconf 85' lang='lat' dir='ltr'>non</span> <span class='ocrx_word' id='word_1_762' title='bbox 1003 3399 1165 3439; x_wconf 82' lang='lat' dir='ltr'>possumus,</span> <span class='ocrx_word' id='word_1_763' title='bbox 1183 3400 1302 3432; x_wconf 61' lang='lat' dir='ltr'>dilectos</span> 
     </span>
     <span class='ocr_line' id='line_1_109' title="bbox 248 3431 1302 3478; baseline 0.009 -16"><span class='ocrx_word' id='word_1_764' title='bbox 248 3431 282 3461; x_wconf 74' lang='grc' dir='ltr'>δί</span> <span class='ocrx_word' id='word_1_765' title='bbox 304 3432 396 3476; x_wconf 79' lang='lat' dir='ltr'>fideles</span> <span class='ocrx_word' id='word_1_766' title='bbox 416 3433 528 3465; x_wconf 86' lang='lat' dir='ltr'>nostros</span> <span class='ocrx_word' id='word_1_767' title='bbox 541 3460 551 3473; x_wconf 91' lang='lat'>,</span> <span class='ocrx_word' id='word_1_768' title='bbox 578 3436 736 3475; x_wconf 86' lang='lat' dir='ltr'>Hugonem</span> <span class='ocrx_word' id='word_1_769' title='bbox 757 3435 906 3466; x_wconf 87' lang='lat' dir='ltr'>Comitem</span> <span class='ocrx_word' id='word_1_770' title='bbox 927 3436 1066 3467; x_wconf 76' lang='lat' dir='ltr'>Marchiae</span> <span class='ocrx_word' id='word_1_771' title='bbox 1078 3461 1088 3475; x_wconf 78' lang='lat'>,</span> <span class='ocrx_word' id='word_1_772' title='bbox 1115 3438 1302 3478; x_wconf 85' lang='lat' dir='ltr'>Radulphurn</span> 
     </span>
     <span class='ocr_line' id='line_1_110' title="bbox 248 3467 1301 3514; baseline 0.01 -16"><span class='ocrx_word' id='word_1_773' title='bbox 248 3467 395 3501; x_wconf 89' lang='lat' dir='ltr'>Comitem</span> <span class='ocrx_word' id='word_1_774' title='bbox 414 3472 513 3511; x_wconf 84' lang='lat' dir='ltr'>Augy,</span> <span class='ocrx_word' id='word_1_775' title='bbox 530 3473 700 3514; x_wconf 83' lang='lat' dir='ltr'>Magistrum</span> <span class='ocrx_word' id='word_1_776' title='bbox 714 3473 890 3505; x_wconf 87' lang='lat' dir='ltr'>Richardum</span> <span class='ocrx_word' id='word_1_777' title='bbox 903 3473 939 3504; x_wconf 87' lang='lat' dir='ltr'>de</span> <span class='ocrx_word' id='word_1_778' title='bbox 955 3474 1080 3505; x_wconf 89' lang='lat' dir='ltr'>Marisco</span> <span class='ocrx_word' id='word_1_779' title='bbox 1093 3474 1301 3509; x_wconf 84' lang='lat' dir='ltr'>Cancellarium</span> 
     </span>
     <span class='ocr_line' id='line_1_111' title="bbox 246 3506 1302 3553; baseline 0.01 -17"><span class='ocrx_word' id='word_1_780' title='bbox 246 3506 374 3549; x_wconf 83' lang='lat' dir='ltr'>nostrum</span> <span class='ocrx_word' id='word_1_781' title='bbox 408 3509 566 3550; x_wconf 80' lang='lat' dir='ltr'>Hugonem</span> <span class='ocrx_word' id='word_1_782' title='bbox 580 3514 616 3542; x_wconf 89' lang='lat' dir='ltr'>de</span> <span class='ocrx_word' id='word_1_783' title='bbox 629 3512 764 3543; x_wconf 90' lang='lat' dir='ltr'>Lesinnac</span> <span class='ocrx_word' id='word_1_784' title='bbox 773 3536 782 3551; x_wconf 85' lang='lat'>,</span> <span class='ocrx_word' id='word_1_785' title='bbox 798 3512 969 3543; x_wconf 85' lang='lat' dir='ltr'>Gaufridum</span> <span class='ocrx_word' id='word_1_786' title='bbox 982 3512 1019 3543; x_wconf 93' lang='lat' dir='ltr'>de</span> <span class='ocrx_word' id='word_1_787' title='bbox 1031 3513 1166 3553; x_wconf 86' lang='lat' dir='ltr'>Tannay,</span> <span class='ocrx_word' id='word_1_788' title='bbox 1183 3517 1218 3546; x_wconf 89' lang='lat'>&amp;</span> <span class='ocrx_word' id='word_1_789' title='bbox 1233 3516 1302 3546; x_wconf 80' lang='lat' dir='ltr'>Ma-</span> 
     </span>
     <span class='ocr_line' id='line_1_112' title="bbox 246 3534 1301 3591; baseline 0.009 -16"><span class='ocrx_word' id='word_1_790' title='bbox 246 3545 363 3588; x_wconf 71' lang='lat' dir='ltr'>gistrum</span> <span class='ocrx_word' id='word_1_791' title='bbox 376 3534 565 3580; x_wconf 64' lang='lat' dir='ltr'>willielmum</span> <span class='ocrx_word' id='word_1_792' title='bbox 577 3550 613 3580; x_wconf 89' lang='lat' dir='ltr'>de</span> <span class='ocrx_word' id='word_1_793' title='bbox 625 3550 842 3589; x_wconf 83' lang='lat' dir='ltr'>Elemofinario‚</span> <span class='ocrx_word' id='word_1_794' title='bbox 860 3559 1054 3591; x_wconf 88' lang='lat' dir='ltr'>procuratores</span> <span class='ocrx_word' id='word_1_795' title='bbox 1067 3551 1180 3583; x_wconf 91' lang='lat' dir='ltr'>nostros</span> <span class='ocrx_word' id='word_1_796' title='bbox 1194 3554 1301 3585; x_wconf 88' lang='lat' dir='ltr'>consti-</span> 
     </span>
     <span class='ocr_line' id='line_1_113' title="bbox 245 3585 1300 3628; baseline 0.009 -15"><span class='ocrx_word' id='word_1_797' title='bbox 245 3591 348 3614; x_wconf 90' lang='lat' dir='ltr'>tuimus</span> <span class='ocrx_word' id='word_1_798' title='bbox 359 3585 393 3615; x_wconf 89' lang='lat' dir='ltr'>ad</span> <span class='ocrx_word' id='word_1_799' title='bbox 407 3587 575 3626; x_wconf 85' lang='lat' dir='ltr'>petendum,</span> <span class='ocrx_word' id='word_1_800' title='bbox 592 3589 661 3619; x_wconf 92' lang='lat' dir='ltr'>loco</span> <span class='ocrx_word' id='word_1_801' title='bbox 677 3589 791 3628; x_wconf 82' lang='lat' dir='ltr'>nostro,</span> <span class='ocrx_word' id='word_1_802' title='bbox 809 3589 930 3626; x_wconf 88' lang='lat' dir='ltr'>dampna</span> <span class='ocrx_word' id='word_1_803' title='bbox 943 3590 1026 3619; x_wconf 86' lang='lat' dir='ltr'>nobis</span> <span class='ocrx_word' id='word_1_804' title='bbox 1041 3590 1075 3620; x_wconf 88' lang='lat'>&amp;</span> <span class='ocrx_word' id='word_1_805' title='bbox 1087 3590 1248 3622; x_wconf 86' lang='lat' dir='ltr'>hominibus</span> <span class='ocrx_word' id='word_1_806' title='bbox 1262 3592 1300 3623; x_wconf 88' lang='lat' dir='ltr'>de</span> 
     </span>
     <span class='ocr_line' id='line_1_114' title="bbox 245 3621 1298 3669; baseline 0.011 -20"><span class='ocrx_word' id='word_1_807' title='bbox 245 3621 382 3665; x_wconf 72' lang='lat' dir='ltr'>potel&#39;tate</span> <span class='ocrx_word' id='word_1_808' title='bbox 399 3625 509 3663; x_wconf 83' lang='lat' dir='ltr'>nostra,</span> <span class='ocrx_word' id='word_1_809' title='bbox 527 3636 576 3663; x_wconf 88' lang='lat' dir='ltr'>per</span> <span class='ocrx_word' id='word_1_810' title='bbox 598 3627 727 3658; x_wconf 80' lang='lat' dir='ltr'>homines</span> <span class='ocrx_word' id='word_1_811' title='bbox 744 3628 780 3658; x_wconf 90' lang='lat' dir='ltr'>de</span> <span class='ocrx_word' id='word_1_812' title='bbox 800 3628 938 3666; x_wconf 86' lang='lat' dir='ltr'>potestate</span> <span class='ocrx_word' id='word_1_813' title='bbox 955 3627 1025 3658; x_wconf 65' lang='lat' dir='ltr'>dicti</span> <span class='ocrx_word' id='word_1_814' title='bbox 1046 3627 1134 3667; x_wconf 84' lang='lat' dir='ltr'>Regis</span> <span class='ocrx_word' id='word_1_815' title='bbox 1156 3629 1298 3669; x_wconf 86' lang='lat' dir='ltr'>Franciae,</span> 
     </span>
     <span class='ocr_line' id='line_1_115' title="bbox 246 3659 921 3704; baseline 0.015 -16"><span class='ocrx_word' id='word_1_816' title='bbox 246 3659 317 3689; x_wconf 81' lang='lat' dir='ltr'>illata</span> <span class='ocrx_word' id='word_1_817' title='bbox 329 3661 398 3690; x_wconf 87' lang='lat' dir='ltr'>infra</span> <span class='ocrx_word' id='word_1_818' title='bbox 410 3663 551 3698; x_wconf 62' lang='lat' dir='ltr'>praedidtas</span> <span class='ocrx_word' id='word_1_819' title='bbox 563 3674 678 3704; x_wconf 83' lang='lat' dir='ltr'>treugas.</span> <span class='ocrx_word' id='word_1_820' title='bbox 910 3680 921 3689; x_wconf 77' lang='lat'><em>-</em></span> 
     </span>
    </p>

    <p class='ocr_par' dir='ltr' id='par_1_35' title="bbox 243 3696 1299 3893">
     <span class='ocr_line' id='line_1_116' title="bbox 285 3696 1299 3746; baseline 0.01 -20"><span class='ocrx_word' id='word_1_821' title='bbox 285 3696 323 3728; x_wconf 90' lang='lat' dir='ltr'>Et</span> <span class='ocrx_word' id='word_1_822' title='bbox 343 3697 384 3741; x_wconf 29' lang='lat' dir='ltr'>‘ad</span> <span class='ocrx_word' id='word_1_823' title='bbox 405 3699 607 3733; x_wconf 85' lang='lat' dir='ltr'>restitutionem</span> <span class='ocrx_word' id='word_1_824' title='bbox 627 3703 783 3734; x_wconf 90' lang='lat' dir='ltr'>faciendam</span> <span class='ocrx_word' id='word_1_825' title='bbox 802 3705 966 3735; x_wconf 88' lang='lat' dir='ltr'>hominibus</span> <span class='ocrx_word' id='word_1_826' title='bbox 986 3703 1023 3735; x_wconf 91' lang='lat' dir='ltr'>de</span> <span class='ocrx_word' id='word_1_827' title='bbox 1046 3704 1183 3743; x_wconf 72' lang='lat' dir='ltr'>potestate</span> <span class='ocrx_word' id='word_1_828' title='bbox 1210 3705 1299 3746; x_wconf 85' lang='lat' dir='ltr'>Regis</span> 
     </span>
     <span class='ocr_line' id='line_1_117' title="bbox 247 3734 1298 3781; baseline 0.009 -16"><span class='ocrx_word' id='word_1_829' title='bbox 247 3734 375 3765; x_wconf 76' lang='lat' dir='ltr'>Franciae</span> <span class='ocrx_word' id='word_1_830' title='bbox 394 3736 430 3766; x_wconf 91' lang='lat' dir='ltr'>de</span> <span class='ocrx_word' id='word_1_831' title='bbox 450 3738 589 3779; x_wconf 84' lang='lat' dir='ltr'>dampnis,</span> <span class='ocrx_word' id='word_1_832' title='bbox 607 3751 656 3779; x_wconf 87' lang='lat' dir='ltr'>per</span> <span class='ocrx_word' id='word_1_833' title='bbox 677 3752 729 3772; x_wconf 92' lang='lat' dir='ltr'>nos</span> <span class='ocrx_word' id='word_1_834' title='bbox 750 3743 784 3772; x_wconf 90' lang='lat'>&amp;</span> <span class='ocrx_word' id='word_1_835' title='bbox 798 3743 926 3781; x_wconf 88' lang='lat' dir='ltr'>nostros,</span> <span class='ocrx_word' id='word_1_836' title='bbox 943 3743 1038 3781; x_wconf 84' lang='lat' dir='ltr'>illatis;</span> <span class='ocrx_word' id='word_1_837' title='bbox 1057 3744 1091 3774; x_wconf 93' lang='lat'>&amp;</span> <span class='ocrx_word' id='word_1_838' title='bbox 1102 3743 1137 3773; x_wconf 91' lang='lat' dir='ltr'>ad</span> <span class='ocrx_word' id='word_1_839' title='bbox 1170 3743 1298 3774; x_wconf 84' lang='lat' dir='ltr'>acifican-</span> 
     </span>
     <span class='ocr_line' id='line_1_118' title="bbox 245 3773 1296 3819; baseline 0.01 -17"><span class='ocrx_word' id='word_1_840' title='bbox 245 3773 316 3803; x_wconf 89' lang='lat' dir='ltr'>dum</span> <span class='ocrx_word' id='word_1_841' title='bbox 330 3797 340 3811; x_wconf 85' lang='lat'>,</span> <span class='ocrx_word' id='word_1_842' title='bbox 353 3814 358 3818; x_wconf 26' lang='grc' dir='ltr'><em>η</em></span> <span class='ocrx_word' id='word_1_843' title='bbox 371 3778 602 3818; x_wconf 80' lang='lat' dir='ltr'>componendum</span> <span class='ocrx_word' id='word_1_844' title='bbox 616 3803 626 3817; x_wconf 92' lang='lat'>,</span> <span class='ocrx_word' id='word_1_845' title='bbox 656 3779 861 3819; x_wconf 86' lang='lat' dir='ltr'>transigendum</span> <span class='ocrx_word' id='word_1_846' title='bbox 875 3805 885 3819; x_wconf 91' lang='lat'>,</span> <span class='ocrx_word' id='word_1_847' title='bbox 916 3791 1016 3812; x_wconf 87' lang='lat' dir='ltr'>coram</span> <span class='ocrx_word' id='word_1_848' title='bbox 1033 3782 1116 3812; x_wconf 88' lang='lat' dir='ltr'>vobis</span> <span class='ocrx_word' id='word_1_849' title='bbox 1156 3791 1173 3811; x_wconf 90' lang='lat' dir='ltr'>e</span> <span class='ocrx_word' id='word_1_850' title='bbox 1193 3782 1296 3813; x_wconf 88' lang='lat' dir='ltr'>eisdem</span> 
     </span>
     <span class='ocr_line' id='line_1_119' title="bbox 243 3811 1297 3859; baseline 0.01 -19"><span class='ocrx_word' id='word_1_851' title='bbox 243 3811 372 3856; x_wconf 68' lang='lat' dir='ltr'>dampnis</span> <span class='ocrx_word' id='word_1_852' title='bbox 391 3821 538 3857; x_wconf 83' lang='lat' dir='ltr'>utrmque,</span> <span class='ocrx_word' id='word_1_853' title='bbox 555 3817 613 3846; x_wconf 69' lang='lat' dir='ltr'>tam</span> <span class='ocrx_word' id='word_1_854' title='bbox 633 3817 667 3847; x_wconf 84' lang='lat' dir='ltr'>ad</span> <span class='ocrx_word' id='word_1_855' title='bbox 690 3819 767 3848; x_wconf 85' lang='lat' dir='ltr'>hunc</span> <span class='ocrx_word' id='word_1_856' title='bbox 789 3818 878 3857; x_wconf 89' lang='lat' dir='ltr'>diem,</span> <span class='ocrx_word' id='word_1_857' title='bbox 898 3821 984 3858; x_wconf 73' lang='lat' dir='ltr'>quam</span> <span class='ocrx_word' id='word_1_858' title='bbox 1003 3818 1118 3850; x_wconf 88' lang='lat' dir='ltr'>adalios</span> <span class='ocrx_word' id='word_1_859' title='bbox 1131 3819 1207 3859; x_wconf 71' lang='lat' dir='ltr'>dieu,</span> <span class='ocrx_word' id='word_1_860' title='bbox 1225 3829 1297 3859; x_wconf 85' lang='lat' dir='ltr'>quos</span> 
     </span>
     <span class='ocr_line' id='line_1_120' title="bbox 244 3850 748 3893; baseline 0.01 -12"><span class='ocrx_word' id='word_1_861' title='bbox 244 3860 282 3881; x_wconf 85' lang='lat' dir='ltr'>eis</span> <span class='ocrx_word' id='word_1_862' title='bbox 298 3850 376 3888; x_wconf 89' lang='lat' dir='ltr'>super</span> <span class='ocrx_word' id='word_1_863' title='bbox 390 3852 534 3888; x_wconf 80' lang='lat' dir='ltr'>praemiffis</span> <span class='ocrx_word' id='word_1_864' title='bbox 548 3853 748 3893; x_wconf 83' lang='lat' dir='ltr'>affignaveritis.</span> 
     </span>
    </p>

    <p class='ocr_par' dir='ltr' id='par_1_36' title="bbox 241 3887 1295 4044">
     <span class='ocr_line' id='line_1_121' title="bbox 282 3887 1294 3937; baseline 0.011 -20"><span class='ocrx_word' id='word_1_865' title='bbox 282 3887 391 3919; x_wconf 83' lang='lat' dir='ltr'>Rarum</span> <span class='ocrx_word' id='word_1_866' title='bbox 402 3890 487 3934; x_wconf 82' lang='lat' dir='ltr'>etiam</span> <span class='ocrx_word' id='word_1_867' title='bbox 501 3891 534 3920; x_wconf 87' lang='lat'>&amp;</span> <span class='ocrx_word' id='word_1_868' title='bbox 550 3900 659 3934; x_wconf 79' lang='lat' dir='ltr'>gratum</span> <span class='ocrx_word' id='word_1_869' title='bbox 676 3894 841 3924; x_wconf 85' lang='lat' dir='ltr'>habebimus</span> <span class='ocrx_word' id='word_1_870' title='bbox 862 3895 998 3934; x_wconf 86' lang='lat' dir='ltr'>quicquid</span> <span class='ocrx_word' id='word_1_871' title='bbox 1017 3895 1142 3937; x_wconf 72' lang='lat' dir='ltr'>praediffl</span> <span class='ocrx_word' id='word_1_872' title='bbox 1159 3905 1294 3934; x_wconf 85' lang='lat' dir='ltr'>procura-</span> 
     </span>
     <span class='ocr_line' id='line_1_122' title="bbox 244 3927 1295 3972; baseline 0.01 -17"><span class='ocrx_word' id='word_1_873' title='bbox 244 3934 317 3956; x_wconf 83' lang='lat' dir='ltr'>tores</span> <span class='ocrx_word' id='word_1_874' title='bbox 332 3927 438 3972; x_wconf 51' lang='lat' dir='ltr'>nostri,</span> <span class='ocrx_word' id='word_1_875' title='bbox 455 3927 501 3972; x_wconf 77' lang='lat' dir='ltr'>vel</span> <span class='ocrx_word' id='word_1_876' title='bbox 514 3928 601 3958; x_wconf 88' lang='lat' dir='ltr'>saltim</span> <span class='ocrx_word' id='word_1_877' title='bbox 613 3930 687 3969; x_wconf 84' lang='lat' dir='ltr'>duo,</span> <span class='ocrx_word' id='word_1_878' title='bbox 704 3933 751 3962; x_wconf 91' lang='lat' dir='ltr'>vel</span> <span class='ocrx_word' id='word_1_879' title='bbox 766 3942 836 3962; x_wconf 89' lang='lat' dir='ltr'>unus</span> <span class='ocrx_word' id='word_1_880' title='bbox 849 3942 950 3963; x_wconf 84' lang='lat' dir='ltr'>eorum</span> <span class='ocrx_word' id='word_1_881' title='bbox 963 3944 1063 3964; x_wconf 84' lang='lat' dir='ltr'>coram</span> <span class='ocrx_word' id='word_1_882' title='bbox 1075 3935 1158 3966; x_wconf 88' lang='lat' dir='ltr'>vobis</span> <span class='ocrx_word' id='word_1_883' title='bbox 1178 3935 1295 3966; x_wconf 79' lang='lat' dir='ltr'>fecerint</span> 
     </span>
     <span class='ocr_line' id='line_1_123' title="bbox 241 3965 1294 4035; baseline 0.012 -42"><span class='ocrx_word' id='word_1_884' title='bbox 241 3966 323 4035; x_wconf 56' lang='lat' dir='ltr'>tsupelr</span> <span class='ocrx_word' id='word_1_885' title='bbox 343 3965 482 4035; x_wconf 54' lang='lat' dir='ltr'>pragdic‘tis</span> <span class='ocrx_word' id='word_1_886' title='bbox 494 3988 504 4004; x_wconf 83' lang='lat'>,</span> <span class='ocrx_word' id='word_1_887' title='bbox 527 3967 586 3997; x_wconf 73' lang='lat' dir='ltr'>tam</span> <span class='ocrx_word' id='word_1_888' title='bbox 607 3968 637 3998; x_wconf 89' lang='lat' dir='ltr'>in</span> <span class='ocrx_word' id='word_1_889' title='bbox 658 3969 831 4007; x_wconf 84' lang='lat' dir='ltr'>pacificando</span> <span class='ocrx_word' id='word_1_890' title='bbox 842 3992 852 4008; x_wconf 84' lang='lat'>,</span> <span class='ocrx_word' id='word_1_891' title='bbox 880 3972 967 4010; x_wconf 69' lang='lat' dir='ltr'>quam</span> <span class='ocrx_word' id='word_1_892' title='bbox 986 3974 1016 4003; x_wconf 81' lang='lat' dir='ltr'>iu</span> <span class='ocrx_word' id='word_1_893' title='bbox 1032 3973 1238 4011; x_wconf 69' lang='lat' dir='ltr'>componendo</span> <span class='ocrx_word' id='word_1_894' title='bbox 1259 3975 1294 4006; x_wconf 67' lang='grc' dir='ltr'>δε</span> 
     </span>
     <span class='ocr_line' id='line_1_124' title="bbox 254 4013 426 4044; baseline 0.012 -11"><span class='ocrx_word' id='word_1_895' title='bbox 254 4013 301 4033; x_wconf 88' lang='lat' dir='ltr'>ran</span> <span class='ocrx_word' id='word_1_896' title='bbox 313 4013 377 4044; x_wconf 72' lang='lat' dir='ltr'>ige-n</span> <span class='ocrx_word' id='word_1_897' title='bbox 397 4015 426 4035; x_wconf 90' lang='lat' dir='ltr'>o.</span> 
     </span>
    </p>
   </div>
   <div class='ocr_carea' id='block_1_24' title="bbox 1348 1425 2416 1736">
    <p class='ocr_par' dir='ltr' id='par_1_37' title="bbox 1348 1425 2416 1736">
     <span class='ocr_line' id='line_1_125' title="bbox 1394 1425 2416 1466; baseline -0.001 -10"><span class='ocrx_word' id='word_1_898' title='bbox 1394 1425 1617 1465; x_wconf 78' lang='lat' dir='ltr'>Interceptiones</span> <span class='ocrx_word' id='word_1_899' title='bbox 1645 1428 1729 1458; x_wconf 81' lang='lat' dir='ltr'>etiam</span> <span class='ocrx_word' id='word_1_900' title='bbox 1749 1426 1784 1458; x_wconf 90' lang='lat'>&amp;</span> <span class='ocrx_word' id='word_1_901' title='bbox 1804 1426 1926 1465; x_wconf 84' lang='lat' dir='ltr'>dampna</span> <span class='ocrx_word' id='word_1_902' title='bbox 1955 1426 2029 1458; x_wconf 62' lang='lat' dir='ltr'>faeta</span> <span class='ocrx_word' id='word_1_903' title='bbox 2050 1427 2180 1466; x_wconf 81' lang='lat' dir='ltr'>gentibus</span> <span class='ocrx_word' id='word_1_904' title='bbox 2198 1425 2301 1456; x_wconf 79' lang='lat' dir='ltr'>nostris</span> <span class='ocrx_word' id='word_1_905' title='bbox 2319 1425 2416 1456; x_wconf 69' lang='lat' dir='ltr'>Picta-</span> 
     </span>
     <span class='ocr_line' id='line_1_126' title="bbox 1349 1465 2414 1534; baseline -0.001 -40"><span class='ocrx_word' id='word_1_906' title='bbox 1349 1465 1420 1504; x_wconf 79' lang='lat' dir='ltr'>viae,</span> <span class='ocrx_word' id='word_1_907' title='bbox 1437 1465 1471 1496; x_wconf 71' lang='grc' dir='ltr'>δε</span> <span class='ocrx_word' id='word_1_908' title='bbox 1489 1465 1610 1510; x_wconf 79' lang='lat' dir='ltr'>partium</span> <span class='ocrx_word' id='word_1_909' title='bbox 1627 1465 1751 1510; x_wconf 79' lang='lat' dir='ltr'>illarum,</span> <span class='ocrx_word' id='word_1_910' title='bbox 1775 1473 1875 1509; x_wconf 79' lang='lat' dir='ltr'>contra</span> <span class='ocrx_word' id='word_1_911' title='bbox 1891 1465 2017 1496; x_wconf 86' lang='lat' dir='ltr'>sormam</span> <span class='ocrx_word' id='word_1_912' title='bbox 2034 1465 2176 1503; x_wconf 63' lang='lat' dir='ltr'>praedidh:</span> <span class='ocrx_word' id='word_1_913' title='bbox 2193 1465 2414 1534; x_wconf 48' lang='lat' dir='ltr'>Tffip—ess’</span> 
     </span>
     <span class='ocr_line' id='line_1_127' title="bbox 1351 1502 2415 1549; baseline -0.001 -15"><span class='ocrx_word' id='word_1_914' title='bbox 1351 1512 1434 1547; x_wconf 65' lang='lat' dir='ltr'>prout</span> <span class='ocrx_word' id='word_1_915' title='bbox 1452 1512 1607 1549; x_wconf 60' lang='lat' dir='ltr'>tenemim,</span> <span class='ocrx_word' id='word_1_916' title='bbox 1624 1513 1728 1548; x_wconf 78' lang='lat' dir='ltr'>corrigi</span> <span class='ocrx_word' id='word_1_917' title='bbox 1745 1503 1850 1548; x_wconf 82' lang='lat' dir='ltr'>faciatis</span> <span class='ocrx_word' id='word_1_918' title='bbox 1869 1503 2024 1548; x_wconf 77' lang='lat' dir='ltr'>secundum</span> <span class='ocrx_word' id='word_1_919' title='bbox 2044 1503 2123 1547; x_wconf 82' lang='lat' dir='ltr'>quod</span> <span class='ocrx_word' id='word_1_920' title='bbox 2138 1502 2228 1548; x_wconf 67' lang='lat' dir='ltr'>Senes</span> <span class='ocrx_word' id='word_1_921' title='bbox 2275 1514 2308 1533; x_wconf 77' lang='lat' dir='ltr'>us</span> <span class='ocrx_word' id='word_1_922' title='bbox 2344 1503 2415 1533; x_wconf 51' lang='lat' dir='ltr'>istan-</span> 
     </span>
     <span class='ocr_line' id='line_1_128' title="bbox 1348 1541 2414 1623; baseline -0.003 -11"><span class='ocrx_word' id='word_1_923' title='bbox 1348 1551 1410 1618; x_wconf 69' lang='grc' dir='ltr'>ω’ῗ,</span> <span class='ocrx_word' id='word_1_924' title='bbox 1421 1542 1458 1611; x_wconf 65' lang='lat'>{⁵2</span> <span class='ocrx_word' id='word_1_925' title='bbox 1474 1542 1986 1619; x_wconf 44' lang='grc' dir='ltr'>ῗὲῦωςΐιέιῗὼωὲῗὲμᾝοὲἰῗῗεωὲ</span> <span class='ocrx_word' id='word_1_926' title='bbox 2005 1541 2414 1623; x_wconf 53' lang='lat' dir='ltr'>Siffipissoefflfflibffifflmfflss-</span> 
     </span>
     <span class='ocr_line' id='line_1_129' title="bbox 1349 1616 2413 1659; baseline -0.001 -10"><span class='ocrx_word' id='word_1_927' title='bbox 1349 1620 1414 1658; x_wconf 86' lang='lat' dir='ltr'>tris,</span> <span class='ocrx_word' id='word_1_928' title='bbox 1437 1630 1525 1658; x_wconf 86' lang='lat' dir='ltr'>quos,</span> <span class='ocrx_word' id='word_1_929' title='bbox 1550 1619 1619 1651; x_wconf 92' lang='lat' dir='ltr'>loco</span> <span class='ocrx_word' id='word_1_930' title='bbox 1640 1618 1757 1659; x_wconf 83' lang='lat' dir='ltr'>nostro,</span> <span class='ocrx_word' id='word_1_931' title='bbox 1782 1629 1833 1658; x_wconf 90' lang='lat' dir='ltr'>per</span> <span class='ocrx_word' id='word_1_932' title='bbox 1852 1619 1953 1650; x_wconf 86' lang='lat' dir='ltr'>litteras</span> <span class='ocrx_word' id='word_1_933' title='bbox 1974 1618 2082 1650; x_wconf 87' lang='lat' dir='ltr'>nostras</span> <span class='ocrx_word' id='word_1_934' title='bbox 2102 1617 2249 1656; x_wconf 73' lang='lat' dir='ltr'>Parentes,</span> <span class='ocrx_word' id='word_1_935' title='bbox 2266 1616 2413 1649; x_wconf 62' lang='lat' dir='ltr'>coxistimia-</span> 
     </span>
     <span class='ocr_line' id='line_1_130' title="bbox 1348 1666 2002 1736; baseline 0.002 -10"><span class='ocrx_word' id='word_1_936' title='bbox 1348 1666 1424 1726; x_wconf 50' lang='lat' dir='ltr'>mig:</span> <span class='ocrx_word' id='word_1_937' title='bbox 1438 1697 1468 1726; x_wconf 92' lang='lat' dir='ltr'>in</span> <span class='ocrx_word' id='word_1_938' title='bbox 1481 1697 1576 1736; x_wconf 85' lang='lat' dir='ltr'>hujus,</span> <span class='ocrx_word' id='word_1_939' title='bbox 1594 1697 1654 1729; x_wconf 87' lang='lat' dir='ltr'>&amp;c.</span> <span class='ocrx_word' id='word_1_940' title='bbox 1673 1697 1757 1729; x_wconf 86' lang='lat' dir='ltr'>vobis</span> <span class='ocrx_word' id='word_1_941' title='bbox 1770 1695 1835 1727; x_wconf 90' lang='lat' dir='ltr'>inde</span> <span class='ocrx_word' id='word_1_942' title='bbox 1855 1697 2002 1728; x_wconf 89' lang='lat' dir='ltr'>mittimus.</span> 
     </span>
    </p>
   </div>
   <div class='ocr_carea' id='block_1_25' title="bbox 1350 1771 2414 1850">
    <p class='ocr_par' dir='ltr' id='par_1_38' title="bbox 1350 1771 2414 1850">
     <span class='ocr_line' id='line_1_131' title="bbox 1350 1771 2414 1850; baseline -0.001 -45"><span class='ocrx_word' id='word_1_943' title='bbox 1350 1772 1475 1850; x_wconf 41' lang='lat' dir='ltr'>17&#39;Teste</span> <span class='ocrx_word' id='word_1_944' title='bbox 1493 1773 1602 1813; x_wconf 87' lang='lat' dir='ltr'>meipso</span> <span class='ocrx_word' id='word_1_945' title='bbox 1622 1773 1696 1813; x_wconf 88' lang='lat' dir='ltr'>apud</span> <span class='ocrx_word' id='word_1_946' title='bbox 1715 1773 1808 1806; x_wconf 85' lang='lat' dir='ltr'>Dour.</span> <span class='ocrx_word' id='word_1_947' title='bbox 1834 1774 1873 1806; x_wconf 87' lang='lat'>28</span> <span class='ocrx_word' id='word_1_948' title='bbox 1892 1773 1941 1805; x_wconf 79' lang='lat' dir='ltr'>die</span> <span class='ocrx_word' id='word_1_949' title='bbox 1960 1773 2085 1812; x_wconf 78' lang='lat' dir='ltr'>Aprilis,</span> <span class='ocrx_word' id='word_1_950' title='bbox 2106 1783 2183 1805; x_wconf 78' lang='lat' dir='ltr'>asmo</span> <span class='ocrx_word' id='word_1_951' title='bbox 2205 1771 2305 1813; x_wconf 79' lang='lat' dir='ltr'>Regni</span> <span class='ocrx_word' id='word_1_952' title='bbox 2323 1772 2414 1804; x_wconf 81' lang='lat' dir='ltr'>nostri</span> 
     </span>
    </p>
   </div>
   <div class='ocr_carea' id='block_1_26' title="bbox 1347 1941 2415 2089">
    <p class='ocr_par' dir='ltr' id='par_1_39' title="bbox 1347 1941 2415 2089">
     <span class='ocr_line' id='line_1_132' title="bbox 1347 1941 2415 1993; baseline -0.004 -14"><span class='ocrx_word' id='word_1_953' title='bbox 1347 1946 1468 1980; x_wconf 82' lang='lat' dir='ltr'>Litterae</span> <span class='ocrx_word' id='word_1_954' title='bbox 1496 1943 1647 1990; x_wconf 73' lang='lat' dir='ltr'>‘Johannis</span> <span class='ocrx_word' id='word_1_955' title='bbox 1671 1948 1759 1993; x_wconf 84' lang='lat' dir='ltr'>Regis</span> <span class='ocrx_word' id='word_1_956' title='bbox 1781 1972 1791 1988; x_wconf 90' lang='lat'><em>‚</em></span> <span class='ocrx_word' id='word_1_957' title='bbox 1827 1948 1910 1992; x_wconf 65' lang='lat' dir='ltr'>Papa</span> <span class='ocrx_word' id='word_1_958' title='bbox 1934 1948 2101 1980; x_wconf 84' lang='lat' dir='ltr'>Innocentio</span> <span class='ocrx_word' id='word_1_959' title='bbox 2121 1971 2132 1987; x_wconf 92' lang='lat'>‚</span> <span class='ocrx_word' id='word_1_960' title='bbox 2163 1941 2273 1990; x_wconf 77' lang='lat' dir='ltr'>quibus</span> <span class='ocrx_word' id='word_1_961' title='bbox 2300 1954 2361 1990; x_wconf 79' lang='lat' dir='ltr'>quae</span> <span class='ocrx_word' id='word_1_962' title='bbox 2370 1943 2415 1986; x_wconf 79' lang='lat' dir='ltr'>stt</span> 
     </span>
     <span class='ocr_line' id='line_1_133' title="bbox 1394 1988 2412 2040; baseline -0.001 -15"><span class='ocrx_word' id='word_1_963' title='bbox 1394 1988 1548 2027; x_wconf 64' lang='lat' dir='ltr'>Baronicm</span> <span class='ocrx_word' id='word_1_964' title='bbox 1577 1998 1764 2027; x_wconf 82' lang='lat' dir='ltr'>contumacia</span> <span class='ocrx_word' id='word_1_965' title='bbox 1791 2004 1919 2036; x_wconf 81' lang='lat' dir='ltr'>narrat,</span> <span class='ocrx_word' id='word_1_966' title='bbox 1945 2005 2053 2027; x_wconf 87' lang='lat' dir='ltr'>necnon</span> <span class='ocrx_word' id='word_1_967' title='bbox 2075 1991 2174 2040; x_wconf 83' lang='lat' dir='ltr'>quod,</span> <span class='ocrx_word' id='word_1_968' title='bbox 2195 2002 2314 2038; x_wconf 87' lang='lat' dir='ltr'>propter</span> <span class='ocrx_word' id='word_1_969' title='bbox 2335 1990 2412 2025; x_wconf 81' lang='lat' dir='ltr'>hanc</span> 
     </span>
     <span class='ocr_line' id='line_1_134' title="bbox 1391 2041 2256 2089; baseline -0.002 -14"><span class='ocrx_word' id='word_1_970' title='bbox 1391 2041 1535 2087; x_wconf 76' lang='lat' dir='ltr'>caufhm,</span> <span class='ocrx_word' id='word_1_971' title='bbox 1555 2045 1613 2076; x_wconf 83' lang='lat' dir='ltr'>iter</span> <span class='ocrx_word' id='word_1_972' title='bbox 1631 2046 1664 2076; x_wconf 75' lang='lat' dir='ltr'>in</span> <span class='ocrx_word' id='word_1_973' title='bbox 1683 2043 1812 2076; x_wconf 86' lang='lat' dir='ltr'>Terram</span> <span class='ocrx_word' id='word_1_974' title='bbox 1825 2043 1969 2089; x_wconf 61' lang='lat' dir='ltr'>strnffam</span> <span class='ocrx_word' id='word_1_975' title='bbox 1980 2041 2129 2089; x_wconf 68' lang='lat' dir='ltr'>fitftipere</span> <span class='ocrx_word' id='word_1_976' title='bbox 2143 2044 2256 2088; x_wconf 83' lang='lat' dir='ltr'>ncqm&#39;t.</span> 
     </span>
    </p>
   </div>
   <div class='ocr_carea' id='block_1_27' title="bbox 1344 2125 2556 2445">
    <p class='ocr_par' dir='ltr' id='par_1_40' title="bbox 1346 2125 2556 2254">
     <span class='ocr_line' id='line_1_135' title="bbox 1346 2125 2556 2190; baseline 0.004 -34"><span class='ocrx_word' id='word_1_977' title='bbox 1346 2126 1535 2190; x_wconf 88' lang='lat' dir='ltr'>DOrnino</span> <span class='ocrx_word' id='word_1_978' title='bbox 1556 2125 1640 2165; x_wconf 79' lang='lat' dir='ltr'>Papae</span> <span class='ocrx_word' id='word_1_979' title='bbox 1658 2127 1784 2159; x_wconf 89' lang='lat' dir='ltr'>Salutem</span> <span class='ocrx_word' id='word_1_980' title='bbox 1800 2151 1810 2167; x_wconf 90' lang='lat'>,</span> <span class='ocrx_word' id='word_1_981' title='bbox 1833 2129 1867 2160; x_wconf 90' lang='lat'>&amp;</span> <span class='ocrx_word' id='word_1_982' title='bbox 1887 2127 2012 2159; x_wconf 82' lang='lat' dir='ltr'>debitam</span> <span class='ocrx_word' id='word_1_983' title='bbox 2032 2134 2111 2158; x_wconf 90' lang='lat' dir='ltr'>tanto</span> <span class='ocrx_word' id='word_1_984' title='bbox 2131 2127 2201 2166; x_wconf 86' lang='lat' dir='ltr'>patri</span> <span class='ocrx_word' id='word_1_985' title='bbox 2221 2136 2255 2158; x_wconf 85' lang='lat' dir='ltr'>ac</span> <span class='ocrx_word' id='word_1_986' title='bbox 2274 2126 2410 2159; x_wconf 85' lang='lat' dir='ltr'>Domino</span> <span class='ocrx_word' id='word_1_987' title='bbox 2427 2137 2503 2173; x_wconf 51' lang='lat' dir='ltr'>Am,</span> <span class='ocrx_word' id='word_1_988' title='bbox 2513 2138 2556 2170; x_wconf 67' lang='lat'>1),</span> 
     </span>
     <span class='ocr_line' id='line_1_136' title="bbox 1381 2186 2540 2254; baseline 0.001 -18"><span class='ocrx_word' id='word_1_989' title='bbox 1381 2204 1528 2236; x_wconf 74' lang='lat' dir='ltr'>Sanffltati</span> <span class='ocrx_word' id='word_1_990' title='bbox 1547 2204 1657 2250; x_wconf 65' lang='lat' dir='ltr'>vestrae⁴</span> <span class='ocrx_word' id='word_1_991' title='bbox 1669 2214 1757 2245; x_wconf 86' lang='lat' dir='ltr'>grates</span> <span class='ocrx_word' id='word_1_992' title='bbox 1778 2205 1925 2250; x_wconf 64' lang='lat' dir='ltr'>referimus</span> <span class='ocrx_word' id='word_1_993' title='bbox 1945 2204 2115 2250; x_wconf 63' lang='lat' dir='ltr'>multiplices</span> <span class='ocrx_word' id='word_1_994' title='bbox 2133 2203 2170 2235; x_wconf 90' lang='lat' dir='ltr'>de</span> <span class='ocrx_word' id='word_1_995' title='bbox 2183 2204 2281 2250; x_wconf 79' lang='lat' dir='ltr'>litteris</span> <span class='ocrx_word' id='word_1_996' title='bbox 2294 2204 2411 2250; x_wconf 81' lang='lat' dir='ltr'>vestris,</span> <span class='ocrx_word' id='word_1_997' title='bbox 2424 2186 2540 2254; x_wconf 40' lang='lat' dir='ltr'>Affig-</span> 
     </span>
    </p>

    <p class='ocr_par' dir='ltr' id='par_1_41' title="bbox 1344 2242 2488 2292">
     <span class='ocr_line' id='line_1_137' title="bbox 1344 2242 2488 2292; baseline 0.002 -19"><span class='ocrx_word' id='word_1_998' title='bbox 1344 2252 1398 2282; x_wconf 90' lang='lat' dir='ltr'>pro</span> <span class='ocrx_word' id='word_1_999' title='bbox 1418 2243 1503 2288; x_wconf 80' lang='lat' dir='ltr'>nobis</span> <span class='ocrx_word' id='word_1_1000' title='bbox 1523 2253 1539 2273; x_wconf 90' lang='lat' dir='ltr'>a</span> <span class='ocrx_word' id='word_1_1001' title='bbox 1551 2253 1715 2288; x_wconf 81' lang='lat' dir='ltr'>paternitate</span> <span class='ocrx_word' id='word_1_1002' title='bbox 1726 2243 1818 2289; x_wconf 34' lang='lat' dir='ltr'>vest—ra</span> <span class='ocrx_word' id='word_1_1003' title='bbox 1832 2242 1967 2275; x_wconf 88' lang='lat' dir='ltr'>Domino</span> <span class='ocrx_word' id='word_1_1004' title='bbox 1979 2243 2172 2288; x_wconf 81' lang='lat' dir='ltr'>Cantuariensi</span> <span class='ocrx_word' id='word_1_1005' title='bbox 2186 2242 2410 2289; x_wconf 80' lang='lat' dir='ltr'>Archiepiscopo</span> <span class='ocrx_word' id='word_1_1006' title='bbox 2425 2255 2488 2292; x_wconf 81' lang='lat' dir='ltr'><em>Job.</em></span> 
     </span>
    </p>

    <p class='ocr_par' dir='ltr' id='par_1_42' title="bbox 1345 2281 2515 2331">
     <span class='ocr_line' id='line_1_138' title="bbox 1345 2281 2515 2331; baseline 0 -19"><span class='ocrx_word' id='word_1_1007' title='bbox 1345 2282 1379 2313; x_wconf 89' lang='lat'>&amp;</span> <span class='ocrx_word' id='word_1_1008' title='bbox 1399 2292 1455 2321; x_wconf 63' lang='lat' dir='ltr'>ejus</span> <span class='ocrx_word' id='word_1_1009' title='bbox 1475 2281 1652 2322; x_wconf 82' lang='lat' dir='ltr'>suffraganeis</span> <span class='ocrx_word' id='word_1_1010' title='bbox 1670 2283 1807 2321; x_wconf 56' lang='lat' dir='ltr'>porrediis</span> <span class='ocrx_word' id='word_1_1011' title='bbox 1819 2307 1830 2321; x_wconf 88' lang='lat'>‚</span> <span class='ocrx_word' id='word_1_1012' title='bbox 1860 2292 1976 2317; x_wconf 78' lang='lat' dir='ltr'>necnon</span> <span class='ocrx_word' id='word_1_1013' title='bbox 1997 2281 2180 2323; x_wconf 59' lang='lat' dir='ltr'>Magiatibus</span> <span class='ocrx_word' id='word_1_1014' title='bbox 2199 2283 2233 2314; x_wconf 87' lang='lat'>&amp;</span> <span class='ocrx_word' id='word_1_1015' title='bbox 2255 2281 2410 2313; x_wconf 73' lang='lat' dir='ltr'>Batonibus</span> <span class='ocrx_word' id='word_1_1016' title='bbox 2427 2294 2515 2331; x_wconf 48' lang='lat' dir='ltr'>clus,</span> 
     </span>
    </p>

    <p class='ocr_par' dir='ltr' id='par_1_43' title="bbox 1344 2332 2538 2398">
     <span class='ocr_line' id='line_1_139' title="bbox 1344 2332 2538 2398; baseline 0 -8"><span class='ocrx_word' id='word_1_1017' title='bbox 1344 2360 1375 2390; x_wconf 92' lang='lat' dir='ltr'>in</span> <span class='ocrx_word' id='word_1_1018' title='bbox 1388 2359 1468 2390; x_wconf 90' lang='lat' dir='ltr'>nullo</span> <span class='ocrx_word' id='word_1_1019' title='bbox 1481 2359 1677 2398; x_wconf 71' lang='lat' dir='ltr'>exaudierunt,</span> <span class='ocrx_word' id='word_1_1020' title='bbox 1694 2359 1840 2391; x_wconf 87' lang='lat' dir='ltr'>Dominus</span> <span class='ocrx_word' id='word_1_1021' title='bbox 1856 2370 1928 2390; x_wconf 84' lang='lat' dir='ltr'>vero</span> <span class='ocrx_word' id='word_1_1022' title='bbox 1941 2358 2146 2390; x_wconf 63' lang='lat' dir='ltr'>cantuariensis</span> <span class='ocrx_word' id='word_1_1023' title='bbox 2161 2358 2410 2397; x_wconf 85' lang='lat' dir='ltr'>Archiepiscopus,</span> <span class='ocrx_word' id='word_1_1024' title='bbox 2426 2332 2538 2398; x_wconf 43' lang='lat' dir='ltr'>dij</span> 
     </span>
    </p>

    <p class='ocr_par' dir='ltr' id='par_1_44' title="bbox 1345 2396 2513 2445">
     <span class='ocr_line' id='line_1_140' title="bbox 1345 2396 2513 2445; baseline 0 -16"><span class='ocrx_word' id='word_1_1025' title='bbox 1345 2399 1379 2430; x_wconf 82' lang='lat'>&amp;</span> <span class='ocrx_word' id='word_1_1026' title='bbox 1393 2399 1450 2437; x_wconf 86' lang='lat' dir='ltr'>ejus</span> <span class='ocrx_word' id='word_1_1027' title='bbox 1461 2397 1637 2438; x_wconf 85' lang='lat' dir='ltr'>Suffraganei</span> <span class='ocrx_word' id='word_1_1028' title='bbox 1648 2397 1813 2430; x_wconf 86' lang='lat' dir='ltr'>mandatum</span> <span class='ocrx_word' id='word_1_1029' title='bbox 1826 2397 1953 2430; x_wconf 85' lang='lat' dir='ltr'>vestrum</span> <span class='ocrx_word' id='word_1_1030' title='bbox 1966 2398 2128 2429; x_wconf 80' lang='lat' dir='ltr'>executioni</span> <span class='ocrx_word' id='word_1_1031' title='bbox 2137 2396 2305 2428; x_wconf 82' lang='lat' dir='ltr'>demandare</span> <span class='ocrx_word' id='word_1_1032' title='bbox 2315 2397 2410 2436; x_wconf 88' lang='lat' dir='ltr'>super—</span> <span class='ocrx_word' id='word_1_1033' title='bbox 2427 2419 2473 2445; x_wconf 85' lang='lat'>24·</span> <span class='ocrx_word' id='word_1_1034' title='bbox 2486 2410 2513 2438; x_wconf 77' lang='lat' dir='ltr'>d.</span> 
     </span>
    </p>
   </div>
   <div class='ocr_carea' id='block_1_28' title="bbox 1431 2165 1879 2198">
    <p class='ocr_par' dir='ltr' id='par_1_45' title="bbox 1431 2165 1879 2198">
     <span class='ocr_line' id='line_1_141' title="bbox 1431 2165 1879 2198; baseline 0.004 -2"><span class='ocrx_word' id='word_1_1035' title='bbox 1431 2175 1500 2197; x_wconf 89' lang='lat' dir='ltr'>curn</span> <span class='ocrx_word' id='word_1_1036' title='bbox 1516 2165 1671 2198; x_wconf 86' lang='lat' dir='ltr'>devotione</span> <span class='ocrx_word' id='word_1_1037' title='bbox 1685 2168 1879 2198; x_wconf 77' lang='lat' dir='ltr'>reverentiam.</span> 
     </span>
    </p>
   </div>
   <div class='ocr_carea' id='block_1_29' title="bbox 1346 2320 2439 2365">
    <p class='ocr_par' dir='ltr' id='par_1_46' title="bbox 1346 2320 2439 2365">
     <span class='ocr_line' id='line_1_142' title="bbox 1346 2320 2439 2365; baseline -0.001 -13"><span class='ocrx_word' id='word_1_1038' title='bbox 1346 2329 1426 2352; x_wconf 88' lang='lat' dir='ltr'>terrae</span> <span class='ocrx_word' id='word_1_1039' title='bbox 1440 2320 1561 2361; x_wconf 81' lang='lat' dir='ltr'>nostrae,</span> <span class='ocrx_word' id='word_1_1040' title='bbox 1571 2330 1632 2365; x_wconf 76' lang='lat' dir='ltr'>⁴pro</span> <span class='ocrx_word' id='word_1_1041' title='bbox 1650 2331 1731 2352; x_wconf 87' lang='lat' dir='ltr'>certo</span> <span class='ocrx_word' id='word_1_1042' title='bbox 1743 2321 1835 2352; x_wconf 88' lang='lat' dir='ltr'>scituri</span> <span class='ocrx_word' id='word_1_1043' title='bbox 1847 2320 1927 2360; x_wconf 87' lang='lat' dir='ltr'>quod</span> <span class='ocrx_word' id='word_1_1044' title='bbox 1941 2320 2064 2352; x_wconf 70' lang='lat' dir='ltr'>Batoner</span> <span class='ocrx_word' id='word_1_1045' title='bbox 2076 2320 2167 2351; x_wconf 85' lang='lat' dir='ltr'>nostri</span> <span class='ocrx_word' id='word_1_1046' title='bbox 2184 2320 2287 2351; x_wconf 85' lang='lat' dir='ltr'>litteras</span> <span class='ocrx_word' id='word_1_1047' title='bbox 2306 2320 2408 2351; x_wconf 83' lang='lat' dir='ltr'>vestras</span> <span class='ocrx_word' id='word_1_1048' title='bbox 2430 2342 2439 2360; x_wconf 55' lang='grc' dir='ltr'><strong>ι</strong></span> 
     </span>
    </p>
   </div>
   <div class='ocr_carea' id='block_1_30' title="bbox 1334 2436 2412 4015">
    <p class='ocr_par' dir='ltr' id='par_1_47' title="bbox 1345 2436 1482 2468">
     <span class='ocr_line' id='line_1_143' title="bbox 1345 2436 1482 2468; baseline -0.015 0"><span class='ocrx_word' id='word_1_1049' title='bbox 1345 2436 1482 2468; x_wconf 86' lang='lat' dir='ltr'>sederunt.</span> 
     </span>
    </p>

    <p class='ocr_par' dir='ltr' id='par_1_48' title="bbox 1345 2473 2411 2591">
     <span class='ocr_line' id='line_1_144' title="bbox 1383 2473 2410 2514; baseline 0 -8"><span class='ocrx_word' id='word_1_1050' title='bbox 1383 2475 1453 2506; x_wconf 85' lang='lat' dir='ltr'>Nos</span> <span class='ocrx_word' id='word_1_1051' title='bbox 1467 2477 1538 2506; x_wconf 78' lang='lat' dir='ltr'>vero</span> <span class='ocrx_word' id='word_1_1052' title='bbox 1547 2499 1557 2513; x_wconf 85' lang='lat'>,</span> <span class='ocrx_word' id='word_1_1053' title='bbox 1574 2475 1747 2507; x_wconf 77' lang='lat' dir='ltr'>attendentes</span> <span class='ocrx_word' id='word_1_1054' title='bbox 1760 2473 1916 2514; x_wconf 74' lang='lat' dir='ltr'>praemiss&#39;a,</span> <span class='ocrx_word' id='word_1_1055' title='bbox 1929 2474 2115 2506; x_wconf 84' lang='lat' dir='ltr'>asserebamus</span> <span class='ocrx_word' id='word_1_1056' title='bbox 2128 2473 2232 2505; x_wconf 86' lang='lat' dir='ltr'>nostris</span> <span class='ocrx_word' id='word_1_1057' title='bbox 2265 2474 2323 2506; x_wconf 88' lang='lat' dir='ltr'>uod</span> <span class='ocrx_word' id='word_1_1058' title='bbox 2338 2483 2410 2506; x_wconf 75' lang='lat' dir='ltr'>term</span> 
     </span>
     <span class='ocr_line' id='line_1_145' title="bbox 1345 2512 2411 2553; baseline 0.002 -9"><span class='ocrx_word' id='word_1_1059' title='bbox 1345 2513 1442 2544; x_wconf 88' lang='lat' dir='ltr'>nostra</span> <span class='ocrx_word' id='word_1_1060' title='bbox 1459 2513 1668 2545; x_wconf 81' lang='lat' dir='ltr'>Patrimonium</span> <span class='ocrx_word' id='word_1_1061' title='bbox 1688 2524 1746 2546; x_wconf 86' lang='lat' dir='ltr'>erat</span> <span class='ocrx_word' id='word_1_1062' title='bbox 1765 2515 1841 2545; x_wconf 83' lang='lat' dir='ltr'>beati</span> <span class='ocrx_word' id='word_1_1063' title='bbox 1857 2513 1952 2553; x_wconf 80' lang='lat' dir='ltr'>Petri;</span> <span class='ocrx_word' id='word_1_1064' title='bbox 1971 2515 2005 2546; x_wconf 73' lang='grc' dir='ltr'>δε</span> <span class='ocrx_word' id='word_1_1065' title='bbox 2026 2523 2091 2545; x_wconf 80' lang='lat' dir='ltr'>eam</span> <span class='ocrx_word' id='word_1_1066' title='bbox 2104 2512 2140 2544; x_wconf 88' lang='lat' dir='ltr'>de</span> <span class='ocrx_word' id='word_1_1067' title='bbox 2155 2513 2240 2544; x_wconf 69' lang='lat' dir='ltr'>beato</span> <span class='ocrx_word' id='word_1_1068' title='bbox 2280 2521 2359 2552; x_wconf 72' lang='grc' dir='ltr'>ατο,</span> <span class='ocrx_word' id='word_1_1069' title='bbox 2376 2514 2411 2546; x_wconf 67' lang='grc' dir='ltr'>ὃς</span> 
     </span>
     <span class='ocr_line' id='line_1_146' title="bbox 1345 2551 2019 2591; baseline -0.001 -7"><span class='ocrx_word' id='word_1_1070' title='bbox 1345 2551 1471 2584; x_wconf 86' lang='lat' dir='ltr'>Ecclesia</span> <span class='ocrx_word' id='word_1_1071' title='bbox 1485 2552 1634 2591; x_wconf 81' lang='lat' dir='ltr'>Romana,</span> <span class='ocrx_word' id='word_1_1072' title='bbox 1651 2554 1685 2584; x_wconf 92' lang='lat'>&amp;</span> <span class='ocrx_word' id='word_1_1073' title='bbox 1699 2552 1736 2584; x_wconf 91' lang='lat' dir='ltr'>de</span> <span class='ocrx_word' id='word_1_1074' title='bbox 1748 2553 1831 2584; x_wconf 84' lang='lat' dir='ltr'>vobis</span> <span class='ocrx_word' id='word_1_1075' title='bbox 1845 2553 2019 2584; x_wconf 70' lang='lat' dir='ltr'>tenebamus.</span> 
     </span>
    </p>

    <p class='ocr_par' dir='ltr' id='par_1_49' title="bbox 1344 2589 2412 2812">
     <span class='ocr_line' id='line_1_147' title="bbox 1382 2589 2412 2631; baseline 0 -9"><span class='ocrx_word' id='word_1_1076' title='bbox 1382 2591 1548 2629; x_wconf 85' lang='lat' dir='ltr'>Adjecimus</span> <span class='ocrx_word' id='word_1_1077' title='bbox 1560 2593 1644 2623; x_wconf 89' lang='lat' dir='ltr'>etiam</span> <span class='ocrx_word' id='word_1_1078' title='bbox 1658 2592 1736 2630; x_wconf 90' lang='lat' dir='ltr'>quod</span> <span class='ocrx_word' id='word_1_1079' title='bbox 1750 2591 1933 2631; x_wconf 79' lang='lat' dir='ltr'>crucesignati</span> <span class='ocrx_word' id='word_1_1080' title='bbox 1947 2600 2074 2629; x_wconf 74' lang='lat' dir='ltr'>eternus,</span> <span class='ocrx_word' id='word_1_1081' title='bbox 2089 2590 2123 2622; x_wconf 88' lang='lat'>&amp;</span> <span class='ocrx_word' id='word_1_1082' title='bbox 2139 2589 2304 2629; x_wconf 81' lang='lat' dir='ltr'>petebamus</span> <span class='ocrx_word' id='word_1_1083' title='bbox 2322 2591 2412 2622; x_wconf 78' lang='lat' dir='ltr'>bene.-</span> 
     </span>
     <span class='ocr_line' id='line_1_148' title="bbox 1344 2628 2410 2674; baseline 0.001 -15"><span class='ocrx_word' id='word_1_1084' title='bbox 1344 2628 1443 2660; x_wconf 86' lang='lat' dir='ltr'>ficium</span> <span class='ocrx_word' id='word_1_1085' title='bbox 1463 2629 1599 2674; x_wconf 83' lang='lat' dir='ltr'>privilegii</span> <span class='ocrx_word' id='word_1_1086' title='bbox 1618 2630 1895 2670; x_wconf 77' lang='lat' dir='ltr'>crucesignatorum,</span> <span class='ocrx_word' id='word_1_1087' title='bbox 1918 2637 1957 2660; x_wconf 86' lang='lat' dir='ltr'>ne</span> <span class='ocrx_word' id='word_1_1088' title='bbox 1972 2630 2132 2660; x_wconf 83' lang='lat' dir='ltr'>turbaretur</span> <span class='ocrx_word' id='word_1_1089' title='bbox 2149 2637 2221 2660; x_wconf 82' lang='lat' dir='ltr'>terra</span> <span class='ocrx_word' id='word_1_1090' title='bbox 2241 2628 2354 2668; x_wconf 87' lang='lat' dir='ltr'>nostra,</span> <span class='ocrx_word' id='word_1_1091' title='bbox 2372 2638 2410 2660; x_wconf 87' lang='lat' dir='ltr'>ne</span> 
     </span>
     <span class='ocr_line' id='line_1_149' title="bbox 1345 2666 2411 2706; baseline 0.001 -9"><span class='ocrx_word' id='word_1_1092' title='bbox 1345 2667 1558 2698; x_wconf 88' lang='lat' dir='ltr'>consumeretur</span> <span class='ocrx_word' id='word_1_1093' title='bbox 1570 2677 1599 2698; x_wconf 86' lang='lat' dir='ltr'>in</span> <span class='ocrx_word' id='word_1_1094' title='bbox 1615 2667 1703 2698; x_wconf 84' lang='lat' dir='ltr'>malos</span> <span class='ocrx_word' id='word_1_1095' title='bbox 1716 2669 1777 2699; x_wconf 91' lang='lat' dir='ltr'>usus</span> <span class='ocrx_word' id='word_1_1096' title='bbox 1793 2667 1871 2706; x_wconf 86' lang='lat' dir='ltr'>quod</span> <span class='ocrx_word' id='word_1_1097' title='bbox 1885 2669 1916 2698; x_wconf 87' lang='lat' dir='ltr'>in</span> <span class='ocrx_word' id='word_1_1098' title='bbox 1930 2667 2081 2699; x_wconf 76' lang='lat' dir='ltr'>subsidium</span> <span class='ocrx_word' id='word_1_1099' title='bbox 2094 2674 2176 2697; x_wconf 75' lang='lat' dir='ltr'>terrae</span> <span class='ocrx_word' id='word_1_1100' title='bbox 2189 2666 2292 2697; x_wconf 67' lang='lat' dir='ltr'>sanerae</span> <span class='ocrx_word' id='word_1_1101' title='bbox 2305 2676 2411 2705; x_wconf 86' lang='lat' dir='ltr'>expen-</span> 
     </span>
     <span class='ocr_line' id='line_1_150' title="bbox 1344 2703 2411 2746; baseline 0.001 -11"><span class='ocrx_word' id='word_1_1102' title='bbox 1344 2704 1413 2735; x_wconf 89' lang='lat' dir='ltr'>dere</span> <span class='ocrx_word' id='word_1_1103' title='bbox 1450 2715 1483 2735; x_wconf 92' lang='lat' dir='ltr'>ro</span> <span class='ocrx_word' id='word_1_1104' title='bbox 1524 2705 1677 2745; x_wconf 78' lang='lat' dir='ltr'>fueramus3</span> <span class='ocrx_word' id='word_1_1105' title='bbox 1695 2706 1729 2737; x_wconf 90' lang='lat'>&amp;</span> <span class='ocrx_word' id='word_1_1106' title='bbox 1748 2706 1979 2744; x_wconf 78' lang='lat' dir='ltr'>appellaverimus</span> <span class='ocrx_word' id='word_1_1107' title='bbox 1997 2715 2047 2746; x_wconf 88' lang='lat' dir='ltr'>per</span> <span class='ocrx_word' id='word_1_1108' title='bbox 2060 2703 2113 2735; x_wconf 92' lang='lat' dir='ltr'>W.</span> <span class='ocrx_word' id='word_1_1109' title='bbox 2131 2703 2288 2735; x_wconf 82' lang='lat' dir='ltr'>Marescall.</span> <span class='ocrx_word' id='word_1_1110' title='bbox 2304 2704 2411 2736; x_wconf 89' lang='lat' dir='ltr'>Corni-</span> 
     </span>
     <span class='ocr_line' id='line_1_151' title="bbox 1344 2743 2407 2812; baseline 0.002 -39"><span class='ocrx_word' id='word_1_1111' title='bbox 1344 2752 1403 2774; x_wconf 89' lang='lat' dir='ltr'>tem</span> <span class='ocrx_word' id='word_1_1112' title='bbox 1444 2753 1504 2812; x_wconf 79' lang='lat' dir='ltr'>emst</span> <span class='ocrx_word' id='word_1_1113' title='bbox 1512 2754 1533 2774; x_wconf 56' lang='lat' dir='ltr'>r⁴</span> <span class='ocrx_word' id='word_1_1114' title='bbox 1552 2743 1586 2775; x_wconf 89' lang='lat'>&amp;</span> <span class='ocrx_word' id='word_1_1115' title='bbox 1598 2743 1652 2774; x_wconf 92' lang='lat' dir='ltr'>W.</span> <span class='ocrx_word' id='word_1_1116' title='bbox 1667 2743 1817 2775; x_wconf 90' lang='lat' dir='ltr'>Comitem</span> <span class='ocrx_word' id='word_1_1117' title='bbox 1829 2743 1968 2778; x_wconf 79' lang='lat' dir='ltr'>Warenn.</span> <span class='ocrx_word' id='word_1_1118' title='bbox 1985 2751 2085 2774; x_wconf 78' lang='lat' dir='ltr'>contra</span> <span class='ocrx_word' id='word_1_1119' title='bbox 2103 2743 2312 2781; x_wconf 81' lang='lat' dir='ltr'>perturbatores</span> <span class='ocrx_word' id='word_1_1120' title='bbox 2330 2746 2407 2783; x_wconf 81' lang='lat' dir='ltr'>pacis</span> 
     </span>
    </p>

    <p class='ocr_par' dir='ltr' id='par_1_50' title="bbox 1459 2792 1849 2812">
     <span class='ocr_line' id='line_1_152' title="bbox 1459 2792 1849 2812; baseline -0.005 0"><span class='ocrx_word' id='word_1_1121' title='bbox 1459 2792 1478 2812; x_wconf 94' lang='lat' dir='ltr'>o</span> <span class='ocrx_word' id='word_1_1122' title='bbox 1538 2804 1552 2812; x_wconf 21' lang='grc' dir='ltr'>ν.</span> <span class='ocrx_word' id='word_1_1123' title='bbox 1609 2792 1611 2794; x_wconf 68' lang='grc'><strong>’</strong></span> <span class='ocrx_word' id='word_1_1124' title='bbox 1847 2808 1849 2810; x_wconf 91' lang='grc'>.</span> 
     </span>
    </p>

    <p class='ocr_par' dir='ltr' id='par_1_51' title="bbox 1343 2790 2410 3172">
     <span class='ocr_line' id='line_1_153' title="bbox 1345 2790 2407 2864; baseline 0.001 -13"><span class='ocrx_word' id='word_1_1125' title='bbox 1345 2790 1493 2851; x_wconf 50' lang='grc' dir='ltr'>ῐεῗῖξτῗὶιῃ</span> <span class='ocrx_word' id='word_1_1126' title='bbox 1502 2792 1593 2860; x_wconf 49' lang='lat' dir='ltr'>’newa</span> <span class='ocrx_word' id='word_1_1127' title='bbox 1606 2821 1789 2861; x_wconf 80' lang='lat' dir='ltr'>crucesignati</span> <span class='ocrx_word' id='word_1_1128' title='bbox 1803 2818 1926 2858; x_wconf 65' lang='lat' dir='ltr'>fuimus-4</span> <span class='ocrx_word' id='word_1_1129' title='bbox 1943 2819 2070 2851; x_wconf 70' lang='lat' dir='ltr'>volente:</span> <span class='ocrx_word' id='word_1_1130' title='bbox 2080 2821 2112 2851; x_wconf 91' lang='lat' dir='ltr'>in</span> <span class='ocrx_word' id='word_1_1131' title='bbox 2123 2820 2259 2864; x_wconf 81' lang='lat' dir='ltr'>omnibus</span> <span class='ocrx_word' id='word_1_1132' title='bbox 2271 2830 2340 2851; x_wconf 89' lang='lat' dir='ltr'>cum</span> <span class='ocrx_word' id='word_1_1133' title='bbox 2352 2820 2407 2852; x_wconf 86' lang='lat' dir='ltr'>hu—</span> 
     </span>
     <span class='ocr_line' id='line_1_154' title="bbox 1345 2857 2408 2898; baseline 0.001 -9"><span class='ocrx_word' id='word_1_1134' title='bbox 1345 2858 1462 2890; x_wconf 85' lang='lat' dir='ltr'>militate</span> <span class='ocrx_word' id='word_1_1135' title='bbox 1476 2861 1509 2890; x_wconf 89' lang='lat'>&amp;</span> <span class='ocrx_word' id='word_1_1136' title='bbox 1523 2858 1733 2891; x_wconf 86' lang='lat' dir='ltr'>mansuetudine</span> <span class='ocrx_word' id='word_1_1137' title='bbox 1745 2859 1916 2898; x_wconf 76' lang='lat' dir='ltr'>procedere,</span> <span class='ocrx_word' id='word_1_1138' title='bbox 1933 2857 2006 2890; x_wconf 67' lang='lat' dir='ltr'>salvii</span> <span class='ocrx_word' id='word_1_1139' title='bbox 2017 2858 2202 2897; x_wconf 66' lang='lat' dir='ltr'>appellatione</span> <span class='ocrx_word' id='word_1_1140' title='bbox 2219 2858 2331 2897; x_wconf 70' lang='lat' dir='ltr'>nostra,</span> <span class='ocrx_word' id='word_1_1141' title='bbox 2351 2869 2408 2898; x_wconf 87' lang='lat' dir='ltr'>op-</span> 
     </span>
     <span class='ocr_line' id='line_1_155' title="bbox 1343 2896 2410 2937; baseline 0.001 -9"><span class='ocrx_word' id='word_1_1142' title='bbox 1343 2897 1458 2930; x_wconf 89' lang='lat' dir='ltr'>tulimus</span> <span class='ocrx_word' id='word_1_1143' title='bbox 1472 2897 1627 2929; x_wconf 85' lang='lat' dir='ltr'>Baronibus</span> <span class='ocrx_word' id='word_1_1144' title='bbox 1640 2898 1692 2929; x_wconf 87' lang='lat' dir='ltr'>illis</span> <span class='ocrx_word' id='word_1_1145' title='bbox 1706 2898 1784 2937; x_wconf 91' lang='lat' dir='ltr'>quod</span> <span class='ocrx_word' id='word_1_1146' title='bbox 1796 2905 1897 2934; x_wconf 81' lang='lat' dir='ltr'>omnes</span> <span class='ocrx_word' id='word_1_1147' title='bbox 1912 2897 1996 2928; x_wconf 80' lang='lat' dir='ltr'>malas</span> <span class='ocrx_word' id='word_1_1148' title='bbox 2022 2896 2256 2936; x_wconf 83' lang='lat' dir='ltr'>consuetudines,</span> <span class='ocrx_word' id='word_1_1149' title='bbox 2273 2897 2410 2929; x_wconf 79' lang='lat' dir='ltr'>suscitatas</span> 
     </span>
     <span class='ocr_line' id='line_1_156' title="bbox 1345 2934 2407 2976; baseline -0.001 -9"><span class='ocrx_word' id='word_1_1150' title='bbox 1345 2936 1379 2967; x_wconf 90' lang='lat'>&amp;</span> <span class='ocrx_word' id='word_1_1151' title='bbox 1391 2946 1441 2974; x_wconf 87' lang='lat' dir='ltr'>per</span> <span class='ocrx_word' id='word_1_1152' title='bbox 1455 2946 1657 2976; x_wconf 88' lang='lat' dir='ltr'>quemcunque</span> <span class='ocrx_word' id='word_1_1153' title='bbox 1669 2936 1842 2968; x_wconf 62' lang='lat' dir='ltr'>introducens</span> <span class='ocrx_word' id='word_1_1154' title='bbox 1863 2945 1922 2967; x_wconf 89' lang='lat' dir='ltr'>tem</span> <span class='ocrx_word' id='word_1_1155' title='bbox 1963 2935 2038 2966; x_wconf 88' lang='lat' dir='ltr'>ribus</span> <span class='ocrx_word' id='word_1_1156' title='bbox 2056 2934 2158 2966; x_wconf 88' lang='lat' dir='ltr'>nostris</span> <span class='ocrx_word' id='word_1_1157' title='bbox 2237 2936 2290 2967; x_wconf 89' lang='lat' dir='ltr'>itus</span> <span class='ocrx_word' id='word_1_1158' title='bbox 2308 2937 2407 2967; x_wconf 81' lang='lat' dir='ltr'>abole-</span> 
     </span>
     <span class='ocr_line' id='line_1_157' title="bbox 1344 2974 2406 3014; baseline 0.002 -10"><span class='ocrx_word' id='word_1_1159' title='bbox 1344 2984 1454 3006; x_wconf 88' lang='lat' dir='ltr'>remus:</span> <span class='ocrx_word' id='word_1_1160' title='bbox 1473 2975 1604 3007; x_wconf 87' lang='lat' dir='ltr'>Necnon</span> <span class='ocrx_word' id='word_1_1161' title='bbox 1618 2977 1652 3008; x_wconf 87' lang='lat'>&amp;</span> <span class='ocrx_word' id='word_1_1162' title='bbox 1676 2975 1760 3007; x_wconf 79' lang='lat' dir='ltr'>malas</span> <span class='ocrx_word' id='word_1_1163' title='bbox 1780 2974 1917 3007; x_wconf 86' lang='lat' dir='ltr'>consuetu</span> <span class='ocrx_word' id='word_1_1164' title='bbox 1937 2976 2012 3012; x_wconf 76' lang='lat' dir='ltr'>ines,</span> <span class='ocrx_word' id='word_1_1165' title='bbox 2029 2983 2161 3012; x_wconf 88' lang='lat' dir='ltr'>tempore</span> <span class='ocrx_word' id='word_1_1166' title='bbox 2213 2976 2269 3014; x_wconf 72' lang='lat' dir='ltr'>egis</span> <span class='ocrx_word' id='word_1_1167' title='bbox 2287 2974 2406 3006; x_wconf 82' lang='lat' dir='ltr'>Ricardi</span> 
     </span>
     <span class='ocr_line' id='line_1_158' title="bbox 1343 3011 2404 3053; baseline 0 -9"><span class='ocrx_word' id='word_1_1168' title='bbox 1343 3013 1432 3044; x_wconf 82' lang='lat' dir='ltr'>fratris</span> <span class='ocrx_word' id='word_1_1169' title='bbox 1450 3013 1543 3045; x_wconf 90' lang='lat' dir='ltr'>nostri</span> <span class='ocrx_word' id='word_1_1170' title='bbox 1563 3013 1703 3053; x_wconf 87' lang='lat' dir='ltr'>subortas,</span> <span class='ocrx_word' id='word_1_1171' title='bbox 1728 3015 1926 3052; x_wconf 73' lang='lat' dir='ltr'>cittii-paremus</span> <span class='ocrx_word' id='word_1_1172' title='bbox 1942 3023 1948 3043; x_wconf 92' lang='lat'>:</span> <span class='ocrx_word' id='word_1_1173' title='bbox 1971 3012 2022 3044; x_wconf 92' lang='lat' dir='ltr'>De</span> <span class='ocrx_word' id='word_1_1174' title='bbox 2040 3011 2287 3044; x_wconf 89' lang='lat' dir='ltr'>consuetudinibus</span> <span class='ocrx_word' id='word_1_1175' title='bbox 2307 3021 2404 3044; x_wconf 89' lang='lat' dir='ltr'>autem</span> 
     </span>
     <span class='ocr_line' id='line_1_159' title="bbox 1343 3050 2403 3094; baseline 0 -12"><span class='ocrx_word' id='word_1_1176' title='bbox 1343 3060 1474 3091; x_wconf 85' lang='lat' dir='ltr'>tempore</span> <span class='ocrx_word' id='word_1_1177' title='bbox 1494 3053 1575 3090; x_wconf 83' lang='lat' dir='ltr'>patris</span> <span class='ocrx_word' id='word_1_1178' title='bbox 1592 3051 1683 3083; x_wconf 88' lang='lat' dir='ltr'>nostri</span> <span class='ocrx_word' id='word_1_1179' title='bbox 1699 3051 1844 3091; x_wconf 80' lang='lat' dir='ltr'>suscitatis,</span> <span class='ocrx_word' id='word_1_1180' title='bbox 1863 3051 1884 3082; x_wconf 83' lang='lat' dir='ltr'>si</span> <span class='ocrx_word' id='word_1_1181' title='bbox 1900 3061 1965 3090; x_wconf 83' lang='lat' dir='ltr'>quae</span> <span class='ocrx_word' id='word_1_1182' title='bbox 1986 3050 2076 3083; x_wconf 74' lang='lat' dir='ltr'>essent</span> <span class='ocrx_word' id='word_1_1183' title='bbox 2097 3058 2222 3091; x_wconf 82' lang='lat' dir='ltr'>quaeeos</span> <span class='ocrx_word' id='word_1_1184' title='bbox 2239 3060 2403 3094; x_wconf 76' lang='lat' dir='ltr'>gravarent,</span> 
     </span>
     <span class='ocr_line' id='line_1_160' title="bbox 1344 3089 2402 3129; baseline 0.002 -9"><span class='ocrx_word' id='word_1_1185' title='bbox 1344 3100 1395 3128; x_wconf 89' lang='lat' dir='ltr'>per</span> <span class='ocrx_word' id='word_1_1186' title='bbox 1406 3090 1555 3122; x_wconf 82' lang='lat' dir='ltr'>consilium</span> <span class='ocrx_word' id='word_1_1187' title='bbox 1567 3089 1692 3122; x_wconf 81' lang='lat' dir='ltr'>fidelium</span> <span class='ocrx_word' id='word_1_1188' title='bbox 1712 3089 1877 3122; x_wconf 90' lang='lat' dir='ltr'>nostrorum</span> <span class='ocrx_word' id='word_1_1189' title='bbox 1900 3100 2094 3129; x_wconf 85' lang='lat' dir='ltr'>operaremur·</span> <span class='ocrx_word' id='word_1_1190' title='bbox 2113 3090 2169 3128; x_wconf 87' lang='lat' dir='ltr'>set,</span> <span class='ocrx_word' id='word_1_1191' title='bbox 2186 3099 2241 3121; x_wconf 86' lang='lat' dir='ltr'>nec</span> <span class='ocrx_word' id='word_1_1192' title='bbox 2261 3089 2330 3128; x_wconf 85' lang='lat' dir='ltr'>hiis,</span> <span class='ocrx_word' id='word_1_1193' title='bbox 2347 3100 2402 3122; x_wconf 83' lang='lat' dir='ltr'>nec</span> 
     </span>
     <span class='ocr_line' id='line_1_161' title="bbox 1343 3114 2176 3172; baseline 0 -13"><span class='ocrx_word' id='word_1_1194' title='bbox 1343 3128 1399 3159; x_wconf 88' lang='lat' dir='ltr'>aliis</span> <span class='ocrx_word' id='word_1_1195' title='bbox 1411 3128 1572 3172; x_wconf 72' lang='lat' dir='ltr'>supradictis</span> <span class='ocrx_word' id='word_1_1196' title='bbox 1585 3130 1730 3168; x_wconf 86' lang='lat' dir='ltr'>contenti,</span> <span class='ocrx_word' id='word_1_1197' title='bbox 1746 3130 1843 3160; x_wconf 83' lang='lat' dir='ltr'>omnia</span> <span class='ocrx_word' id='word_1_1198' title='bbox 1854 3128 1993 3168; x_wconf 80' lang='lat' dir='ltr'>praemissa</span> <span class='ocrx_word' id='word_1_1199' title='bbox 2005 3114 2176 3160; x_wconf 57' lang='lat' dir='ltr'>recusarunt.</span> 
     </span>
    </p>

    <p class='ocr_par' dir='ltr' id='par_1_52' title="bbox 1343 3165 2402 3246">
     <span class='ocr_line' id='line_1_162' title="bbox 1381 3165 2402 3206; baseline 0 -8"><span class='ocrx_word' id='word_1_1200' title='bbox 1381 3166 1515 3198; x_wconf 89' lang='lat' dir='ltr'>Videntes</span> <span class='ocrx_word' id='word_1_1201' title='bbox 1534 3169 1619 3206; x_wconf 87' lang='lat' dir='ltr'>igitur</span> <span class='ocrx_word' id='word_1_1202' title='bbox 1640 3166 1718 3206; x_wconf 90' lang='lat' dir='ltr'>quod</span> <span class='ocrx_word' id='word_1_1203' title='bbox 1736 3168 1787 3206; x_wconf 83' lang='lat' dir='ltr'>ipsi</span> <span class='ocrx_word' id='word_1_1204' title='bbox 1806 3167 1953 3198; x_wconf 79' lang='lat' dir='ltr'>manifeste</span> <span class='ocrx_word' id='word_1_1205' title='bbox 1972 3168 2133 3198; x_wconf 86' lang='lat' dir='ltr'>nitebantur</span> <span class='ocrx_word' id='word_1_1206' title='bbox 2153 3165 2189 3197; x_wconf 85' lang='lat' dir='ltr'>ad</span> <span class='ocrx_word' id='word_1_1207' title='bbox 2209 3167 2402 3198; x_wconf 85' lang='lat' dir='ltr'>turbationem</span> 
     </span>
     <span class='ocr_line' id='line_1_163' title="bbox 1343 3204 2401 3246; baseline 0.001 -12"><span class='ocrx_word' id='word_1_1208' title='bbox 1343 3204 1438 3244; x_wconf 87' lang='lat' dir='ltr'>Regni</span> <span class='ocrx_word' id='word_1_1209' title='bbox 1458 3205 1568 3244; x_wconf 87' lang='lat' dir='ltr'>nostri,</span> <span class='ocrx_word' id='word_1_1210' title='bbox 1592 3207 1754 3245; x_wconf 79' lang='lat' dir='ltr'>rogavimus</span> <span class='ocrx_word' id='word_1_1211' title='bbox 1774 3205 1938 3237; x_wconf 84' lang='lat' dir='ltr'>Dominum</span> <span class='ocrx_word' id='word_1_1212' title='bbox 1956 3205 2184 3246; x_wconf 75' lang='lat' dir='ltr'>Cantuariensem</span> <span class='ocrx_word' id='word_1_1213' title='bbox 2203 3205 2401 3242; x_wconf 84' lang='lat' dir='ltr'>Archiepisco-</span> 
     </span>
    </p>

    <p class='ocr_par' dir='ltr' id='par_1_53' title="bbox 1340 3242 2405 3552">
     <span class='ocr_line' id='line_1_164' title="bbox 1364 3242 2398 3284; baseline -0.001 -10"><span class='ocrx_word' id='word_1_1214' title='bbox 1364 3253 1412 3274; x_wconf 88' lang='lat' dir='ltr'>um</span> <span class='ocrx_word' id='word_1_1215' title='bbox 1428 3245 1461 3275; x_wconf 91' lang='lat'>&amp;</span> <span class='ocrx_word' id='word_1_1216' title='bbox 1477 3245 1534 3283; x_wconf 83' lang='lat' dir='ltr'>ejus</span> <span class='ocrx_word' id='word_1_1217' title='bbox 1547 3242 1743 3284; x_wconf 84' lang='lat' dir='ltr'>Suffraganeos</span> <span class='ocrx_word' id='word_1_1218' title='bbox 1757 3245 1836 3282; x_wconf 86' lang='lat' dir='ltr'>quod</span> <span class='ocrx_word' id='word_1_1219' title='bbox 1853 3252 2057 3283; x_wconf 85' lang='lat' dir='ltr'>exequerentur</span> <span class='ocrx_word' id='word_1_1220' title='bbox 2074 3243 2239 3275; x_wconf 86' lang='lat' dir='ltr'>mandatum</span> <span class='ocrx_word' id='word_1_1221' title='bbox 2258 3243 2398 3282; x_wconf 81' lang='lat' dir='ltr'>vestrum,</span> 
     </span>
     <span class='ocr_line' id='line_1_165' title="bbox 1353 3281 2398 3321; baseline 0.001 -9"><span class='ocrx_word' id='word_1_1222' title='bbox 1353 3282 1446 3313; x_wconf 87' lang='lat' dir='ltr'>cilicet</span> <span class='ocrx_word' id='word_1_1223' title='bbox 1458 3306 1468 3321; x_wconf 88' lang='lat'>,</span> <span class='ocrx_word' id='word_1_1224' title='bbox 1495 3283 1574 3320; x_wconf 90' lang='lat' dir='ltr'>quod</span> <span class='ocrx_word' id='word_1_1225' title='bbox 1597 3283 1751 3314; x_wconf 88' lang='lat' dir='ltr'>secundum</span> <span class='ocrx_word' id='word_1_1226' title='bbox 1773 3292 1904 3314; x_wconf 87' lang='lat' dir='ltr'>tenorem</span> <span class='ocrx_word' id='word_1_1227' title='bbox 1923 3283 2077 3314; x_wconf 84' lang='lat' dir='ltr'>litterarum</span> <span class='ocrx_word' id='word_1_1228' title='bbox 2095 3282 2251 3314; x_wconf 89' lang='lat' dir='ltr'>vestrarum</span> <span class='ocrx_word' id='word_1_1229' title='bbox 2266 3281 2398 3313; x_wconf 79' lang='lat' dir='ltr'>consueta</span> 
     </span>
     <span class='ocr_line' id='line_1_166' title="bbox 1341 3319 2396 3363; baseline 0.003 -13"><span class='ocrx_word' id='word_1_1230' title='bbox 1341 3320 1424 3350; x_wconf 87' lang='lat' dir='ltr'>nobis</span> <span class='ocrx_word' id='word_1_1231' title='bbox 1439 3320 1603 3352; x_wconf 82' lang='lat' dir='ltr'>exhiberent</span> <span class='ocrx_word' id='word_1_1232' title='bbox 1615 3321 1736 3352; x_wconf 88' lang='lat' dir='ltr'>servitia:</span> <span class='ocrx_word' id='word_1_1233' title='bbox 1755 3320 1794 3352; x_wconf 91' lang='lat' dir='ltr'>Et</span> <span class='ocrx_word' id='word_1_1234' title='bbox 1807 3321 1922 3360; x_wconf 76' lang='lat' dir='ltr'>postea,</span> <span class='ocrx_word' id='word_1_1235' title='bbox 1939 3321 1960 3352; x_wconf 88' lang='lat' dir='ltr'>fi</span> <span class='ocrx_word' id='word_1_1236' title='bbox 1973 3332 2038 3360; x_wconf 84' lang='lat' dir='ltr'>quae</span> <span class='ocrx_word' id='word_1_1237' title='bbox 2049 3332 2065 3352; x_wconf 89' lang='lat' dir='ltr'>a</span> <span class='ocrx_word' id='word_1_1238' title='bbox 2080 3321 2164 3353; x_wconf 77' lang='lat' dir='ltr'>nobis</span> <span class='ocrx_word' id='word_1_1239' title='bbox 2174 3327 2270 3363; x_wconf 54' lang='lat' dir='ltr'>peter?</span> <span class='ocrx_word' id='word_1_1240' title='bbox 2281 3319 2396 3360; x_wconf 81' lang='lat' dir='ltr'>vellent,</span> 
     </span>
     <span class='ocr_line' id='line_1_167' title="bbox 1342 3358 2405 3398; baseline -0.001 -10"><span class='ocrx_word' id='word_1_1241' title='bbox 1342 3367 1410 3389; x_wconf 91' lang='lat' dir='ltr'>cutn</span> <span class='ocrx_word' id='word_1_1242' title='bbox 1423 3358 1579 3390; x_wconf 89' lang='lat' dir='ltr'>humilitate</span> <span class='ocrx_word' id='word_1_1243' title='bbox 1592 3361 1626 3391; x_wconf 92' lang='lat'>&amp;</span> <span class='ocrx_word' id='word_1_1244' title='bbox 1641 3359 1699 3391; x_wconf 87' lang='lat' dir='ltr'>sine</span> <span class='ocrx_word' id='word_1_1245' title='bbox 1713 3361 1796 3390; x_wconf 88' lang='lat' dir='ltr'>armis</span> <span class='ocrx_word' id='word_1_1246' title='bbox 1808 3370 1839 3391; x_wconf 73' lang='lat' dir='ltr'>ea</span> <span class='ocrx_word' id='word_1_1247' title='bbox 1853 3361 1869 3390; x_wconf 70' lang='lat' dir='ltr'>a</span> <span class='ocrx_word' id='word_1_1248' title='bbox 1881 3361 1964 3392; x_wconf 89' lang='lat' dir='ltr'>nobis</span> <span class='ocrx_word' id='word_1_1249' title='bbox 1978 3368 2122 3398; x_wconf 83' lang='lat' dir='ltr'>peterent;</span> <span class='ocrx_word' id='word_1_1250' title='bbox 2137 3358 2334 3389; x_wconf 76' lang='lat' dir='ltr'>denunciantes</span> <span class='ocrx_word' id='word_1_1251' title='bbox 2348 3368 2405 3391; x_wconf 58' lang='lat' dir='ltr'>eoa</span> 
     </span>
     <span class='ocr_line' id='line_1_168' title="bbox 1342 3395 2396 3443; baseline -0.002 -15"><span class='ocrx_word' id='word_1_1252' title='bbox 1342 3398 1603 3441; x_wconf 63' lang='lat' dir='ltr'>eacommunicatos</span> <span class='ocrx_word' id='word_1_1253' title='bbox 1618 3399 1682 3437; x_wconf 90' lang='lat' dir='ltr'>qui,</span> <span class='ocrx_word' id='word_1_1254' title='bbox 1700 3398 1766 3443; x_wconf 83' lang='lat' dir='ltr'>post</span> <span class='ocrx_word' id='word_1_1255' title='bbox 1779 3398 1964 3441; x_wconf 28' lang='lat' dir='ltr'>praedic&#39;taleis</span> <span class='ocrx_word' id='word_1_1256' title='bbox 1978 3399 2088 3438; x_wconf 88' lang='lat' dir='ltr'>oblata,</span> <span class='ocrx_word' id='word_1_1257' title='bbox 2105 3404 2204 3442; x_wconf 72' lang='lat' dir='ltr'>pacem</span> <span class='ocrx_word' id='word_1_1258' title='bbox 2219 3395 2316 3436; x_wconf 86' lang='lat' dir='ltr'>Regni</span> <span class='ocrx_word' id='word_1_1259' title='bbox 2329 3406 2396 3440; x_wconf 76' lang='lat' dir='ltr'>nos-</span> 
     </span>
     <span class='ocr_line' id='line_1_169' title="bbox 1340 3433 2396 3516; baseline -0.001 -13"><span class='ocrx_word' id='word_1_1260' title='bbox 1340 3436 1848 3516; x_wconf 46' lang='grc' dir='ltr'>[ιὲἑῃὲῐῗεὲὺῖΐιᾛκὲξιέἀὲἓὲῗῗ</span> <span class='ocrx_word' id='word_1_1261' title='bbox 1863 3437 1970 3514; x_wconf 64' lang='grc' dir='ltr'>ἓὲὲῖῗο</span> <span class='ocrx_word' id='word_1_1262' title='bbox 1983 3486 2000 3506; x_wconf 71' lang='lat' dir='ltr'>e</span> <span class='ocrx_word' id='word_1_1263' title='bbox 2016 3433 2396 3514; x_wconf 46' lang='grc' dir='ltr'>ᾗῇἒοὲεῗῗωῗωᾞωῴἓὲ</span> 
     </span>
     <span class='ocr_line' id='line_1_170' title="bbox 1340 3514 2029 3552; baseline 0.003 -10"><span class='ocrx_word' id='word_1_1264' title='bbox 1340 3514 1607 3543; x_wconf 89' lang='lat' dir='ltr'>communicationis</span> <span class='ocrx_word' id='word_1_1265' title='bbox 1622 3523 1671 3544; x_wconf 87' lang='lat' dir='ltr'>eos</span> <span class='ocrx_word' id='word_1_1266' title='bbox 1685 3515 1866 3552; x_wconf 86' lang='lat' dir='ltr'>compescere</span> <span class='ocrx_word' id='word_1_1267' title='bbox 1879 3515 2029 3546; x_wconf 85' lang='lat' dir='ltr'>debebant.</span> 
     </span>
    </p>

    <p class='ocr_par' dir='ltr' id='par_1_54' title="bbox 1336 3549 2395 3850">
     <span class='ocr_line' id='line_1_171' title="bbox 1377 3549 2395 3594; baseline 0 -13"><span class='ocrx_word' id='word_1_1268' title='bbox 1377 3550 1426 3594; x_wconf 76' lang='lat' dir='ltr'>Set</span> <span class='ocrx_word' id='word_1_1269' title='bbox 1439 3549 1672 3590; x_wconf 87' lang='lat' dir='ltr'>Archiepiscopus</span> <span class='ocrx_word' id='word_1_1270' title='bbox 1684 3553 1866 3591; x_wconf 81' lang='lat' dir='ltr'>respondens,</span> <span class='ocrx_word' id='word_1_1271' title='bbox 1883 3554 1921 3585; x_wconf 88' lang='lat' dir='ltr'>ait</span> <span class='ocrx_word' id='word_1_1272' title='bbox 1937 3551 2016 3592; x_wconf 84' lang='lat' dir='ltr'>quod</span> <span class='ocrx_word' id='word_1_1273' title='bbox 2033 3550 2209 3594; x_wconf 62' lang='lat' dir='ltr'>Sententiam</span> <span class='ocrx_word' id='word_1_1274' title='bbox 2226 3556 2395 3581; x_wconf 84' lang='lat' dir='ltr'>excommu-</span> 
     </span>
     <span class='ocr_line' id='line_1_172' title="bbox 1339 3587 2393 3630; baseline 0.002 -12"><span class='ocrx_word' id='word_1_1275' title='bbox 1339 3590 1486 3620; x_wconf 71' lang='lat' dir='ltr'>nicationis</span> <span class='ocrx_word' id='word_1_1276' title='bbox 1498 3590 1528 3620; x_wconf 90' lang='lat' dir='ltr'>in</span> <span class='ocrx_word' id='word_1_1277' title='bbox 1540 3600 1589 3620; x_wconf 89' lang='lat' dir='ltr'>eos</span> <span class='ocrx_word' id='word_1_1278' title='bbox 1603 3591 1681 3621; x_wconf 89' lang='lat' dir='ltr'>nullo</span> <span class='ocrx_word' id='word_1_1279' title='bbox 1696 3591 1786 3622; x_wconf 89' lang='lat' dir='ltr'>modo</span> <span class='ocrx_word' id='word_1_1280' title='bbox 1801 3593 1955 3630; x_wconf 80' lang='lat' dir='ltr'>proferret,</span> <span class='ocrx_word' id='word_1_1281' title='bbox 1992 3590 2036 3620; x_wconf 73' lang='lat' dir='ltr'>uia</span> <span class='ocrx_word' id='word_1_1282' title='bbox 2047 3590 2122 3619; x_wconf 81' lang='lat' dir='ltr'>bene</span> <span class='ocrx_word' id='word_1_1283' title='bbox 2143 3587 2246 3619; x_wconf 77' lang='lat' dir='ltr'>sciebat</span> <span class='ocrx_word' id='word_1_1284' title='bbox 2265 3594 2393 3619; x_wconf 81' lang='lat' dir='ltr'>mentem</span> 
     </span>
     <span class='ocr_line' id='line_1_173' title="bbox 1338 3625 2392 3667; baseline 0.006 -10"><span class='ocrx_word' id='word_1_1285' title='bbox 1338 3626 1459 3658; x_wconf 82' lang='lat' dir='ltr'>vestram</span> <span class='ocrx_word' id='word_1_1286' title='bbox 1473 3629 1519 3665; x_wconf 87' lang='lat'>(&amp;</span> <span class='ocrx_word' id='word_1_1287' title='bbox 1532 3628 1678 3660; x_wconf 87' lang='lat' dir='ltr'>videbatur</span> <span class='ocrx_word' id='word_1_1288' title='bbox 1689 3631 1771 3661; x_wconf 87' lang='lat' dir='ltr'>nobis</span> <span class='ocrx_word' id='word_1_1289' title='bbox 1784 3630 1906 3662; x_wconf 80' lang='lat' dir='ltr'>similiter</span> <span class='ocrx_word' id='word_1_1290' title='bbox 1919 3635 1959 3667; x_wconf 84' lang='lat' dir='ltr'>qu</span> <span class='ocrx_word' id='word_1_1291' title='bbox 2009 3627 2047 3657; x_wconf 66' lang='lat' dir='ltr'>ita</span> <span class='ocrx_word' id='word_1_1292' title='bbox 2060 3626 2153 3657; x_wconf 81' lang='lat' dir='ltr'>facere</span> <span class='ocrx_word' id='word_1_1293' title='bbox 2170 3625 2308 3663; x_wconf 71' lang='lat' dir='ltr'>debebat,</span> <span class='ocrx_word' id='word_1_1294' title='bbox 2349 3628 2392 3657; x_wconf 77' lang='lat' dir='ltr'>uia</span> 
     </span>
     <span class='ocr_line' id='line_1_174' title="bbox 1339 3662 2390 3708; baseline 0.001 -13"><span class='ocrx_word' id='word_1_1295' title='bbox 1339 3665 1532 3696; x_wconf 83' lang='lat' dir='ltr'>mandavimus</span> <span class='ocrx_word' id='word_1_1296' title='bbox 1565 3676 1659 3698; x_wconf 89' lang='lat' dir='ltr'>entem</span> <span class='ocrx_word' id='word_1_1297' title='bbox 1673 3670 1817 3708; x_wconf 82' lang='lat' dir='ltr'>copiosam</span> <span class='ocrx_word' id='word_1_1298' title='bbox 1827 3669 1864 3699; x_wconf 92' lang='lat' dir='ltr'>de</span> <span class='ocrx_word' id='word_1_1299' title='bbox 1877 3668 1956 3699; x_wconf 82' lang='lat' dir='ltr'>terris</span> <span class='ocrx_word' id='word_1_1300' title='bbox 1966 3673 2164 3697; x_wconf 68' lang='lat' dir='ltr'>extremorum</span> <span class='ocrx_word' id='word_1_1301' title='bbox 2176 3662 2211 3693; x_wconf 88' lang='lat' dir='ltr'>ad</span> <span class='ocrx_word' id='word_1_1302' title='bbox 2229 3663 2314 3694; x_wconf 83' lang='lat' dir='ltr'>succu</span> <span class='ocrx_word' id='word_1_1303' title='bbox 2340 3674 2390 3696; x_wconf 91' lang='lat' dir='ltr'>um</span> 
     </span>
     <span class='ocr_line' id='line_1_175' title="bbox 1338 3675 2393 3750; baseline -0.002 -17"><span class='ocrx_word' id='word_1_1304' title='bbox 1338 3711 1420 3734; x_wconf 88' lang='lat' dir='ltr'>terrae</span> <span class='ocrx_word' id='word_1_1305' title='bbox 1439 3675 1564 3742; x_wconf 44' lang='lat' dir='ltr'>nostrae?</span> <span class='ocrx_word' id='word_1_1306' title='bbox 1578 3707 1611 3737; x_wconf 89' lang='lat'>&amp;</span> <span class='ocrx_word' id='word_1_1307' title='bbox 1631 3708 1758 3744; x_wconf 78' lang='lat' dir='ltr'>promifit</span> <span class='ocrx_word' id='word_1_1308' title='bbox 1771 3708 1854 3739; x_wconf 71' lang='lat' dir='ltr'>nobis</span> <span class='ocrx_word' id='word_1_1309' title='bbox 1869 3705 1964 3744; x_wconf 85' lang='lat' dir='ltr'>quod,</span> <span class='ocrx_word' id='word_1_1310' title='bbox 1981 3703 2002 3734; x_wconf 84' lang='lat' dir='ltr'>fi</span> <span class='ocrx_word' id='word_1_1311' title='bbox 2022 3714 2072 3749; x_wconf 75' lang='lat' dir='ltr'>eos</span> <span class='ocrx_word' id='word_1_1312' title='bbox 2091 3711 2226 3746; x_wconf 72' lang='lat' dir='ltr'>revocare</span> <span class='ocrx_word' id='word_1_1313' title='bbox 2240 3701 2393 3750; x_wconf 77' lang='lat' dir='ltr'>vellemus,</span> 
     </span>
     <span class='ocr_line' id='line_1_176' title="bbox 1337 3740 2393 3778; baseline 0.001 -7"><span class='ocrx_word' id='word_1_1314' title='bbox 1337 3751 1399 3772; x_wconf 90' lang='lat' dir='ltr'>non</span> <span class='ocrx_word' id='word_1_1315' title='bbox 1414 3742 1506 3773; x_wconf 90' lang='lat' dir='ltr'>solum</span> <span class='ocrx_word' id='word_1_1316' title='bbox 1526 3744 1688 3776; x_wconf 87' lang='lat' dir='ltr'>sententiam</span> <span class='ocrx_word' id='word_1_1317' title='bbox 1710 3744 2011 3777; x_wconf 69' lang='lat' dir='ltr'>excommunicationis</span> <span class='ocrx_word' id='word_1_1318' title='bbox 2030 3752 2061 3772; x_wconf 88' lang='lat' dir='ltr'>in</span> <span class='ocrx_word' id='word_1_1319' title='bbox 2079 3751 2129 3771; x_wconf 83' lang='lat' dir='ltr'>eos</span> <span class='ocrx_word' id='word_1_1320' title='bbox 2141 3740 2272 3778; x_wconf 82' lang='lat' dir='ltr'>inferret,</span> <span class='ocrx_word' id='word_1_1321' title='bbox 2290 3750 2393 3772; x_wconf 87' lang='lat' dir='ltr'>verum</span> 
     </span>
     <span class='ocr_line' id='line_1_177' title="bbox 1337 3778 2394 3825; baseline 0 -15"><span class='ocrx_word' id='word_1_1322' title='bbox 1337 3780 1437 3819; x_wconf 70' lang='lat' dir='ltr'>etiam,</span> <span class='ocrx_word' id='word_1_1323' title='bbox 1462 3782 1493 3825; x_wconf 77' lang='lat' dir='ltr'>in</span> <span class='ocrx_word' id='word_1_1324' title='bbox 1511 3791 1646 3820; x_wconf 83' lang='lat' dir='ltr'>quantum</span> <span class='ocrx_word' id='word_1_1325' title='bbox 1666 3784 1776 3823; x_wconf 76' lang='lat' dir='ltr'>posset,</span> <span class='ocrx_word' id='word_1_1326' title='bbox 1799 3793 1849 3814; x_wconf 86' lang='lat' dir='ltr'>eos</span> <span class='ocrx_word' id='word_1_1327' title='bbox 1870 3781 2023 3819; x_wconf 76' lang='lat' dir='ltr'>resisteret;</span> <span class='ocrx_word' id='word_1_1328' title='bbox 2040 3778 2116 3811; x_wconf 83' lang='lat' dir='ltr'>unde</span> <span class='ocrx_word' id='word_1_1329' title='bbox 2131 3786 2247 3819; x_wconf 83' lang='lat' dir='ltr'>gentem</span> <span class='ocrx_word' id='word_1_1330' title='bbox 2267 3778 2394 3811; x_wconf 84' lang='lat' dir='ltr'>nostram</span> 
     </span>
     <span class='ocr_line' id='line_1_178' title="bbox 1336 3828 1542 3850; baseline 0 -2"><span class='ocrx_word' id='word_1_1331' title='bbox 1336 3828 1542 3850; x_wconf 81' lang='lat' dir='ltr'>revocavimus.</span> 
     </span>
    </p>

    <p class='ocr_par' dir='ltr' id='par_1_55' title="bbox 1334 3853 2395 4015">
     <span class='ocr_line' id='line_1_179' title="bbox 1371 3853 2394 3899; baseline 0.006 -13"><span class='ocrx_word' id='word_1_1332' title='bbox 1371 3855 1563 3889; x_wconf 85' lang='lat' dir='ltr'>Postmodum</span> <span class='ocrx_word' id='word_1_1333' title='bbox 1581 3868 1678 3892; x_wconf 87' lang='lat' dir='ltr'>autern</span> <span class='ocrx_word' id='word_1_1334' title='bbox 1696 3860 1850 3899; x_wconf 71' lang='lat' dir='ltr'>optulimus</span> <span class='ocrx_word' id='word_1_1335' title='bbox 1867 3859 1922 3898; x_wconf 79' lang='lat' dir='ltr'>eis,</span> <span class='ocrx_word' id='word_1_1336' title='bbox 1940 3864 1992 3896; x_wconf 77' lang='lat' dir='ltr'>per</span> <span class='ocrx_word' id='word_1_1337' title='bbox 2011 3856 2113 3886; x_wconf 71' lang='lat' dir='ltr'>litteras</span> <span class='ocrx_word' id='word_1_1338' title='bbox 2125 3855 2232 3886; x_wconf 67' lang='lat' dir='ltr'>11³³stras</span> <span class='ocrx_word' id='word_1_1339' title='bbox 2246 3853 2394 3895; x_wconf 81' lang='lat' dir='ltr'>Parentes,</span> 
     </span>
     <span class='ocr_line' id='line_1_180' title="bbox 1336 3893 2395 3934; baseline 0 -9"><span class='ocrx_word' id='word_1_1340' title='bbox 1336 3905 1386 3933; x_wconf 88' lang='lat' dir='ltr'>per</span> <span class='ocrx_word' id='word_1_1341' title='bbox 1402 3894 1567 3927; x_wconf 88' lang='lat' dir='ltr'>Dominum</span> <span class='ocrx_word' id='word_1_1342' title='bbox 1582 3897 1809 3930; x_wconf 86' lang='lat' dir='ltr'>Cantuariensem</span> <span class='ocrx_word' id='word_1_1343' title='bbox 1823 3895 2092 3934; x_wconf 82' lang='lat' dir='ltr'>Archiepiscopum‚</span> <span class='ocrx_word' id='word_1_1344' title='bbox 2111 3895 2145 3925; x_wconf 87' lang='lat'>&amp;</span> <span class='ocrx_word' id='word_1_1345' title='bbox 2165 3893 2253 3933; x_wconf 72' lang='lat' dir='ltr'>duos,</span> <span class='ocrx_word' id='word_1_1346' title='bbox 2270 3894 2317 3926; x_wconf 85' lang='lat' dir='ltr'>vel</span> <span class='ocrx_word' id='word_1_1347' title='bbox 2338 3902 2395 3925; x_wconf 76' lang='lat' dir='ltr'>tres</span> 
     </span>
     <span class='ocr_line' id='line_1_181' title="bbox 1336 3932 2392 3976; baseline 0 -12"><span class='ocrx_word' id='word_1_1348' title='bbox 1336 3933 1532 3974; x_wconf 77' lang='lat' dir='ltr'>suffraganeos</span> <span class='ocrx_word' id='word_1_1349' title='bbox 1546 3937 1602 3973; x_wconf 89' lang='lat' dir='ltr'>ejus</span> <span class='ocrx_word' id='word_1_1350' title='bbox 1615 3938 1653 3968; x_wconf 86' lang='lat' dir='ltr'>eis</span> <span class='ocrx_word' id='word_1_1351' title='bbox 1667 3937 1782 3974; x_wconf 80' lang='lat' dir='ltr'>delatas,</span> <span class='ocrx_word' id='word_1_1352' title='bbox 1802 3935 1881 3974; x_wconf 91' lang='lat' dir='ltr'>quod</span> <span class='ocrx_word' id='word_1_1353' title='bbox 1891 3944 1944 3964; x_wconf 90' lang='lat' dir='ltr'>nos</span> <span class='ocrx_word' id='word_1_1354' title='bbox 1958 3933 2123 3976; x_wconf 79' lang='lat' dir='ltr'>eligeremus</span> <span class='ocrx_word' id='word_1_1355' title='bbox 2145 3942 2178 3963; x_wconf 79' lang='lat' dir='ltr'>ex</span> <span class='ocrx_word' id='word_1_1356' title='bbox 2199 3942 2274 3971; x_wconf 85' lang='lat' dir='ltr'>parte</span> <span class='ocrx_word' id='word_1_1357' title='bbox 2296 3932 2392 3964; x_wconf 86' lang='lat' dir='ltr'>nostra</span> 
     </span>
     <span class='ocr_line' id='line_1_182' title="bbox 1334 3969 2394 4015; baseline -0.001 -13"><span class='ocrx_word' id='word_1_1358' title='bbox 1334 3981 1456 4009; x_wconf 87' lang='lat' dir='ltr'>quatuor</span> <span class='ocrx_word' id='word_1_1359' title='bbox 1469 3997 1479 4010; x_wconf 83' lang='lat'>‚</span> <span class='ocrx_word' id='word_1_1360' title='bbox 1504 3974 1538 4005; x_wconf 76' lang='grc' dir='ltr'>δε</span> <span class='ocrx_word' id='word_1_1361' title='bbox 1560 3975 1611 4012; x_wconf 74' lang='lat' dir='ltr'>ipsi</span> <span class='ocrx_word' id='word_1_1362' title='bbox 1633 3985 1668 4006; x_wconf 86' lang='lat' dir='ltr'>ex</span> <span class='ocrx_word' id='word_1_1363' title='bbox 1689 3983 1766 4013; x_wconf 87' lang='lat' dir='ltr'>parte</span> <span class='ocrx_word' id='word_1_1364' title='bbox 1788 3973 1833 4003; x_wconf 88' lang='lat' dir='ltr'>sua</span> <span class='ocrx_word' id='word_1_1365' title='bbox 1853 3981 1990 4010; x_wconf 88' lang='lat' dir='ltr'>quatuor,</span> <span class='ocrx_word' id='word_1_1366' title='bbox 2014 3980 2050 4001; x_wconf 87' lang='lat' dir='ltr'>ita</span> <span class='ocrx_word' id='word_1_1367' title='bbox 2070 3969 2149 4008; x_wconf 89' lang='lat' dir='ltr'>quod</span> <span class='ocrx_word' id='word_1_1368' title='bbox 2167 3982 2219 4002; x_wconf 89' lang='lat' dir='ltr'>vos</span> <span class='ocrx_word' id='word_1_1369' title='bbox 2239 3972 2394 4015; x_wconf 81' lang='lat' dir='ltr'>superiores</span> 
     </span>
    </p>
   </div>
   <div class='ocr_carea' id='block_1_31' title="bbox 1332 4008 2541 4056">
    <p class='ocr_par' dir='ltr' id='par_1_56' title="bbox 1332 4008 2541 4056">
     <span class='ocr_line' id='line_1_183' title="bbox 1332 4008 2541 4056; baseline 0.007 -14"><span class='ocrx_word' id='word_1_1370' title='bbox 1332 4009 1575 4044; x_wconf 61' lang='lat' dir='ltr'>constitueram</span> <span class='ocrx_word' id='word_1_1371' title='bbox 1592 4012 1628 4045; x_wconf 88' lang='lat' dir='ltr'>de</span> <span class='ocrx_word' id='word_1_1372' title='bbox 1648 4014 1668 4035; x_wconf 78' lang='lat'>³¹¹</span> <span class='ocrx_word' id='word_1_1373' title='bbox 1691 4011 1825 4054; x_wconf 68' lang='lat' dir='ltr'>omnibus</span> <span class='ocrx_word' id='word_1_1374' title='bbox 1846 4009 1964 4050; x_wconf 79' lang='lat' dir='ltr'>querelis</span> <span class='ocrx_word' id='word_1_1375' title='bbox 1985 4008 2164 4050; x_wconf 72' lang='lat' dir='ltr'>libertatum,</span> <span class='ocrx_word' id='word_1_1376' title='bbox 2182 4020 2249 4050; x_wconf 79' lang='lat' dir='ltr'>quas</span> <span class='ocrx_word' id='word_1_1377' title='bbox 2260 4009 2314 4056; x_wconf 49' lang='lat'>1125,</span> <span class='ocrx_word' id='word_1_1378' title='bbox 2326 4019 2394 4049; x_wconf 78' lang='lat' dir='ltr'>pro-</span> <span class='ocrx_word' id='word_1_1379' title='bbox 2415 4022 2460 4049; x_wconf 73' lang='grc'>*1.</span> <span class='ocrx_word' id='word_1_1380' title='bbox 2476 4028 2541 4051; x_wconf 72' lang='lat'>201.</span> 
     </span>
    </p>
   </div>
   <div class='ocr_carea' id='block_1_32' title="bbox 2303 4053 2393 4087">
    <p class='ocr_par' dir='ltr' id='par_1_57' title="bbox 2303 4053 2393 4087">
     <span class='ocr_line' id='line_1_184' title="bbox 2303 4053 2393 4087; baseline 0 -8"><span class='ocrx_word' id='word_1_1381' title='bbox 2303 4053 2393 4087; x_wconf 68' lang='lat' dir='ltr'>pone-</span> 
     </span>
    </p>
   </div>
  </div>
 </body>
</html>
