2570 4261
11 302 87 334 Ann.
102 298 144 330 D.

34 348 116 372 1212.

31 3065 140 3096 hannis,

33 3113 71 3131 m.
89 3103 149 3130 2.d.

33 3141 53 3162 ⁴*
69 3142 166 3178 1.165.

136 2932 142 2939 .
178 2906 264 2946 Angi.
283 2908 343 2938 &c
363 2906 403 2938 Et
423 2908 484 2938 tam
501 2907 618 2938 smeerae
633 2906 724 2946 quarn

730 214 840 258 ET
923 216 1189 258 ACTA

162 299 288 331 nostram
310 301 481 332 comburere
493 322 502 338 ‚
525 307 558 330 ut
573 300 739 338 praedictum
753 301 811 339 est,
827 301 998 332 vicecomes
1009 300 1188 332 Herefordiae
1200 325 1211 338 ,

158 340 187 369 in
208 340 286 378 cujus
300 339 403 369 Balliva
416 339 474 369 hoc
487 338 608 378 fecerat,
623 339 785 369 demandari
796 341 864 370 fecit
877 349 943 370 eum
958 341 986 369 in
1001 339 1147 370 Comitatu
1162 339 1213 369 suo

159 386 291 415 tanquam
304 377 533 414 malefacstoremg
549 377 599 415 &,
617 387 685 408 cum
700 378 812 417 utlagari
824 377 908 408 debet
928 378 1081 408 secundum
1095 377 1214 408 consue-

159 415 288 446 tudinem
308 414 420 453 Angliae
434 437 444 453 ‚
468 424 536 451 nOS,
555 424 670 453 propter
689 415 775 445 finem
795 425 882 454 quem
896 417 1027 453 praedicta
1041 415 1143 446 Matill.
1161 425 1215 445 no-

159 455 267 485 biscum
281 453 402 490 fecerat,
422 451 615 484 mandavimus
628 453 720 484 eidem
733 454 907 485 Vicecomi'ti
920 455 997 493 quod
1020 455 1076 484 hoc
1090 452 1217 484 differret

155 491 251 524 donec
265 493 295 522 in
305 490 406 529 Anglia
416 491 584 520 veniremus.

196 529 266 560 Post
286 528 476 559 reverlionem
497 539 567 559 vero
589 529 713 559 nostram
733 532 762 560 in
783 529 901 569 Anglia,
916 541 984 562 cum
999 530 1052 568 ipsa
1064 529 1167 559 Matill.
1184 530 1218 560 &

161 568 202 600 sui
217 566 305 598 essent
316 566 390 605 apud
407 566 522 597 Bristoll.
542 569 571 597 in
590 567 734 607 custodia,
750 569 827 606 petiit
842 570 919 606 quod
938 570 1078 599 licentiam
1092 568 1218 598 daremus

161 607 226 637 viro
246 605 296 635 suo
320 605 450 636 veniendi
466 629 475 643 ,
494 606 527 636 δε
542 606 679 643 loquendi
692 616 761 636 cum
774 617 805 636 ea
818 609 965 646 privatim,
983 608 1016 638 δε
1029 606 1218 637 concessimus

162 654 211 682 ea3
229 643 294 682 post
315 643 396 683 haec,
413 645 492 674 venit
511 643 545 674 ad
568 654 620 674 nos
634 644 712 674 idem
727 645 915 684 willielmus,
931 647 965 677 ὃ(
981 645 1116 676 concessit
1132 644 1217 674 finem

163 681 244 713 illum
296 691 384 720 quem
405 691 476 713 uxor
495 682 539 712 sua
557 682 707 712 nobiscum
725 683 828 713 fecerat
842 707 851 721 ,
867 685 901 714 &
917 683 1042 721 promisit
1054 684 1218 720 separatum

163 719 222 750 esse
233 705 354 752 libenter
365 719 400 750 ad
413 720 538 750 solvend.
557 719 613 759 Et,
631 731 699 751 cum
715 722 754 751 ire
767 721 880 751 deberet
891 723 925 752 ad
937 722 1154 760 perquirendum
1170 732 1218 758 pe-

164 760 278 790 cuniam
300 759 377 790 illam
391 781 400 797 ,
426 758 603 789 liberavimus
617 761 660 798 ei,
677 759 711 789 ad
728 760 892 797 petitionem
906 761 981 790 suam
996 770 1084 790 unum
1099 760 1219 790 servien—

164 805 226 838 tem
246 796 369 827 Galfridi
387 796 436 827 filii
456 796 531 828 Petri
547 796 696 836 Justiciarii
709 797 811 836 nostri,
834 799 881 836 qui
896 809 963 830 cum
977 809 1014 829 eo
1027 799 1109 835 effer,
1129 800 1162 828 &
1176 799 1218 835 ip-

166 838 227 866 sum
239 835 411 866 conduceret
420 859 429 873 ,
447 845 483 865 ne
498 835 572 866 forte
585 835 686 867 alicubi
701 837 897 875 impediretur,
912 848 948 867 eo
961 837 1039 875 quod
1052 838 1152 870 totiens
1167 836 1218 865 de-

165 873 308 905 mandatus
320 874 408 905 fuerat
420 873 454 904 ad
469 873 629 905 Comitatus
643 884 776 914 tanquam
791 875 962 906 malefaCtor.

203 911 256 950 Et,
275 922 343 943 cum
366 913 424 942 dies
444 914 542 952 prirnae
561 915 712 951 pacationis
737 915 966 953 appropinquaret
982 937 991 952 ‚
1016 912 1070 950 ipse
1083 937 1092 950 ,
1120 911 1220 954 relid‘to

167 951 307 988 praedicto
327 950 461 982 serviente
475 975 484 988 ,
507 951 542 982 de
558 961 630 983 terra
643 952 737 983 nostra
752 953 864 990 Angli-se
879 953 953 984 clam
963 952 1086 990 aufugit,
1104 959 1157 979 nec
1172 950 1220 978 ali-

163 989 234 1028 quid
255 990 336 1019 nobis
353 989 390 1018 de
408 990 540 1027 praedicta
551 993 668 1028 pecunia
681 990 774 1021 nostra
786 990 911 1022 reddidit.

204 1027 242 1057 Et
255 1037 323 1057 cum
337 1026 395 1057 dies
409 1030 508 1065 primae
520 1030 668 1066 pacationis
682 1029 852 1068 adveniss‘et,
869 1029 994 1060 misimus
1007 1025 1041 1057 ad
1056 1025 1220 1064 praedietam

166 1063 320 1095 Matildem
339 1065 502 1097 Galfridum
525 1066 614 1098 filium
634 1068 712 1099 Petri
726 1068 826 1107 justic.
851 1068 980 1098 nostrum
992 1088 1002 1104 ‚
1024 1065 1058 1096 δε
1073 1063 1222 1094 Comitem

165 1103 224 1133 Sar.
243 1103 356 1134 fratrem
375 1104 505 1135 nostrum
519 1129 528 1144 ,
554 1107 588 1137 δε
603 1105 631 1136 S.
650 1106 801 1137 Comitem
814 1106 947 1137 Winton.
966 1105 999 1136 ὃ(
1014 1103 1081 1132 alios
1096 1102 1132 1132 de
1145 1110 1223 1140 mag-

163 1142 273 1172 natibus
293 1141 394 1179 nostris
443 1153 474 1175 ut
493 1145 624 1176 sciremus
640 1145 706 1184 quid
725 1145 804 1183 super
823 1145 881 1174 hoc
901 1142 969 1174 esset
991 1141 1114 1179 faciura3
1132 1141 1165 1171 &
1178 1141 1223 1170 illa

165 1179 280 1218 praecise
298 1168 439 1222 respondit
460 1182 537 1221 quod
560 1184 645 1215 nichil
666 1184 748 1214 nobis
761 1183 895 1218 solveret,
913 1182 947 1212 &
961 1179 1040 1218 quod
1053 1189 1113 1209 non
1129 1179 1226 1223 habuit

166 1219 227 1257 plus
250 1223 377 1256 pecuniae
397 1220 431 1250 ad
450 1221 536 1252 finem
556 1221 636 1253 illum
659 1221 709 1251 nisi
727 1221 826 1259 viginti
841 1227 959 1257 quatuor
974 1217 1069 1248 Marc.
1088 1217 1225 1260 Argenti,

166 1259 201 1288 &
217 1258 315 1296 viginti
331 1267 450 1296 quatuor
466 1259 598 1298 Bisantia‚
616 1261 650 1290 &
666 1258 830 1296 quindecim
844 1257 955 1289 Uncias
969 1256 1027 1286 auri
1043 1268 1053 1294 3
1071 1256 1105 1287 δε
1118 1258 1156 1286 lic
1170 1266 1226 1286 nec

165 1304 254 1334 tunc,
271 1306 325 1326 nec
339 1297 453 1336 postea,
471 1308 525 1329 nec
541 1300 583 1330 vir
598 1297 676 1335 suuS,
694 1307 747 1327 nec
762 1296 833 1335 ipsa,
852 1305 906 1325 nec
926 1295 1023 1333 aliquis
1045 1304 1099 1332 pro
1112 1294 1164 1325 illis
1178 1294 1227 1324 ali-

166 1333 235 1372 quid
251 1334 316 1373 inde
331 1337 412 1366 nobis
427 1336 516 1366 solvit.
1141 1338 1144 1341 ’

204 1372 285 1403 Cum
301 1374 383 1413 igitur
396 1373 564 1405 audissemus
579 1372 658 1411 quod
673 1372 823 1410 praedidius
836 1370 1011 1401 Willielmus
1027 1371 1063 1400 ita
1078 1370 1226 1401 recesserat

166 1410 204 1440 de
218 1420 290 1442 terra
310 1411 403 1441 nostra
417 1435 427 1450 ‚
452 1412 485 1442 ὃ(
499 1411 579 1449 quod
591 1411 678 1442 nichil
700 1411 782 1441 nobis
798 1410 834 1440 de
867 1411 967 1440 ecunia
979 1409 1075 1439 nostra
1089 1409 1227 1451 solveret,

168 1450 354 1487 praecepimus
375 1449 454 1487 quod
477 1450 662 1480 consideratio
685 1449 781 1489 Regni
795 1459 835 1479 no
862 1449 886 1479 ri
900 1448 936 1478 de
955 1458 992 1478 eo
1014 1447 1116 1486 fieret,
1141 1448 1174 1478 δε
1190 1452 1227 1489 lic

168 1487 204 1517 de
220 1487 368 1518 Comitatu
383 1491 412 1516 in
426 1487 607 1518 Comitatum
620 1512 630 1526 ,
655 1489 688 1519 &
704 1512 713 1526 ,
739 1497 799 1517 non
821 1496 990 1525 comparens
1004 1510 1014 1523 ,
1039 1487 1172 1525 tandem,
1190 1488 1230 1516 le-

167 1525 296 1556 cundum
311 1525 406 1563 legem
419 1528 453 1557 &
468 1527 704 1558 consuetudinem
718 1526 803 1565 Angl.
824 1525 865 1556 est.
881 1526 1024 1564 utlagatus.

204 1563 251 1594 Ut
263 1564 345 1603 igitur
358 1564 395 1594 de
408 1565 523 1596 veritate
535 1565 616 1604 hujus
631 1567 670 1596 rei
684 1565 818 1596 certiores
833 1564 1013 1601 efficiamini,
1029 1574 1099 1602 nos,
1117 1563 1150 1594 δε
1167 1562 1231 1593 Co-

168 1603 251 1633 mites
266 1601 355 1633 nostri
368 1603 512 1642 subscripti
527 1605 595 1636 huic
610 1604 714 1644 scripto
731 1603 815 1643 figilla
829 1602 925 1634 nostra
938 1601 1116 1641 apposuimus
1132 1603 1162 1632 in
1175 1611 1230 1633 tes·

169 1642 324 1672 timonium
338 1643 477 1681 veritatis,
495 1642 618 1682 scilicet,

170 1720 215 1748 W.
229 1721 318 1748 comes
330 1722 405 1749 Surr.
417 1718 515 1758 frater
528 1719 631 1759 noster,

171 1756 265 1795 Galfr.
273 1755 353 1799 filius
365 1760 443 1787 Petri
454 1762 526 1789 Com.
544 1758 628 1798 Effi‘x
635 1782 650 1795 ,.

170 1800 198 1826 S.
219 1799 308 1825 Comes
324 1797 456 1835 Wnton,

173 1834 306 1864 Ricardus
320 1837 408 1865 Comes
423 1836 454 1866 de
467 1834 565 1875 Clare,

172 1875 311 1901 Henricus
324 1877 414 1904 comes
429 1873 580 1914 Hereford,

173 1910 336 1940 Willielmus
350 1915 440 1942 Comes
455 1912 487 1942 de
497 1914 647 1950 ferrariis,

170 1949 387 1992 Robertusfilius
401 1949 519 1982 Walteri
526 1974 537 1990 ,

722 1718 882 1749 Wllielmus
893 1722 1003 1748 Briwer
1011 1743 1022 1758 ,

721 1760 801 1795 Hugo
818 1758 849 1786 de
862 1757 979 1795 Nevzll,

722 1795 882 1826 I‘Villielmus
897 1797 928 1826 de
943 1795 1108 1833 Albiniaco,

724 1836 794 1864 Ada
806 1836 838 1863 de
853 1837 932 1873 Poit,
1143 1856 1146 1857 ν

723 1875 762 1902 Η.
782 1874 814 1902 de
826 1875 945 1902 Gurnac.
965 1870 1003 1907 &-

724 1910 886 1942 Willielmus
900 1912 932 1942 de
949 1909 1103 1951 Moubray,
1119 1907 1158 1946 ὠ
1173 1907 1231 1940 alii.

469 2075 590 2109 Litterae
604 2075 642 2108 V
639 2075 785 2108 icecomiti
802 2073 935 2107 Toarcii.

279 2156 311 2189 X
329 2156 504 2193 Vicecomiti
517 2159 655 2191 Tuwarc.
674 2159 735 2190 &c.

125 2229 131 2234 ‚
147 2188 154 2195 ’
174 2156 378 2228 REGrates
392 2199 475 2228 vobis
490 2197 590 2228 multas
605 2197 752 2232 referimus
766 2206 801 2228 ex
813 2197 871 2227 hoc
885 2196 965 2234 quod
981 2196 1099 2231 firmiter
1114 2197 1148 2228 &
1163 2194 1234 2226 fide-

110 2255 137 2281 4,
171 2235 234 2267 liter
247 2236 278 2266 in
298 2234 353 2266 fide
365 2236 398 2266 &
411 2235 525 2267 servitio
541 2235 641 2267 nostro
658 2235 854 2275 perseveretis,
872 2236 905 2267 &
921 2246 973 2266 vos
989 2245 1123 2275 rogamus
1137 2244 1235 2273 quate-

174 2284 227 2307 nus
241 2285 256 2304 a
270 2274 352 2306 bono
364 2275 481 2313 incepto
488 2274 585 2306 vestro
599 2285 661 2306 non
675 2274 822 2313 desistatis,
839 2274 885 2305 sed
899 2274 933 2304 ad
946 2274 1089 2305 honorem
1103 2274 1235 2307 nostrum

175 2313 313 2344 tuendum
335 2312 450 2344 viriliter
471 2323 525 2344 vos
544 2314 643 2353 geratis
658 2337 668 2352 ,
692 2314 726 2345 &
745 2312 813 2344 alios
831 2312 925 2343 fideles
940 2313 1053 2346 nostros
1067 2312 1236 2344 confortetis

126 2376 137 2382 -
176 2352 210 2382 &
225 2353 450 2390 commoveatis,
468 2351 562 2383 scituri
578 2351 674 2391 quod,
692 2362 779 2390 quam
800 2352 881 2382 citius
899 2352 1075 2389 oportunitas
1098 2351 1235 2389 temporis

124 2418 132 2430 ‚
175 2389 305 2428 affuerit,
323 2399 454 2428 potenter
469 2392 504 2423 ὃς
518 2391 673 2422 efficaciter
687 2391 771 2422 vobis
786 2391 820 2422 &
835 2391 957 2428 partibus
976 2389 1075 2420 vestris
1088 2389 1236 2421 subvenie-

134 2459 140 2464 ,
176 2439 240 2459 mus
254 2453 264 2468 ,
287 2428 321 2458 ad
337 2428 416 2467 quod
429 2452 440 2468 ,
454 2431 540 2468 gratia
553 2430 631 2469 Dei,
647 2437 776 2467 potentes
791 2429 883 2459 sumus
892 2451 902 2466 ,
920 2430 953 2460 &
966 2429 1094 2458 animum
1108 2438 1234 2465 proniun

177 2469 212 2499 &
233 2467 434 2498 desiderantem
455 2469 593 2501 habemus
606 2490 617 2507 ‚
642 2469 676 2501 ὅ(
693 2467 779 2498 talem
799 2467 882 2498 vobis
896 2466 1058 2498 succursum
1071 2466 1235 2505 providebi-

177 2515 242 2536 mus
258 2515 346 2544 quem
361 2515 422 2536 non
436 2506 603 2544 crederetis,
621 2505 671 2536 nili
687 2505 767 2537 illum
780 2505 919 2536 videretis.

215 2543 278 2574 Alia
299 2552 395 2574 autem
414 2544 498 2576 vobis
521 2544 687 2576 mandamus
706 2553 757 2582 per
775 2542 869 2575 fideles
890 2542 1003 2574 nostros
1016 2553 1088 2582 quos
1101 2543 1130 2574 in
1144 2552 1235 2582 partes

175 2581 281 2614 vestras
294 2581 472 2615 destinamus.

211 2619 301 2651 Teste
313 2619 421 2659 meipso
432 2620 506 2659 apud
519 2619 656 2653 Windles.
675 2619 799 2651 secundo
813 2619 859 2651 die
873 2619 1065 2651 Novembris.

304 2744 424 2777 Littera
442 2741 555 2780 Othoni
570 2746 753 2792 Imperatori
769 2742 806 2778 de
814 2746 943 2790 pecunia
952 2743 1111 2788 filomela,

251 2828 388 2861 Ariffirno
403 2830 500 2870 nepoti
512 2828 563 2860 suo
574 2828 708 2867 Othoni,
725 2827 785 2860 Dei
801 2829 902 2868 gratia,
920 2828 1018 2860 illustri
1031 2829 1160 2860 Roman.
1179 2828 1239 2860 lm-

260 2871 383 2906 peratori
407 2870 443 2901 &
469 2868 580 2906 semper
599 2867 731 2908 Augusto
746 2867 929 2937 ,egohannee
948 2867 1047 2911 eadem
1066 2869 1154 2908 gratia
1172 2868 1238 2898 Rex

743 2905 763 2936 d
802 2907 847 2936 itae
866 2905 1025 2937 dilectionis
1039 2907 1237 2944 integritatem.

214 2945 330 2976 Misistis
351 2946 435 2976 nobis
455 2955 545 2985 nuper
557 2946 659 2976 litteras
672 2944 777 2976 vestras
792 2944 940 2983 Parentes,
954 2945 1061 2976 scilicet
1074 2945 1134 2975 duo
1148 2947 1220 2982 paria
1229 2969 1239 2985 ,

176 2984 280 3023 quibus
294 2983 443 3014 mandastis
453 2993 487 3015 ut
499 2984 536 3016 de
548 2984 642 3014 denar.
661 2993 734 3022 quos
748 2984 831 3015 vobis
845 2982 974 3014 dedimus
1007 2984 1117 3014 liberari
1131 2983 1238 3014 facere-

131 3042 143 3048 ·
179 3033 242 3053 mus
257 3021 383 3053 fidelibus
395 3022 492 3053 vestris
506 3022 627 3054 Gerard.
643 3022 679 3053 de
694 3021 796 3053 Rodes
809 3023 844 3053 &
867 3006 1006 3053 Conrad'o
1026 3022 1063 3052 de
1077 3022 1172 3052 Wilre
1187 3022 1238 3054 Se-

181 3060 301 3092 nescallo
316 3061 440 3093 *vestro
454 3061 525 3092 octo
540 3062 609 3092 mill.
623 3063 657 3094 &
671 3062 815 3101 quingent.
825 3060 921 3091 Marc.
940 3061 1023 3092 vobis
1037 3060 1239 3101 deportandas,

182 3099 227 3130 δι’
243 3099 354 3144 Simoni
382 3100 482 3144 Sapbir
503 3102 650 3145 quingent.
667 3099 763 3145 Marc.
782 3109 849 3139 quas
872 3099 956 3131 vobis
978 3099 1210 3131 accommodavit
1226 3111 1237 3139 3

182 3139 840 3222 nogssffiffiesszffintssraireirguqfilegiugegssssvssmm
856 3176 999 3222 Magistro
1013 3177 1100 3209 Milit.
1119 3177 1197 3221 Tem
1219 3177 1238 3207 li

181 3224 211 3258 iri
225 3214 310 3253 Angl.
329 3226 379 3253 qui
391 3225 543 3261 pecuniam
564 3215 641 3246 illam
655 3216 752 3246 habuit
766 3225 795 3245 in
810 3215 939 3247 custodia
949 3216 1013 3255 sua,
1030 3224 1079 3254 ut,
1099 3216 1155 3246 sine
1170 3216 1238 3246 dia-

181 3262 277 3291 tione,
295 3263 445 3291 pecuniam
459 3254 535 3285 illam
548 3253 689 3293 liberaret²
708 3254 778 3285 sicut
792 3253 959 3294 mandastis,
971 3256 1050 3294 juxta
1064 3255 1190 3290 formam
1205 3255 1239 3286 li-

181 3300 306 3323 terarum
319 3291 477 3323 vestrarum
489 3302 556 3331 quas
570 3292 694 3324 fimiiiter
707 3293 734 3323 ei
746 3293 880 3323 misimus.

221 3328 337 3360 Misistis
350 3331 434 3361 etiam
448 3331 484 3365 ad
497 3341 550 3361 nos
566 3331 737 3370 Magistrum
750 3330 853 3363 Ywan.
868 3330 1017 3362 Clericum
1029 3331 1156 3363 vestrum
1169 3341 1238 3363 cum

182 3370 266 3401 literis
286 3368 384 3400 vestris
405 3368 442 3399 de
461 3369 602 3400 credentia
615 3392 626 3408 ,
650 3370 699 3407 qui
721 3370 806 3400 nobis
825 3369 894 3400 dixit
915 3379 950 3399 ex
964 3378 1041 3407 parte
1056 3370 1146 3401 vestra
1161 3370 1239 3408 quod

183 3408 293 3438 missuri
315 3407 377 3438 estis
396 3407 430 3437 ad
451 3417 504 3438 nos
524 3408 640 3439 fratrem
662 3407 790 3438 vestrum
803 3407 942 3438 dilectum
955 3417 1092 3446 nepotem
1104 3408 1237 3439 nostrum

184 3445 337 3477 Comitem
355 3446 469 3477 Palatin.
488 3447 523 3476 &
541 3445 580 3475 R.
598 3445 750 3477 Comitem
770 3445 874 3476 Bolon.
892 3448 926 3477 ὃς
939 3447 990 3476 W.
1011 3446 1101 3477 Corn.
1119 3447 1156 3478 de
1169 3447 1237 3477 Ho-

183 3485 258 3530 land.
273 3485 353 3523 super
368 3495 426 3523 quo
438 3483 522 3516 vobis
536 3483 699 3515 mandamus
711 3483 793 3524 quod
806 3494 878 3515 cum
899 3487 1046 3524 venerint,
1065 3487 1139 3520 bene
1152 3495 1239 3516 vene-

182 3532 248 3555 rint.
519 3532 521 3535 ·

222 3562 292 3593 Nos
307 3572 394 3601 vero,
412 3563 442 3592 in
456 3559 564 3591 recessu
578 3559 672 3591 latoris
692 3559 818 3599 praesent.
836 3561 942 3593 fuimus
962 3563 990 3592 in
1041 3563 1128 3593 rtibus
1140 3562 1240 3593 borea-

185 3603 259 3634 libus
271 3600 357 3639 Angi.
377 3602 478 3640 quibus
491 3599 622 3630 ordinatis
634 3599 669 3630 &
682 3598 856 3643 affecuratis,
894 3608 959 3631 rout
973 3602 1002 3631 vi
1022 3602 1127 3631 erimus
1142 3601 1240 3631 melius

186 3639 318 3679 expedire
332 3662 343 3678 2
367 3640 460 3671 versus
481 3646 570 3676 partes
582 3636 709 3668 australes
723 3646 753 3667 in
768 3647 858 3670 occur
869 3648 920 3670 um
932 3639 1135 3678 praedictorum
1149 3638 1183 3670 N
1188 3649 1240 3670 un—

185 3680 300 3712 ciorum
312 3677 472 3710 vestrorum
485 3676 644 3708 festinanter
655 3682 836 3707 revertemus.

226 3718 365 3749 Praeterea
383 3716 419 3747 ad
440 3717 499 3748 hoc
510 3741 520 3757 ,
545 3714 625 3755 quod
638 3713 721 3744 nobis
736 3714 883 3745 mandastis
898 3714 935 3748 de
949 3715 1069 3747 Comite
1083 3714 1186 3747 Bolon.
1204 3716 1239 3747 &

186 3757 308 3788 Simone
329 3756 413 3789 fratre
425 3755 494 3794 suo,
511 3763 543 3786 ut
556 3755 593 3785 eis
606 3753 642 3784 de
656 3752 749 3783 denar.
767 3752 865 3783 vestris
878 3753 981 3785 habere
994 3755 1167 3792 faceremus3
1185 3765 1241 3785 vo-

188 3795 232 3826 bis
254 3795 301 3826 res
334 3795 455 3825 ridemus
478 3793 558 3832 quod
571 3818 581 3832 ,
607 3801 675 3823 cum
698 3789 836 3834 praedicti·
845 3790 939 3835 fideles
951 3792 1035 3823 vestri
1050 3792 1193 3823 Gerardus
1207 3793 1241 3824 ὃ(

188 3832 289 3864 Conra
309 3845 341 3865 us
362 3833 440 3864 saisiti
461 3832 564 3864 fuerint
584 3831 621 3862 de
640 3830 732 3860 denar.
752 3828 867 3866 vest-ris,
883 3828 984 3860 faciant
995 3831 1031 3861 de
1045 3831 1095 3860 hiis
1110 3841 1174 3869 quae
1188 3841 1243 3862 vo-

190 3871 310 3911 luerint,
327 3873 392 3911 quia
406 3870 614 3902 denar.vestros
629 3866 932 3910 expendere-nolumus
946 3878 1000 3900 nec
1013 3868 1150 3899 debemus
1164 3869 1243 3907 post-

191 3919 342 3949 quarnreos
353 3911 534 3941 liberavimus
549 3909 649 3947 quibus
665 3905 818 3938 mandastis.

229 3948 319 3981 Teste
333 3949 441 3988 meipso
454 3948 529 3989 apud
542 3947 702 3980 Bamburic.
721 3943 860 3978 vicesimo
873 3943 980 3978 octavo
995 3945 1041 3977 die
1051 3945 1069 3984 J
1071 3946 1180 3977 anuarii.

1271 216 1749 265 PUBLicA.
2252 237 2303 281 53

1275 430 1460 462 Innocentius
1478 431 1584 461 tertius
1595 454 1605 470 ,
1623 427 1660 462 de
1681 432 1806 477 Negotio
1823 431 2042 482 Archiepifiopi
2056 438 2283 483 Cantuarietfis.

1254 520 1607 592 JOhami‘ssmstrinffi
1622 522 1754 562 Angliae,
1770 523 1895 562 spiritum
1910 528 2016 558 consilii
2027 529 2147 562 sanioris.

1272 597 1276 601 .
1322 559 1431 590 Auditis
1452 561 1543 593 verbis
1601 563 1751 592 unciorum
1774 571 1889 593 tuorum
1904 588 1913 601 ,
1939 566 1988 602 qui
2002 567 2035 597 ad
2050 570 2172 599 nostram
2188 570 2307 608 praesen-

1257 604 1325 626 tiam
1347 607 1535 634 pervenerunt
1551 623 1560 636 ,
1578 600 1626 629 etsi
1641 610 1701 630 non
1716 600 1759 630 illa
1774 602 1855 632 nobis
1871 610 1904 630 ex
1918 612 1994 638 parte
2007 613 2052 634 tua
2065 606 2233 639 sufficienter
2250 611 2306 639 ob-

1257 636 1369 678 tulerint
1384 646 1448 673 quae
1462 637 1524 680 sunt
1537 637 1571 680 ad
1583 638 1797 679 satisfactionem
1809 639 1972 670 sufficientia
1982 650 2209 685 competentem,
2228 648 2307 687 super

1258 674 1351 716 multis
1371 675 1404 704 ὃς
1425 684 1532 717 magnis
1551 678 1654 713 injuriis
1672 678 1705 707 ὃς
1723 678 1853 715 jacturis,
1872 687 1938 715 quas
1953 678 2110 718 longojani
2124 689 2307 721 temporem-

1258 711 1343 742 tulisti
1359 711 1500 754 *Ecclenae
1522 713 1684 753 Anglicaiiit:
1697 739 1706 753 ,
1733 724 1832 746 contra
1846 715 1934 746 divini
1948 718 2071 747 nominis
2103 719 2202 751 loriam
2217 725 2250 754 &
2264 725 2307 755 A.

1263 749 1408 786 postolicae
1431 752 1507 781 Sedis
1523 752 1666 784 honorem
1678 778 1688 791 ,
1706 755 1734 783 in
1748 754 1904 791 periculum
1918 755 2020 785 animae
2033 765 2065 786 ac
2102 758 2253 794 ‘spendium
2267 763 2308 792 fa—

1262 797 1317 816 niae
1333 797 1406 825 tuoe,
1422 789 1511 819 adhuc
1534 799 1629 821 tamen
1651 793 1768 828 experiri
1782 792 1908 823 volentes
1922 801 2018 824 utrum
2035 803 2063 824 te
2078 806 2212 827 revocare
2225 800 2309 835 possi·

1260 834 1322 867 mus
1338 826 1372 855 ab
1386 836 1482 857 errore
1496 828 1530 871 ad
1547 831 1708 867 veritatem,
1728 840 1797 861 ecce
1811 831 1862 860 tibi
1876 831 2106 863 benedictionem
2129 835 2163 864 δε
2178 837 2310 868 maledic-

1258 870 1367 904 tionem
1388 874 1573 909 proponimus
1588 892 1597 905 ,
1623 869 1680 904 ejus
1699 868 1829 905 exemplo
1851 870 1899 906 qui
1919 880 1969 907 pei·
1990 870 2127 909 Moysem
2143 896 2152 910 ,
2170 873 2311 905 famulum

1258 903 1355 939 suum,
1375 902 1585 935 benedictiones
1598 906 1631 936 ὃς
1646 906 1855 936 maledictiones
1870 908 2013 945 proposuit
2029 909 2088 939 filiis
2101 909 2199 950 Israel,
2211 909 2248 943 'ut
2262 913 2312 943 eli-

1259 948 1306 975 gas
1321 942 1567 984 quamtinalueris3
1587 944 1633 974 vel
1647 944 1892 983 benedictionem,
1912 946 1938 981 fi.
1949 946 2122 986 satisfeceris,
2135 949 2168 979 ad
2180 949 2313 990 salutern,

1260 977 1305 1006 vel
1320 977 1566 1021 maledicstionem,
1586 982 1606 1011 si
1621 982 1836 1020 contempseris,
1853 985 1887 1012 ad
1901 986 2017 1015 ruinam.
2302 1002 2304 1006 ’

1296 1014 1378 1056 Licet
1396 1026 1474 1045 enirn
1496 1018 1625 1054 quasdam
1646 1020 1728 1061 nobis
1740 1021 1840 1050 litteras
1855 1021 2047 1061 destinaveris,
2066 1024 2167 1062 quibus
2180 1026 2311 1058 asseruisti

1260 1051 1422 1082 habiturum
1444 1063 1587 1096 tentatum
1607 1057 1741 1094 quicquid
1763 1058 1858 1087 Abbas
1876 1058 1912 1088 de
1930 1060 2077 1092 Belloloco
2091 1086 2101 1101 ,
2127 1064 2160 1093 ὃς
2176 1064 2258 1094 frater
2274 1066 2311 1094 A.

1261 1089 1384 1131 Martel,
1402 1092 1435 1121 &
1451 1091 1496 1121 alii
1512 1102 1632 1129 quatuor
1644 1094 1758 1124 Nuncii
1770 1096 1810 1124 tui
1823 1096 1901 1132 super
1915 1100 2030 1136 negotio
2046 1100 2313 1133 CantuarienlisEc'-

1262 1127 1353 1158 cleiiae
1374 1137 1488 1168 agerent
1508 1139 1608 1161 coram
1627 1132 1709 1161 nobis
1725 1145 1735 1170 3
1755 1134 1818 1170 qui-a
1833 1142 1944 1171 tamen,
1963 1145 1996 1164 ex
2009 1137 2055 1174 iis,
2072 1149 2132 1168 non
2146 1141 2195 1170 nili
2209 1150 2264 1171 tres
2278 1141 2314 1171 ad

1261 1165 1390 1197 nostram
1406 1167 1561 1204 pervenere
1575 1170 1765 1208 prsesentiam,
1782 1171 1818 1208 ii,
1836 1171 1892 1200 sine
1913 1172 1983 1210 aliis,
2001 1174 2069 1204 nihil
2083 1176 2172 1208 facere
2186 1189 2315 1216 poterant

1263 1204 1419 1236 secundum
1431 1206 1596 1237 earumdem
1609 1209 1815 1239 continentiam
1828 1208 1990 1240 litterarum.

1302 1243 1458 1289 Praeterea,
1474 1255 1542 1287 non⁴
1549 1247 1636 1285 agitur
1650 1255 1759 1278 tantum
1774 1247 1810 1277 de
1824 1249 1942 1284 negotio
1958 1248 2159 1282 cantuariensis
2172 1252 2316 1294 Ecclefiae,

1263 1280 1414 1324 sed-totius
1436 1283 1571 1314 Eccleliae
1591 1284 1778 1324 Angficanae,
1805 1296 1890 1323 quarn
1909 1287 1994 1323 impie
2012 1288 2203 1326 persequendo
2224 1294 2318 1324 niteris

1263 1320 1406 1364 ancillare,
1424 1331 1540 1362 propter
1554 1323 1631 1360 quod
1642 1324 1821 1354 anathem-itis
1836 1324 1959 1354 meruisti
1976 1326 2091 1356 vinculo
2105 1327 2238 1359 innodari.

1305 1358 1329 1388 11
1348 1370 1417 1402 vero
1437 1368 1491 1402 tres
1507 1360 1619 1392 Nuncii
1639 1363 1722 1392 nobis
1744 1362 1778 1392 ad
1801 1362 1932 1393 ultimum
1953 1363 2118 1395 obtulerunt
2131 1367 2209 1404 quod
2223 1367 2320 1398 secun-

1267 1395 1338 1440 dum
1361 1398 1437 1428 illam
1459 1400 1584 1430 sormam
1605 1400 1756 1431 satisfacere
1776 1401 1978 1439 promittebas,
1996 1412 2082 1440 quam
2096 1413 2146 1441 per
2160 1404 2277 1436 dilectos
2289 1407 2322 1436 fia

1266 1434 1318 1465 lios
1334 1435 1532 1474 Pandulplium
1547 1438 1777 1476 Subdiaconum,
1797 1440 1828 1470 ὃς
1844 1439 1957 1470 fratrem
1971 1439 2161 1481 Dur-andum,
2179 1443 2325 1476 familiares

1266 1473 1380 1505 nostros
1388 1498 1398 1513 ‚
1416 1476 1467 1505 tibi
1481 1478 1639 1508 curavimus
1652 1477 1795 1508 destinare.

1305 1512 1331 1543 V
1334 1523 1414 1543 erum
1426 1523 1495 1544 cum
1509 1525 1557 1552 per
1571 1524 1598 1546 te
1613 1516 1717 1546 steterit
1732 1517 1882 1554 quominus
1897 1516 2050 1548 secundum
2066 1517 2184 1549 eandem
2199 1519 2324 1552 sormam

1268 1560 1320 1588 pax
1340 1551 1424 1585 fuerit
1443 1553 1592 1585 reformata
1605 1578 1614 1592 ,
1640 1556 1673 1586 &
1688 1555 1785 1592 postea
1799 1556 1890 1593 pejora
1906 1556 2044 1596 prioribus
2059 1561 2249 1598 attentaveris,
2268 1570 2322 1590 nos

1268 1589 1304 1619 ad
1318 1600 1398 1629 cam,
1414 1601 1494 1629 quae,
1514 1602 1567 1629 pro
1579 1593 1677 1631 majori
1690 1602 1781 1631 parte,
1799 1594 1914 1632 gratiam
1928 1595 2107 1634 continebat,
2125 1596 2244 1628 minime
2265 1600 2325 1637 jam

1272 1637 1419 1668 tenemur,
1438 1640 1507 1660 curn
1520 1630 1574 1668 ipsa
1588 1632 1672 1670 gratia
1686 1632 1835 1662 reddideris
1849 1641 1877 1662 te
1890 1631 2045 1671 indignum.

1310 1667 1356 1698 Ut
1369 1678 1463 1698 autem
1478 1670 1623 1700 vincamus
1636 1671 1665 1700 in
1678 1670 1759 1701 bono
1772 1670 1879 1701 malum
1892 1672 1925 1701 &
1942 1680 2063 1701 omnem
2077 1672 2128 1702 tibi
2143 1674 2325 1705 excusationis

1271 1707 1416 1739 materiam
1428 1706 1600 1746 auferamus,
1618 1708 1709 1740 adhuc
1725 1719 1786 1739 eam
1800 1710 1885 1746 parati
1899 1709 1992 1740 sumus
2007 1709 2114 1741 servare
2127 1735 2137 1749 ,
2156 1712 2177 1741 si
2191 1713 2276 1750 usque
2290 1712 2325 1743 ad

1272 1743 1412 1775 Kalendas
1428 1745 1506 1784 Junii
1520 1770 1530 1783 ,
1556 1748 1686 1784 proxime
1707 1757 1835 1778 venturas
1849 1771 1858 1785 ,
1877 1757 1926 1784 per
1936 1748 2093 1786 juramenta
2108 1758 2227 1787 quatuor
2239 1751 2327 1783 Baro,-

1269 1792 1342 1813 num
1360 1792 1475 1816 tuorum
1493 1786 1667 1824 jurantium,
1692 1794 1721 1815 te
1742 1786 1874 1824 praesente
1894 1796 1926 1816 ac
1946 1787 2096 1818 mandante
2109 1812 2119 1824 ,
2147 1789 2177 1818 in
2202 1791 2327 1819 animam

1270 1829 1348 1852 tuam
1398 1824 1430 1853 δε
1453 1832 1503 1859 per
1515 1831 1637 1860 patentes
1652 1831 1710 1854 tuas
1722 1824 1821 1854 litteras
1836 1825 2021 1862 repromiseris
2038 1825 2115 1864 quod
2131 1836 2193 1857 eam
2208 1827 2327 1858 fideliter

1270 1860 1304 1891 &
1320 1846 1666 1904 efficaciter-adimplebis,
1681 1861 1834 1894 secundum
1848 1863 2033 1900 expositiones
2055 1865 2088 1894 ἃ
2103 1866 2325 1905 explanationes,

1271 1908 1338 1935 quas
1351 1899 1385 1929 ad
1399 1909 1493 1929 omnis
1507 1899 1685 1930 dubitationis
1698 1900 1858 1937 scrupulum
1870 1901 2080 1932 removendum
2099 1902 2228 1934 duximus
2247 1906 2325 1934 adhi-

1271 1937 1393 1976 bendas,
1414 1939 1447 1969 ὃ(
1471 1938 1542 1968 infra
1562 1938 1686 1969 eundem
1706 1940 1860 1969 terminum
1882 1939 1940 1969 hoc
1960 1948 2055 1970 totum
2067 1940 2262 1978 significaveris
2275 1953 2325 1983 per

1271 1983 1330 2006 tuas
1351 1984 1474 2013 patentes
1494 1976 1594 2008 litteras
1609 1977 1760 2012 venerabili
1778 1977 1854 2007 fratri
1865 1977 1964 2007 nostro
1979 1977 2121 2015 Stephano
2136 1978 2326 2011 Cantuariensi

1272 2013 1496 2057 Archiepiscopo
1512 2039 1522 2053 ,
1545 2017 1578 2047 ὃς
1595 2038 1604 2053 ,
1628 2016 1675 2053 qni
1699 2025 1768 2046 cum
1782 2026 1818 2046 eo
1832 2015 1910 2053 sunt,
1929 2015 2073 2054 Episcopis
2087 2017 2152 2048 suis:
2172 2018 2326 2058 Alioquin,

1272 2063 1330 2090 ejus
1345 2054 1494 2092 exemplo,
1512 2055 1561 2092 qui
1574 2054 1713 2092 populum
1726 2054 1807 2085 suurn
1819 2054 1855 2084 de
1870 2054 1998 2086 servitute
2015 2054 2181 2095 Pharaonis,
2199 2058 2229 2087 in
2242 2067 2327 2088 manu

1271 2090 1377 2130 valida,
1395 2091 1540 2129 liberavit,
1558 2092 1746 2135 Anglicanam
1761 2091 1917 2124 Ecclesiam
1933 2095 1962 2123 in
1977 2093 2044 2124 forti
2058 2095 2176 2126 brachio
2195 2095 2231 2126 de
2244 2096 2328 2127 servi-

1272 2137 1334 2161 tute
1355 2139 1402 2161 tua
1424 2129 1597 2163 studebimus
1618 2130 1756 2162 liberare:
1784 2130 1966 2168 praedicentes
1987 2141 2064 2168 nunc
2078 2133 2129 2163 tibi
2142 2135 2277 2165 veraciter
2291 2136 2325 2166 &

1272 2168 1435 2202 constanter
1458 2168 1538 2207 quod
1549 2193 1559 2207 ,
1584 2169 1604 2199 ii
1624 2179 1726 2206 pacem
1740 2172 1863 2207 recipere
1877 2180 1945 2201 cum
1959 2170 2032 2206 vales
2045 2181 2106 2201 non
2119 2173 2176 2211 vis,
2195 2182 2263 2203 cum
2277 2180 2331 2204 vo'⁴

1271 2206 1353 2238 lucris
1373 2217 1435 2238 non
1454 2207 1558 2239 valebis
1570 2231 1581 2245 ,
1605 2209 1712 2246 eritque
1734 2209 1836 2239 inutilis
1859 2210 2024 2246 poenitentia
2038 2209 2103 2247 post
2115 2212 2244 2248 ruinam,
2263 2211 2331 2241 ficut

1271 2255 1322 2315 per
1336 2255 1439 2315 ererum
1452 2246 1580 2285 exempla
1594 2255 1674 2285 potes
1689 2246 1862 2287 cognoscere
1876 2248 1925 2286 qui
1939 2247 2037 2280 diebus
2060 2247 2118 2278 istis
2140 2249 2238 2279 similia
2258 2246 2329 2288 prai-

1286 2292 1356 2321 ump
1368 2293 1458 2316 erunt.

1310 2322 1334 2352 F
1335 2332 1455 2367 ormam·
1464 2325 1552 2362 vero,
1571 2333 1658 2362 quam
1669 2324 1787 2364 praefatis
1801 2323 1926 2356 Nunciis
1938 2323 2040 2356 nostris
2054 2325 2242 2365 injunximus,
2261 2334 2332 2365 prae-

1273 2361 1394 2393 sentibus
1407 2362 1458 2394 tibi
1471 2363 1565 2394 litteris
1580 2364 1718 2394 mittimus
1732 2363 1915 2395 interclusam.

1531 2450 1560 2477 δὲ
1583 2453 1670 2485 Pacis
1685 2453 1722 2490 ὠ·
1741 2451 1995 2485 Reconciliationis
2013 2451 2098 2499 leges.

1277 2548 1332 2609 E
1344 2548 1526 2587 Xpositiones
1540 2558 1635 2579 autem
1650 2549 1684 2580 &
1700 2548 1920 2587 explanationes,
1938 2548 2000 2580 sunt
2014 2548 2083 2579 istae.

1369 2588 1403 2617 In
1418 2589 1513 2626 primis
1527 2588 1620 2625 itaque
1633 2587 1791 2617 solemniter
1805 2589 1838 2618 δε
1852 2587 1977 2617 absolute
1993 2588 2096 2625 jurabis
2117 2585 2186 2616 stare
2198 2585 2333 2617 mandatis

1274 2626 1374 2659 nostris
1396 2630 1494 2657 coram
1519 2626 1630 2662 Legato
1644 2649 1654 2663 ,
1680 2625 1725 2655 vel
1748 2625 1890 2662 Delegato
1904 2625 2005 2656 nostro
2018 2625 2098 2662 super
2111 2626 2260 2663 ommim,
2279 2635 2333 2662 pro

1276 2665 1376 2703 quibus
1400 2665 1415 2694 a
1436 2664 1517 2695 nobis
1540 2665 1800 2694 excommunicatus
1824 2663 1930 2701 existis,
1949 2665 1982 2695 ὃς
1998 2673 2095 2694 veram
2111 2673 2210 2700 pacem
2224 2673 2257 2694 ac
2273 2663 2333 2701 ple—

1274 2713 1343 2735 nam
1356 2703 1530 2734 securitatem
1546 2702 1688 2740 praestabis
1703 2702 1907 2733 venerabilibus
1920 2702 2044 2733 fratribus
2057 2702 2200 2739 Stephano
2207 2701 2331 2732 Cantua-

1276 2742 1357 2772 riensi
1377 2740 1559 2782 Archiepisco
1580 2750 1599 2770 o
1614 2764 1625 2778 ,
1640 2739 1791 2770 Willelmo
1812 2740 2021 2778 Londonienfi,
2039 2739 2193 2770 Eustachio
2208 2739 2331 2779 Ehenfi,

1277 2779 1400 2822 AEgidio
1420 2751 1622 2811 Herefordgnfi
1646 2819 1650 2822 ι
1666 2778 1801 2822 Jocelino
1820 2778 1997 2822 Bathoniensi
2019 2780 2053 2810 ὃς
2064 2778 2201 2809 Huberto
2212 2778 2331 2822 Lincol-

1275 2820 1379 2856 nienli,
1397 2817 1558 2856 Episcopis,
1576 2828 1610 2848 ac
1624 2802 1732 2847 dilectis
1747 2817 1806 2847 filiis
1821 2817 1912 2848 Priori
1928 2818 1961 2848 &
1976 2816 2130 2847 Monachis
2145 2816 2330 2848 Cantuarien-

1276 2857 1348 2887 sibus
1362 2881 1371 2894 ,
1395 2856 1529 2887 Roberto
1549 2865 1665 2894 quoque
1686 2855 1745 2886 filio
1766 2856 1908 2894 walteri,
1932 2856 1965 2887 ὃς
1988 2855 2142 2886 Eustachio
2160 2855 2197 2885 de
2220 2855 2330 2894 Vescy,

1274 2905 1391 2926 necnon
1416 2896 1522 2926 caeteris
1538 2894 1656 2926 Clericis
1680 2895 1714 2925 &
1734 2894 1842 2932 Laicis,
1860 2895 1918 2925 hoc
1932 2896 2079 2933 negotium
2091 2894 2335 2932 contingentibus3

1274 2933 1432 2971 praestando
1446 2933 1526 2964 simul
1540 2942 1640 2965 coram
1661 2931 1767 2963 eodem
1782 2933 1890 2972 Legato
1906 2956 1916 2970 ,
1939 2935 1985 2964 vel
1999 2932 2141 2970 Delegato
2165 2932 2263 2962 nostro
2280 2942 2334 2976 pu-

1280 2973 1355 3004 blice
1365 2973 1557 3011 juramentum
1575 2970 1653 3009 quod
1668 2970 1753 3010 ipsos,
1767 2981 1836 3001 curn
1850 2971 1918 3009 suis,
1933 2970 2092 3008 neclaedes,
2102 2980 2156 3000 nec
2170 2970 2234 3000 laedi
2249 2970 2333 3000 facies

1274 3020 1322 3041 aut
1345 3011 1488 3049 permittes
1509 3012 1538 3041 iri
1559 3009 1682 3047 personis
1699 3010 1733 3040 &
1755 3010 1855 3047 rebus,
1873 3010 1964 3047 eisque
1979 3018 2099 3039 omnem
2111 3008 2332 3048 indignationem

1275 3049 1415 3087 dimitte-5,
1433 3049 1467 3080 ὃς
1489 3049 1518 3078 in
1538 3049 1654 3087 gratiam
1671 3055 1750 3078 tuam
1772 3047 1885 3078 eosdem
1895 3048 2028 3085 recipies,
2046 3056 2079 3078 ac
2093 3048 2170 3078 bona
2184 3046 2239 3078 fide
2253 3056 2332 3078 tene⁴

1276 3088 1318 3117 bis
1333 3110 1343 3126 ,
1369 3086 1504 3125 quodque
1525 3086 1654 3124 praefatos
1675 3085 1926 3122 Archiepiscopum
1948 3086 1982 3117 ὃς
1996 3084 2152 3128 Episcopos
2165 3095 2225 3116 non
2240 3087 2332 3124 impe-

1275 3126 1353 3164 dies,
1370 3135 1424 3156 nec
1438 3125 1597 3168 permittes,
1614 3132 1661 3154 aut
1672 3123 1756 3153 facies
1770 3124 1898 3168 impediri
1914 3134 1973 3168 quo
1988 3125 2081 3168 minus
2095 3124 2330 3169 iplinliberesuum

1275 3161 2331 3244 {transagiteintrassetisris‘mrassistas&

1275 3242 1309 3272 &
1330 3241 1439 3280 singulis
1461 3239 1604 3277 Episcopis
1620 3262 1630 3275 ,
1657 3246 1716 3268 tuas
1738 3246 1862 3276 patentes
1881 3239 1983 3270 litteras
2002 3239 2159 3277 exhibebis,
2178 3239 2279 3267 faciens
2293 3237 2330 3266 ab

1276 3279 1439 3318 Episcopis,
1457 3279 1490 3310 δε
1505 3276 1685 3315 ComitibuS,
1702 3286 1735 3307 ac
1748 3276 1902 3308 Batonibus
1917 3279 1987 3315 tuis,
2005 3286 2075 3315 quot
2090 3278 2123 3307 ὃς
2139 3285 2208 3313 quos
2222 3274 2328 3312 praefati

1276 3317 1510 3355 Archiepiscopus
1531 3316 1564 3346 &
1587 3314 1720 3353 Episcopi
1741 3315 1940 3354 postulaverint
1954 3340 1964 3353 ,
1978 3317 2135 3352 juramenta
2153 3315 2185 3344 &
2201 3312 2331 3344 Parentes

1275 3366 1377 3386 eorum
1392 3357 1491 3386 litteras
1506 3354 1630 3384 exhiberi
1644 3353 1722 3393 quod
1737 3354 1786 3391 ipsi
1800 3355 1876 3385 bona
1891 3354 1946 3385 fide
1967 3353 2132 3389 studebunt,
2152 3360 2182 3381 ut
2197 3351 2259 3382 haec
2276 3358 2329 3388 pax

1277 3396 1311 3426 δε
1329 3394 1455 3425 securitas
1467 3393 1583 3423 firmiter
1593 3392 1763 3423 observetur.

1312 3431 1367 3470 Et,
1386 3432 1406 3462 si
1425 3432 1500 3462 forte
1514 3455 1523 3469 ,
1549 3430 1628 3469 quod
1641 3430 1720 3462 Deus
1734 3438 1852 3467 avertat,
1869 3438 1918 3470 per
1932 3437 1960 3458 te
1972 3427 2060 3471 ipsum
2073 3426 2118 3471 vel
2131 3427 2198 3457 alios
2210 3434 2324 3471 contra-

1275 3473 1400 3508 veneris,
1417 3471 1465 3508 ipli
1480 3480 1532 3508 pro
1547 3468 1671 3499 Ecclesia
1685 3478 1783 3499 contra
1791 3468 1938 3498 violatores
1950 3466 2096 3496 securitatis
2110 3466 2143 3496 δε
2159 3475 2232 3505 pacis
2246 3475 2328 3496 man-

1275 3509 1343 3539 datis
1359 3508 1516 3546 apostolicis
1530 3508 1723 3546 inhaerebunt,
1741 3516 1828 3544 tuque
1842 3513 1976 3543 perpetuo
1992 3503 2150 3534 custodiam
2163 3506 2325 3535 vacantium

1277 3547 1467 3578 Eccleiiarum
1481 3548 1598 3577 amittes.
2004 3581 2009 3585 ¹
2107 3581 2111 3586 Ι

1313 3585 1405 3626 Qod
1420 3609 1430 3624 ,
1453 3585 1474 3616 sl
1492 3586 1566 3617 forte
1587 3583 1744 3621 nequiveris
1764 3592 1812 3614 eos
1824 3580 1857 3611 ad
1873 3581 1946 3610 hanc
1962 3579 2088 3622 ultimam
2100 3581 2250 3622 juramenti
2265 3590 2327 3618 para

1275 3634 1336 3656 tem
1358 3624 1492 3655 inducere
1505 3648 1514 3662 ,
1539 3623 1669 3655 videlicet
1680 3644 1691 3658 ,
1709 3619 1787 3658 quod
1801 3619 1837 3656 si,
1855 3627 1904 3657 per
1920 3619 2055 3656 teipsum,
2074 3619 2118 3649 vel
2133 3619 2200 3650 alios
2214 3628 2327 3650 contra<

1276 3665 1385 3731 vene?
1392 3687 1408 3707 -‘
1423 3663 1481 3731 [Ψ
1492 3686 1515 3729 fi
1527 3658 1851 3728 Ιῖ-Γῖἒξὲἓξῗὲιέυὲἳηῗέ
1865 3657 2014 3725 Vi‘ss‘i'e‘?
2010 3656 2072 3725 122⁶ss
2074 3658 2327 3726 miglifficpiiiz

1277 3710 1535 3775 ιῐὲἓὲιεᾶῑὲὸεεὶξῇεεῖ
1546 3709 1602 3773 1{er
1616 3744 1674 3777 tuas
1690 3718 1816 3777 Patent-{s
1830 3705 2103 3777 lingas30bligab’is
2122 3720 2212 3764 omn'e
2220 3735 2265 3772 jus
2281 3743 2327 3771 pa-

1279 3777 1424 3815 tronatus,
1441 3774 1519 3813 quod
1533 3775 1616 3804 habes
1629 3782 1659 3801 in
1673 3771 1804 3802 Ecclesiis
1817 3772 1986 3810 Anglicanis.

1315 3816 1427 3846 Omnes
1440 3822 1534 3843 autem
1549 3812 1664 3847 litteras,
1683 3819 1748 3848 quae
1761 3820 1813 3848 pro
1827 3810 1971 3840 securitate
1989 3809 2191 3849 praedidtorum
2206 3809 2268 3841 sunt
2281 3819 2327 3839 ex-

1280 3854 1411 3885 hibendae
1426 3876 1435 3890 .,
1454 3850 1571 3889 praetatis
1590 3848 1828 3886 Archiepiscopo‚
1846 3849 1879 3879 &
1893 3847 2037 3890 Episcopis
2051 3858 2115 3880 ante
2129 3849 2210 3879 suum
2223 3850 2327 3887 ingres<

1281 3893 1343 3925 sum
1357 3894 1387 3922 in
1400 3889 1532 3928 Angliam
1546 3886 1701 3917 destinabis.

1317 3930 1347 3960 Si
1363 3939 1432 3960 vero
1447 3927 1498 3957 tibi
1511 3925 1644 3963 placuerit
1673 3923 1792 3962 saepefati
1805 3923 2038 3967 Aschiepiscopus
2052 3927 2085 3956 &
2107 3924 2237 3963 Episcopi
2256 3933 2328 3967 prae-v

1278 3969 1389 4000 stabunt
1397 3991 1406 4005 ‚
1420 3965 1495 3996 salvo
1507 3964 1619 4007 honore
1631 3949 1690 3995 ssei
1703 3965 1736 3994 &
1751 3963 1900 4002 Ecclenae,
1915 3964 2077 4002 juratoriam
2091 3966 2124 3995 δε
2137 3965 2325 3993 litteratoriam

1279 4007 1441 4039 cautionem
1454 4027 1465 4040 ‚
1487 4001 1567 4040 quod
1586 4002 1635 4040 ipsi
1657 4012 1710 4033 nec
1731 4011 1780 4040 per
1793 4000 1837 4039 se,
1854 4011 1909 4032 nec
1922 4011 1972 4040 per
1983 4002 2050 4032 alios
2065 4010 2164 4032 contra
2179 4000 2326 4038 personam

1280 4044 1327 4075 vel
1347 4049 1485 4074 coronam
1506 4049 1583 4071 marn
1603 4039 1707 4080 aliquid
1726 4040 1900 4072 attentabunt
1912 4064 1923 4080 ‚
1940 4049 1969 4073 te
1981 4040 2033 4071 illis
2045 4040 2219 4072 securitatem
2233 4039 2266 4071 &
2281 4047 2329 4075 pa-

1280 4091 1348 4115 cem
1358 4081 1495 4117 illibatam
1502 4078 1634 4117 {ervante
1774 4114 1806 4148 G
2284 4109 2335 4142 De

2320 337 2398 371 Ann.
2413 336 2455 369 D.

2349 386 2435 416 1213.

2327 500 2363 526 A.
2381 507 2424 534 ¹4·

2325 537 2389 575 Job.

2354 2469 2369 2487 ⁹
2386 2469 2408 2497 1.
2422 2469 2480 2497 166.
