2570 4261
71 189 149 223 'Alm-
161 191 203 222 D·
253 196 291 227 Et
304 205 357 237 pro
370 204 423 232 eo,
440 192 517 233 quod
532 192 624 223 habeo
638 191 667 220 in
683 190 785 221 Castro
803 189 839 219 de
862 188 968 219 Monte
987 185 1172 227 Somprolinii

101 231 184 260 1280.

67 271 136 299 δεῖν.
156 278 179 296 i.

56 1267 134 1299 Ann.
149 1266 188 1297 D.

80 1308 162 1337 1280.

54 1349 108 1373 An.
122 1346 149 1373 8.

55 1388 86 1410 E.
110 1393 133 1411 t.

55 1426 96 1448 Ex
114 1425 173 1449 Au-

51 1467 118 1497 tagr-

44 2969 176 3007 *11.148.

218 114 301 163 184

1186 207 1197 223 ,
1222 193 1276 224 pro

216 246 274 274 quo
289 244 385 265 teneor
399 233 561 270 homagium
575 238 683 260 tantum
697 230 788 260 facere
803 237 831 258 ut
847 228 933 258 Baro:
981 266 986 270 .
1099 263 1104 268 .

254 273 292 303 Et
307 282 358 309 pro
370 272 420 300 hiis
432 278 495 309 quae
511 270 603 298 habeo
621 270 649 297 in
668 267 741 298 Villa
762 267 870 304 Podio,
890 265 988 295 Muoli
1002 287 1012 304 ,
1034 264 1068 295 &
1080 273 1137 301 ejus
1153 260 1273 292 Paroch.

216 312 244 342 in
260 311 315 348 qua
332 310 406 339 idem
423 308 487 337 Rex
499 308 582 337 habet
593 307 674 336 altam
683 306 832 344 justitiam:
1064 341 1068 346 Ι
1226 338 1231 343 ·

254 346 426 385 Recognovi
446 347 529 375 etiam
544 345 652 383 insuper
673 354 720 374 rne
739 343 842 373 debere
862 342 951 373 facere
970 340 1124 384 saepedi&o
1141 339 1274 384 Domitio

214 387 289 425 Regi
304 394 393 415 unum
410 382 535 413 Militem
549 392 601 423 pro
615 384 755 420 exercitu,
772 392 827 411 una
839 391 907 411 cum
921 382 1057 421 parciariis
1071 388 1138 408 meis
1151 386 1203 416 pro
1216 376 1274 419 Ca-

215 425 273 456 stro
287 425 320 454 &
334 419 451 452 Baronia
465 422 501 452 de
516 421 662 458 Fumello,
679 421 806 460 quamvis
819 419 929 449 dietum
939 418 1072 449 Castrum
1086 420 1117 447 ὃῑ
1128 416 1274 458 Barpniafn

214 464 266 493 fint
279 462 316 491 de
330 461 417 490 feudo
437 460 561 490 Domini
580 459 713 499 Episcopi
730 460 819 498 Agen.
839 458 914 488 salvo
929 466 1023 488 tamen
1043 455 1121 499 quod
1136 477 1146 492 ,
1169 457 1189 483 ii
1204 457 1274 495 inl-ra

211 510 300 530 unum
315 508 423 529 annum
435 521 446 537 ,
472 498 649 536 completum
664 500 678 529 a
692 498 738 528 die
753 496 942 528 confectionis
957 495 1131 537 praesentium
1147 514 1156 530 ,
1183 491 1275 533 habi-:a

209 538 408 568 deliberatione
420 560 429 575 ,
475 538 532 567 lura
550 537 663 567 doveria
689 547 736 566 me
760 535 861 565 debere
878 535 967 564 facere
987 535 1143 563 invenerim
1160 553 1169 567 ,
1190 530 1229 571 &.
1246 528 1272 558 id

213 577 294 607 dicio
311 575 445 605 Domino
491 577 534 615 egi
546 576 593 606 vel
607 575 763 605 Senescallo
777 574 826 604 suo
841 573 930 613 Agen.
945 574 1057 614 qui-pro
1072 578 1203 607 tempore
1215 573 1274 611 rue-

212 617 264 652 rit,
282 613 473 653 significavero
487 623 494 643 t
520 614 595 645 idem
611 613 755 643 Dominus
769 612 833 642 Rex
850 612 893 642 vel
915 611 1081 641 Seneicallus
1097 609 1157 638 suus
1173 606 1274 644 praedi-

212 654 274 683 <stus
288 654 332 683 iila
348 652 462 682 doveria
474 652 530 682 fine
545 652 707 690 praejudicio
719 661 779 681 non
793 651 926 689 recipiat,
940 649 1015 679 salvis
1027 649 1111 677 etiam
1124 647 1274 676 consuetu-

212 692 323 721 dinibus
335 691 452 721 aliorum
462 691 603 721 Baronum
616 691 651 720 de
661 690 815 729 Agenefio3
832 689 963 726 salvoque
975 687 1082 726 insuper
1116 684 1188 721 uod,
1205 692 1272 713 cum

209 729 320 760 dictum
334 729 501 760 Dominum
515 729 627 767 Regem
648 728 776 767 Homag.
796 728 916 757 aliorum
937 726 1080 756 Baronum
1114 734 1130 753 e
1146 723 1272 761 Agenen.

209 770 357 805 contingat
372 769 495 806 recipere
507 789 517 805 ,
541 776 596 806 ego
617 766 708 796 dic‘tus
725 765 864 805 Jordanus
884 764 998 805 promisi
1021 773 1067 793 me
1086 762 1225 806 fa&urum
1242 769 1272 790 ea

208 817 274 845 quae
287 807 382 836 caeteri
395 805 517 836 Barones
529 805 630 835 facient
643 805 785 842 Ostian'is,
802 806 835 835 &
847 805 902 834 aliis
914 804 949 833 de
963 802 1066 832 familia
1080 801 1203 832 Domini
1212 798 1272 829 Re—

209 847 251 886 gis
266 844 391 883 praediffi
405 854 458 883 pro
476 844 610 883 homagio
625 853 693 873 meo
708 844 745 873 sic
760 843 885 882 praestito
900 843 933 873 &
947 850 1069 879 recepto.
1193 878 1198 882 .

244 882 279 913 In
293 892 415 921 quorum
429 883 560 912 omnium
576 882 768 913 testimonium
789 883 822 912 &
837 882 965 911 notitiam
985 880 1141 920 pleniorem
1153 876 1271 916 figillum

208 921 338 954 nostrum
351 921 417 952 duxi
431 921 610 961 praesentibus
625 920 836 960 apponendum.

245 1001 311 1032 Dat.
329 1000 401 1041 apud
422 1001 638 1041 Dunatneneyae
657 1001 774 1033 decimo
789 1000 866 1032 sexto
883 1000 930 1031 die
947 999 1065 1038 Martii,
1083 1008 1159 1029 anno
1174 996 1270 1035 Regni

204 1040 274 1071 dieti
292 1040 415 1071 Domini
430 1040 519 1080 Regis
531 1042 646 1070 octavo.

313 1171 404 1205 Bulla
421 1171 458 1206 de
475 1173 611 1220 Epifiopo
632 1172 814 1215 Karleolensi
823 1198 832 1214 ,
853 1182 908 1218 pro
922 1170 1035 1216 favore
1054 1171 1155 1215 Regio.

207 1259 399 1323 NIcolaus
412 1261 583 1306 Episcopus,
600 1262 690 1305 servus
703 1260 847 1304 servorum
856 1259 931 1298 Dei,
950 1258 1092 1290 carissimo
1107 1259 1136 1302 iii
1152 1257 1268 1288 Christo

203 1300 403 1370 nedffiffflgem
460 1301 536 1341 Regi
551 1301 664 1341 Angli-„e
676 1299 775 1330 illustri
787 1321 797 1336 ,
818 1299 933 1330 salutern
952 1299 985 1329 &
1006 1297 1203 1336 Apostolicam
1219 1298 1269 1327 be-

243 1378 288 1408 Ad
303 1378 459 1408 fovendum
475 1379 504 1408 in
519 1378 637 1408 caritatis
650 1376 798 1407 visceribus
806 1375 993 1407 Ecclesiarum
1006 1374 1138 1405 Praelatos
1173 1384 1205 1405 ac
1219 1384 1266 1405 eos

204 1417 345 1455 praecipue
367 1417 415 1455 qui
440 1416 602 1454 Episcopali
627 1416 774 1454 Dignitate
793 1416 985 1452 praeminent,
1008 1424 1044 1444 eo
1064 1422 1092 1444 te
1115 1397 1267 1443 fiducialius

203 1453 303 1484 nostris
319 1456 448 1491 precibus
470 1457 619 1485 invitamus
633 1479 643 1493 ,
667 1464 726 1492 quo
745 1455 773 1483 in
796 1454 940 1483 bonorum
958 1462 1079 1490 operum
1100 1454 1265 1482 executione

203 1490 379 1523 Celsitudinis
395 1494 505 1533 Regalis
524 1493 660 1524 affeChim
676 1493 842 1523 extimamus
863 1493 950 1531 magis
971 1500 1136 1530 promptum
1149 1501 1183 1533 ac
1200 1491 1266 1520 laci-

200 1530 258 1561 lem
274 1533 414 1571 invenire,
432 1533 556 1563 maxime
571 1542 639 1562 cum
657 1532 731 1570 apud
749 1530 847 1560 Deum
861 1548 872 1568 3
893 1532 970 1568 cujus
983 1529 1091 1560 Praelati
1105 1529 1265 1566 hujusmodi

201 1569 264 1600 sunt
284 1570 402 1600 ministri
418 1593 427 1609 ,
451 1571 637 1601 retributionis
654 1579 767 1600 aeternae
793 1570 942 1606 praemium
955 1591 965 1606 ,
988 1568 1022 1599 &
1040 1567 1113 1607 apud
1135 1568 1265 1599 homines

198 1608 286 1639 laudis
306 1610 483 1648 praeconium
497 1610 549 1640 tibi
564 1609 663 1639 exinde
675 1608 841 1647 acquiratur.

235 1646 308 1677 Sane
324 1647 482 1678 Karleolen.
496 1647 636 1685 Ecclesia,
656 1646 727 1677 olim
781 1656 794 1676 r
807 1647 918 1676 obitum
934 1646 1020 1676 bonae
1037 1646 1184 1676 memoriae
1199 1645 1264 1677 Ro-

198 1685 271 1716 berti
284 1685 414 1724 Episcopi
424 1685 584 1717 Karleolen.
599 1685 718 1716 Pastoris
740 1685 826 1715 olatio
838 1684 982 1721 destituta,
1001 1684 1095 1714 dilecti
1110 1684 1158 1715 filii

197 1723 280 1754 Prior
295 1726 328 1756 &
343 1724 511 1755 Conventus
530 1724 652 1763 ejusdem
669 1724 803 1755 Eccleiiae
818 1746 827 1761 ,
851 1723 957 1753 ordinis
977 1722 1072 1753 Sancti
1096 1722 1261 1763 Augustini,

197 1771 247 1802 per
263 1764 337 1794 viam
350 1764 545 1804 compromissi
562 1763 744 1802 procedentes
759 1772 785 1792 ιη
801 1763 917 1800 negotio
938 1761 1091 1791 Electionis
1109 1761 1144 1792 de
1159 1761 1262 1792 Praela-

201 1810 233 1832 to
247 1802 276 1831 in
290 1803 348 1839 ipsa
362 1802 487 1832 Ecclesia
503 1802 657 1840 faciendae,
674 1811 738 1840 quae
753 1809 820 1831 tunc
835 1801 971 1838 temporis
989 1801 997 1829 i
1038 1800 1152 1839 ruebat,
1171 1810 1262 1841 quon-

199 1840 266 1871 dam
282 1840 451 1880 Magistrum
466 1840 644 1871 Gulielmuin
661 1840 813 1871 Decanum
834 1838 993 1869 Eboracen.
1036 1838 1143 1869 cclesiae
1157 1862 1167 1878 ,
1191 1848 1260 1870 tunc

198 1880 360 1917 viventem,
376 1880 409 1909 ad
422 1880 500 1917 iplius
517 1879 674 1910 Karleolen.
690 1878 823 1909 Eccleiiae
838 1879 962 1916 regimen
976 1877 1128 1917 eligerunt3
1148 1879 1212 1917 qui,
1231 1889 1260 1909 e-

198 1917 314 1948 ledlioni
326 1917 486 1956 hujulinodi
501 1929 617 1948 renuens
637 1918 794 1949 consentire
808 1939 818 1955 ,
842 1917 988 1947 nunciavit
1007 1918 1129 1957 expresse
1141 1918 1192 1955 juri
1205 1940 1215 1955 ‚
1240 1917 1260 1948 fi

198 1956 277 1995 quod
292 1966 326 1986 ex
339 1956 394 1994 ipsa
407 1957 546 1988 electione
561 1958 739 1997 competebat
752 1956 852 1986 eidem.

236 1994 426 2025 Postmodum
441 2005 534 2026 autem
555 1996 624 2026 dicti
645 1995 725 2026 Prior
745 1997 777 2027 ὅτ.
797 1993 963 2024 Conventus
979 1992 1013 2023 ad
1030 1993 1205 2024 tractandum
1224 1993 1260 2024 de

199 2034 283 2064 futuri
298 2034 490 2066 substitutione
506 2033 622 2066 Pastoris
636 2059 644 2074 ,
669 2036 715 2066 die
731 2034 765 2065 ad
787 2033 844 2063 hoc
861 2031 974 2070 praefixa
993 2032 1101 2062 insimul
1116 2042 1261 2063 convene-

198 2081 280 2111 runt,
296 2084 329 2104 ac
344 2075 373 2103 in
389 2074 544 2112 hujusmodi
561 2076 678 2114 negotio
694 2084 740 2111 per
752 2072 871 2103 eandem
890 2072 965 2103 viam
984 2071 1181 2109 compromissi
1194 2081 1260 2109 pro-

197 2111 312 2150 cedere,
331 2114 481 2143 communi
495 2113 683 2144 deliberavere
696 2111 838 2143 consensu.

235 2150 336 2189 Sicque
357 2151 475 2181 iraedi't‘ti
490 2150 658 2182 Conventus
672 2153 796 2190 quinque
810 2159 843 2179 ex
860 2150 898 2179 eis
910 2171 921 2186 ,
944 2148 1048 2179 scilicet
1061 2148 1153 2179 eidem
1167 2147 1257 2178 Priori

197 2187 332 2220 Robeito
363 2200 378 2219 e
391 2189 524 2220 Everdon
544 2189 716 2220 Praecentori
729 2212 738 2227 ,
767 2189 897 2220 Robetto
915 2187 951 2218 de
967 2187 1119 2224 Branipton
1133 2187 1259 2218 Succen-

195 2228 267 2265 tori,
285 2227 396 2258 Simoni
408 2228 444 2258 de
459 2228 586 2258 Karliolo
601 2229 754 2258 Cellerario
769 2251 778 2266 ,
801 2228 834 2258 &
850 2227 929 2261 Ηυξ.
950 2226 985 2256 de
1006 2226 1108 2256 Bolton
1129 2225 1258 2255 Sacristae

195 2266 204 2296 i
226 2266 276 2296 sius
290 2266 424 2298 Ecclesiae
437 2266 596 2298 Karleolen.
611 2267 775 2307 providendi
791 2266 882 2297 eidem
900 2258 1060 2295 Karleolen.
1074 2264 1208 2295 Ecclesiae
1220 2264 1257 2307 de

221 2304 318 2335 r.elato
332 2315 367 2335 eo
380 2306 470 2336 modo
483 2305 649 2345 potestatem
670 2306 834 2335 unanimiter
849 2303 1046 2334 concesserunt
1061 2326 1070 2340 ,
1097 2303 1174 2341 quod
1190 2304 1257 2340 ipsi,

196 2343 242 2374 vel
259 2345 364 2382 major,
383 2344 415 2375 &
429 2344 518 2374 sanior
533 2355 593 2386 pars
604 2354 703 2375 eorum
718 2344 802 2375 dietae
817 2342 976 2374 Karleolen.
995 2342 1129 2373 Ecclesiae
1142 2340 1178 2372 de
1193 2340 1258 2372 Pas-

195 2390 257 2413 tore
255 2381 382 2451 dydoneo
396 2383 581 2420 providerent.

231 2421 254 2452 li
275 2431 320 2451 ern
334 2431 427 2452 autem
442 2424 566 2462 quinque
577 2425 776 2455 convenientes
789 2425 817 2454 iii
827 2433 932 2462 unum,
951 2423 984 2454 &
998 2421 1063 2461 post
1077 2421 1256 2461 diligentem,

194 2470 278 2500 quem
292 2459 369 2498 super
384 2460 440 2492 hoc
459 2462 581 2493 habuere
602 2464 750 2493 rracstatum
766 2485 776 2501 ,
797 2461 831 2492 ad
847 2461 1035 2492 venerabilem
1056 2460 1172 2491 fratrem
1190 2469 1257 2489 nos-

195 2508 269 2530 trum
285 2498 467 2538 Radulphum
482 2500 606 2531 Karleol.
627 2501 799 2541 Episcopum
815 2523 825 2539 ,
835 2501 901 2530 -suae
918 2499 1144 2530 considerationis
1157 2498 1256 2529 oculos

193 2538 340 2577 dirigentes
353 2562 362 2575 ,
386 2539 476 2578 ipsum
491 2562 500 2578 ,
527 2548 594 2570 tunc
616 2540 744 2570 Priorem
766 2538 935 2569 Monasterii
950 2538 1113 2568 Gisburnice
1127 2537 1255 2578 praediffl

193 2576 298 2607 ordinis
311 2600 321 2615 ,
343 2577 501 2608 Eboracen.
523 2578 611 2608 Dioc.
634 2577 814 2609 concorditer
839 2579 872 2609 ὃς
896 2578 1086 2608 communiter
1102 2585 1203 2607 omnes
1223 2576 1256 2606 si-

195 2615 271 2653 mul,
289 2625 322 2645 ex
336 2615 471 2654 praedic‘hi
486 2617 621 2657 potestate
642 2618 702 2655 ipsis
716 2640 726 2654 ,
752 2625 783 2647 ut
823 2615 971 2647 raedicuim
990 2615 1032 2646 est
1047 2638 1058 2653 ,
1079 2614 1179 2645 tradita
1193 2637 1202 2652 ,
1225 2615 1255 2644 in

194 2651 357 2684 Karleolen.
376 2653 550 2693 Episcopum
574 2656 715 2695 elegerunt
730 2679 738 2693 ,
764 2655 809 2685 dic
824 2657 889 2692 ique
914 2653 995 2683 Prior
1019 2654 1051 2684 &
1071 2653 1256 2695 Conventus,

213 2692 341 2730 ostquam
355 2692 483 2723 electioni
498 2693 652 2731 hujusmodi
668 2693 700 2724 ad
720 2703 820 2723 eorum
843 2692 1002 2722 instantiam
1020 2692 1097 2721 idem
1120 2693 1256 2721 consensit

221 2730 347 2771 piscopus
363 2754 372 2769 ,
398 2731 527 2762 facientes
548 2732 718 2763 eleftionem
739 2731 823 2768 ipsam
849 2732 934 2761 bonae
953 2731 1099 2760 memoriae
1118 2729 1257 2760 Gualtero

193 2768 413 2809 Archiepiscopo
420 2770 576 2801 Eboracen.
592 2771 647 2801 loci
656 2770 834 2813 Metropolit.
847 2779 895 2810 per
909 2768 970 2799 suos
981 2776 1174 2808 procuratores
1183 2768 1255 2808 ydo-

193 2818 261 2837 neos
280 2808 433 2846 praesentari
449 2832 458 2847 ,
483 2810 518 2839 ab
537 2809 595 2848 ipso
621 2809 839 2849 Archiepilcopo
864 2807 1037 2848 postularunt
1049 2830 1060 2845 ,
1086 2814 1115 2848 iit
1137 2806 1255 2837 eandem

191 2846 359 2876 elec-”tionem
375 2847 536 2880 :introi-itate
551 2847 765 2886 Metropolitica
783 2846 964 2878 confirmaret
979 2868 987 2884 ,
1011 2847 1060 2884 qui
1080 2849 1134 2876 luae
1151 2845 1256 2877 delibe-

191 2886 304 2916 rationis
318 2885 396 2927 super
409 2887 465 2917 hoc
480 2888 619 2926 pendente
634 2887 736 2923 iudicio
751 2887 877 2916 debiturn
893 2895 996 2915 naturae
1011 2883 1149 2923 persolvit.

229 2923 267 2955 Et
283 2926 347 2956 licet
369 2926 437 2957 dicti
458 2926 538 2957 Prior
559 2927 592 2957 ὃς
607 2926 774 2956 Conventus
787 2948 797 2964 ,
820 2923 885 2963 post
906 2923 1025 2963 ejusdem
1046 2922 1256 2962 Arcbiepiscopi

193 2963 321 3001 obitum,
341 2964 509 2995 elecstioneni
526 2966 544 2984 '¹‘
560 2964 645 3002 ipsam
665 2963 804 3002 petiiffeut
819 2962 950 2993 instanter
965 2985 974 2999 ,
998 2971 1046 2999 per
1063 2970 1257 3001 procuratores

193 3001 254 3032 suos
268 3002 301 3032 ad
318 3002 374 3032 hoc
389 3002 536 3040 specialiter
553 3002 721 3034 constitutos
733 3025 743 3043 ‚
765 3005 779 3033 a
795 3001 930 3043 Capitulo
950 3000 1075 3041 ejusdem
1096 2999 1255 3032 Eboracen.

195 3040 329 3071 Ecclesiae
343 3041 516 3072 confirmari:

229 3079 360 3110 Demum
376 3088 467 3110 tamen
481 3081 567 3112 iidem
582 3080 661 3112 Prior
682 3083 715 3114 &
734 3081 903 3113 Conventus
917 3080 1103 3119 attendentes,
1123 3079 1198 3118 quod
1215 3077 1258 3109 di-

193 3117 233 3148 ‹sti
245 3117 409 3158 Capitulum
431 3119 460 3148 in
478 3120 634 3158 hujusmodi
657 3121 877 3151 confirmationis
898 3120 1013 3159 negotio
1027 3129 1118 3149 moras
1131 3120 1164 3150 &
1180 3117 1257 3148 diffi-

193 3157 306 3187 cultates
320 3155 455 3188 indebitas
476 3159 629 3198 ingerentes
644 3183 653 3196 ,
678 3161 823 3199 negotium
844 3159 932 3199 ipsum
954 3168 1003 3196 per
1023 3157 1144 3196 prolixos
1157 3157 1256 3187 termi-

193 3205 246 3226 nos
259 3218 269 3233 ,
292 3196 325 3226 &
341 3196 485 3226 dilationae
502 3197 622 3227 morosas
635 3220 645 3234 ,
670 3199 698 3227 in
723 3206 830 3236 tempus
849 3199 959 3237 longius
977 3196 1198 3234 protrahebant,
1225 3196 1255 3225 in

192 3244 251 3264 non
266 3234 413 3264 modicum
428 3235 512 3265 dit‘tae
531 3235 688 3265 Karleolen.
705 3235 835 3266 Eccleiiae
850 3235 1024 3273 dispendium
1039 3235 1074 3265 &
1088 3243 1254 3273 gravamen,

191 3272 324 3310 quodque
336 3273 423 3307 iidem
438 3273 604 3311 Capitulum
617 3273 694 3311 super
709 3274 766 3304 hoc
779 3284 827 3313 per
840 3275 967 3313 praefatos
982 3273 1180 3303 Procuratores
1194 3272 1256 3310 plu-

193 3311 246 3340 ries
262 3312 396 3348 requisiti,
415 3311 441 3341 se
457 3311 573 3342 finaliter
588 3312 663 3342 nolle
678 3313 827 3352 procedere
843 3314 871 3343 in
894 3312 1032 3352 praedicto
1051 3313 1166 3350 negotio
1180 3321 1254 3351 prae-

191 3349 304 3380 tendere
324 3350 479 3380 nitebantur
496 3374 505 3389 ,
529 3361 563 3381 ex
585 3351 743 3388 hujusmodi
766 3352 848 3382 causis
869 3363 916 3390 per
934 3351 1149 3381 Procuratorem
1165 3350 1255 3389 legiti-

195 3397 276 3417 mum
292 3389 325 3418 ad
338 3388 429 3419 sedern
444 3389 637 3428 Apostolicam
653 3389 834 3427 appellarunt.

232 3425 265 3454 N
301 3428 362 3456 otio
380 3429 470 3466 itaque
489 3427 645 3465 hujusmodi
665 3438 713 3466 per
735 3429 946 3467 appellationem
958 3452 967 3465 ‚
990 3436 1044 3468 pro
1066 3434 1142 3464 parte
1162 3426 1255 3457 dicto-

195 3472 260 3494 rum
298 3466 375 3495 rioris
389 3466 421 3496 ἃ
434 3465 618 3504 Conventus,
635 3466 668 3496 ad
686 3476 736 3496 nos
749 3467 835 3497 taliter
848 3467 1019 3503 interjectam
1028 3489 1038 3504 ,
1051 3465 1087 3496 ad
1099 3465 1192 3496 sedem
1205 3465 1256 3495 de-

196 3501 299 3544 voluto·
319 3503 483 3541 praedictam
498 3527 508 3543 ,
533 3514 585 3534 nos
608 3506 841 3536 examinationem
862 3505 1005 3535 electionis
1031 3505 1112 3542 ipsius
1125 3526 1134 3541 ,
1159 3504 1195 3533 de
1213 3505 1256 3541 ip-

199 3539 388 3583 so-Episcopo
404 3565 413 3580 ,
439 3551 469 3572 ut
491 3543 649 3583 praedicitur
665 3566 674 3580 ,
698 3544 843 3574 celebrata:
858 3566 867 3581 ,
893 3543 1046 3573 venerabili
1066 3543 1140 3572 fratri
1159 3543 1198 3572 O.
1218 3542 1256 3571 Ε-

222 3580 317 3643 mog?
340 3579 491 3611 Tusculan.
516 3582 549 3613 δε
569 3581 675 3611 dilectis
697 3581 757 3611 filiis
774 3582 875 3611 nostris
897 3581 1046 3612 Gulielmo
1064 3580 1137 3611 tituli
1160 3581 1257 3611 Saneti

243 3625 288 3657 arc
311 3625 318 3643 i
338 3615 495 3648 presbitero
509 3642 518 3657 ,
544 3629 576 3649 ac
588 3619 716 3657 Jordano
730 3620 826 3650 Sancti
840 3620 980 3650 Eustachii
1000 3620 1138 3650 Diacono
1156 3618 1258 3650 Cardi-

202 3652 470 3698 nalibus,·duxiiiius
484 3658 734 3688 committendum:
756 3668 804 3695 per
816 3669 886 3698 quos
906 3659 1054 3697 diligenter
1073 3659 1257 3688 examinatio-

202 3700 239 3720 ne
254 3690 430 3736 hiiJulmodi,
457 3695 489 3724 &
504 3696 539 3725 de
554 3696 605 3726 hiis
620 3706 684 3736 quse
698 3706 747 3736 per
766 3697 850 3734 ipsam
865 3698 1034 3727 invenerunt
1048 3719 1059 3735 ,
1083 3696 1166 3726 nobis
1183 3695 1258 3726 fa&

203 3728 336 3771 relatione
351 3729 422 3771 fideli
437 3754 445 3767 ,
471 3734 534 3770 quia
551 3735 578 3763 in
594 3735 733 3765 eleetione
750 3735 805 3772 ipsa
821 3745 869 3773 per
887 3735 979 3765 dictos
998 3734 1258 3773 compromissarios

202 3776 262 3810 non
279 3776 435 3797 invenimus
454 3772 591 3811 capoiiice
606 3773 686 3803 fuisse
723 3773 864 3803 roceffum
877 3796 886 3811 ,
910 3783 963 3811 pro
981 3783 1017 3803 eo
1034 3773 1112 3812 quod
1127 3772 1257 3812 praediffl

201 3813 328 3841 qumque
341 3813 440 3834 omnes
453 3809 560 3851 insimul
572 3811 694 3842 eundem
741 3810 945 3849 Episcopum,
962 3820 993 3841 ut
1007 3812 1184 3852 praedicitur,
1203 3810 1259 3840 ele-

202 3851 317 3881 gefflm,
336 3850 389 3870 nec
401 3851 560 3887 coffimqms
575 3851 758 3884 pronunciata
771 3860 820 3887 per
840 3860 930 3880 unum
946 3850 998 3880 fuit
1013 3850 1117 3880 eleffio
1128 3848 1259 3879 subsecu-

203 3889 229 3909 12
238 3902 247 3917 2
264 3880 340 3917 QUOd
354 3887 448 3921 tamefl
460 3881 518 3923 ἢθη
531 3884 628 3915 debuit
639 3909 649 3923 ,
676 3897 745 3917 curn
759 3887 775 3916 a
789 3887 889 3917 nostris
904 3888 986 3918 fuerit
1005 3886 1258 3918 Praedecefforibus

201 3917 327 3947 Roman.
344 3916 527 3948 Pontificibus
538 3921 712 3962 observatum
722 3947 730 3962 ‚
746 3925 779 3954 &
794 3926 878 3955 etiam
890 3925 1065 3964 diffinitum,
1081 3933 1112 3955 ut
1125 3925 1196 3955 sicut
1209 3933 1258 3961 per

201 3965 289 3986 unum
304 3979 313 3993 ,
326 3955 451 3998 'quando
470 3966 518 3998 per
538 3967 612 3987 Viam
629 3960 751 4002 scrutinii
766 3962 799 3992 ad
817 3963 987 3993 electionem
1007 3963 1170 4002 proceditur
1183 3984 1194 4000 ,
1217 3960 1260 3991 est

201 3993 402 4032 pronuntianda
415 3994 448 4024 &
461 3993 586 4026 facienda
600 3996 701 4028 electio
710 4021 720 4035 ,
736 4000 892 4031 secundum
906 4003 1046 4033 canonice
1058 4000 1201 4039 instituta,
1219 3999 1259 4031 sic

677 90 1921 150 coNVENTioNE84L1T‘ERAE,

1323 183 1357 214 &
1369 192 1418 220 per
1430 193 1520 227 unum
1540 183 1583 214 est
1600 184 1713 225 quando
1730 195 1779 226 per
1796 186 1873 216 viam
1893 185 2054 224 proceditur
2070 182 2268 224 compromissi
2281 190 2300 228 ,'
2318 199 2384 222 ean-
2397 187 2471 218 Ann.
2485 186 2528 223 D,
2543 198 2546 199 ⁷

1321 222 1388 252 dem
1403 222 1574 252 electionem
1588 223 1625 253 de
1637 224 1754 254 frati-um
1767 224 1931 254 nostrorum
1952 225 2071 255 consilio
2089 225 2283 257 sententialiter
2299 229 2383 260 cafl‘a-
2418 228 2518 257 1280.·

1320 262 1431 299 vimus,
1448 261 1549 298 justitia
1562 262 1707 301 exigente,
1719 263 1795 293 illam
1813 263 1914 293 cassam
1929 263 1961 293 &
1977 264 2084 293 iiTitam
2099 265 2271 304 nuntiand03
2397 266 2465 295 Edv,
2485 275 2511 294 ι.

1357 298 1505 329 Caeterum
1520 309 1556 329 ne
1569 300 1644 330 dieta
1663 299 1822 331 Karleolen.
1839 300 1961 331 Eccleiia
1980 310 2029 340 per
2048 303 2225 333 vacationem
2244 304 2383 336 diutinam

1319 336 1488 380 detrimenta
1505 339 1672 380 incurreret,
1689 345 1753 377 quae
1767 339 1854 370 solent
1868 339 1985 370 viduatis
1993 339 2124 370 Ecclesiis
2137 342 2299 381 imminere,
2315 352 2382 380 pro-

1320 378 1456 405 viiionern
1472 377 1554 418 ipsius
1565 377 1645 406 nobis
1663 378 1827 408 reservantes
1842 378 1896 408 hac
1916 379 1980 408 vice
1993 402 2002 416 ,
2028 388 2062 409 ac
2079 379 2258 412 decernentes
2270 382 2380 412 irritum

1321 414 1354 444 &
1368 415 1464 451 inane,
1482 415 1502 444 fi
1516 419 1592 445 iecus
1603 417 1779 456 contingeret
1793 418 1965 457 attemptari,
2052 448 2053 451 ,
2135 419 2137 421 ’
2388 426 2391 431 “

1355 451 1394 482 Ε[
1408 452 1526 482 demum·
1541 475 1552 490 ‚
1569 454 1771 485 considerantes
1787 455 1930 492 personam
1947 455 2028 494 ipsius
2043 454 2175 496 Episcopi
2225 457 2261 488 de
2279 458 2383 490 littera-

1321 499 1385 519 rum
1399 490 1511 521 scientia
1523 501 1571 530 per
1584 492 1746 523 relationem
1759 493 1958 532 praedititorum
1966 492 2116 533 Episcopi,
2131 480 2365 528 &Cardinalium
2383 500 2386 502 '

1321 528 1358 572 de
1375 537 1497 572 'morum
1518 539 1629 570 quoque
1651 533 1807 562 maturitate
1821 555 1831 569 ,
1853 532 1992 571 religionis
2012 532 2213 572 observantia,
2235 520 2393 575 prudentii}i

1319 566 1497 610 spiritualium
1509 568 1753 607 &temporalium
1769 570 1945 608 providentia
1959 593 1970 610 ,
1994 580 2044 608 per
2063 571 2222 602 multorum
2242 573 2380 614 fidedigna

1318 604 1480 648 testimonia
1493 607 1680 646 multipliciter
1692 609 1937 647 commendatam,
1954 610 2077 639 eundem
2091 609 2130 639 R.
2139 609 2330 652 Episcopum,
2345 613 2386 644 de

1317 643 1438 712 ipsorum
1454 644 1570 675 fratrum
1584 646 1720 685 consilio,
1738 648 1771 678 &
1785 646 1961 685 Apostolicae
1975 648 2148 686 plenitudine
2163 650 2321 690 potestatis,
2339 653 2378 682 ei-

1338 691 1384 727 etn
1403 682 1563 727 Karleolen.
1583 684 1717 715 Ecclesiae
1732 687 1909 724 praefecimus
1922 687 1951 716 in
1970 686 2145 724 Episcopum
2161 688 2195 718 &
2213 687 2377 729 Pastorem,

1317 729 1400 764 eique
1413 721 1534 766 fecimus
1549 732 1598 760 per
1612 723 1780 761 praedictum
1794 724 1967 762 Episcopum
1985 725 2140 756 Tusculan.
2159 735 2263 758 munus
2281 729 2379 759 conle-

1317 767 1448 789 crationis
1460 770 1499 790 im
1522 761 1609 799 endi,
1635 761 1717 792 firma
1737 762 1783 799 spe
1798 762 1955 802 fiduciaque
1975 771 2098 794 tenentes
2113 783 2123 802 5
2165 765 2224 795 uod
2242 767 2378 804 praeditsta

1318 797 1478 828 Karleolen.
1509 799 1632 838 'cclesia‚
1649 799 1718 831 Deo
1733 801 1864 840 auctore,
1900 811 1929 832 er
1941 802 2021 840 ipfius
2033 801 2073 832 R.
2086 801 2142 842 Epi
2153 805 2219 843 copi
2233 805 2378 837 industriae

1316 847 1349 866 ac
1363 837 1619 877 circumspec‘tionis
1632 838 1807 869 fru&uosum
1827 839 1870 870 stu
1890 841 1969 879 ium,
1989 840 2198 879 praeservabirur
2211 843 2227 872 a
2241 845 2331 875 noxiis
2344 846 2379 876 &

1316 875 1446 914 adversis,
1465 886 1498 906 ac
1512 876 1691 914 spiritualibus
1702 877 1736 907 &
1755 878 1955 915 temporalibus
1970 878 2100 918 proficiet
2110 880 2295 912 incrementis.

1353 913 1433 944 Cum
1449 915 1558 957 itaque,
1576 914 1615 945 fili
1630 914 1783 954 carissime,
1798 916 1830 946 sit
1844 917 1952 947 virtutis
1964 927 2036 957 opus
2047 941 2057 956 ,
2084 917 2222 949 Ecclesias
2234 921 2268 952 &
2282 920 2379 959 perso-

1317 962 1365 982 nas
1378 951 1598 992 Ecclesiasticas,
1618 953 1768 991 praesertim
1782 953 1939 986 Pontificali
1951 957 2078 995 praeditas
2091 956 2240 997 dignitate,
2257 959 2380 999 benigne

1317 990 1414 1034 favore
1430 991 1574 1036 prosequi,
1591 1001 1625 1022 ac
1640 1001 1684 1022 eas
1698 992 1789 1023 verbis
1805 993 1839 1024 ὃς
1852 994 1984 1032 operibus
1995 1016 2005 1032 ,
2028 1003 2083 1032 pro
2103 994 2192 1035 Regis
2203 999 2300 1029 aeterni
2316 999 2380 1038 glo-

1315 1039 1356 1059 ria
1369 1039 1507 1060 venerari:

1353 1067 1536 1100 Serenitatem
1551 1068 1673 1109 Regiam
1688 1077 1819 1109 rogamus
1832 1070 1866 1102 &
1885 1069 2037 1101 hortamur
2051 1072 2156 1102 attente
2170 1075 2298 1111 quatinus
2309 1085 2380 1107 eun-

1315 1105 1381 1135 dem
1398 1107 1437 1137 R.
1454 1106 1626 1146 Episcopum
1642 1118 1674 1138 ac
1695 1109 1838 1146 praefatam
1853 1107 2007 1139 Ecclesiam
2029 1108 2189 1141 Karleolen.
2205 1111 2379 1151 habensfpro

1315 1144 1427 1184 divina,
1444 1147 1477 1177 &
1493 1145 1668 1184 Apostolicae
1681 1146 1764 1187 sedis,
1784 1157 1817 1177 ac
1840 1147 1933 1177 nostra
1951 1149 2104 1178 reverentia
2120 1150 2279 1187 propensius
2294 1161 2381 1182 com·-

1316 1184 1476 1222 mendatos,
1497 1194 1525 1215 te
1537 1185 1598 1225 ipfis
1610 1185 1705 1215 reddas
1720 1185 1749 1215 in
1771 1186 1866 1225 Regio
1881 1185 1978 1216 favore
1998 1185 2167 1217 munificum
2181 1210 2191 1226 ,
2215 1189 2249 1219 &
2265 1190 2293 1219 in
2306 1199 2380 1220 cun-

1316 1222 1367 1265 etis
1379 1225 1633 1262 opportunitatibus
1642 1224 1810 1263 gratiosum,
1828 1225 1866 1254 ita
1877 1224 1954 1263 quod
1967 1224 2041 1255 idern
2055 1224 2226 1265 Episcopus,
2245 1235 2302 1258 tuae
2310 1227 2380 1259 Cel-

1314 1261 1437 1292 situdinis
1450 1262 1533 1292 fultus
1546 1263 1649 1293 auxilio
1662 1285 1672 1300 ,
1699 1263 1729 1292 in
1744 1262 1892 1293 commissa
1906 1264 1955 1293 sibi
1974 1273 2040 1294 cura
2056 1263 2197 1301 pastoralis
2207 1265 2297 1296 officii
2312 1276 2380 1305 pos-

1315 1299 1360 1339 fit,
1377 1299 1446 1330 Deo
1461 1302 1583 1340 propitio
1596 1324 1605 1339 ,
1629 1300 1797 1341 prosperari,
1814 1310 1847 1332 ac
1865 1302 1916 1332 tibi
1930 1302 2030 1332 exinde
2049 1303 2063 1332 a
2079 1302 2148 1333 Deo
2161 1307 2320 1345 perempnis
2333 1307 2377 1336 vi-

1314 1346 1350 1368 tae
1364 1339 1512 1379 praemium
1521 1362 1531 1378 ,
1545 1340 1579 1370 δε
1595 1341 1611 1370 a
1626 1340 1708 1369 nobis
1719 1340 1860 1380 condigna
1872 1341 2017 1378 proveniat
2032 1341 2108 1371 aetio
2121 1343 2279 1380 gratiarum.

1348 1417 1416 1464 Dat.
1432 1418 1539 1450 Romae
1554 1419 1627 1460 apud
1648 1419 1785 1463 santium
1806 1419 1923 1452 Petrum
1941 1421 2043 1460 quinto
2062 1420 2103 1452 Id.
2119 1422 2238 1464 Aprilis,
2257 1423 2376 1456 Pontifi-

1311 1465 1389 1488 catus
1403 1457 1491 1488 nostri
1505 1468 1582 1489 anno
1596 1466 1687 1489 tertio.

1948 1527 2003 1558 Sub
2016 1527 2070 1571 filo
2087 1530 2212 1561 canabeo.

1458 1663 1507 1695 De
1522 1674 1619 1696 annuo
1629 1661 1719 1707 feodo
1737 1661 1868 1696 Berardo
1885 1660 1922 1695 de
1937 1662 2066 1709 Mapoli
2075 1661 2230 1708 solvendo,

1307 1749 1434 1807 REX
1452 1751 1637 1783 Thesaurario
1651 1753 1684 1783 &
1699 1751 1865 1784 Camerariis
1876 1752 1943 1790 suis,
1958 1751 2082 1783 mutem.
2393 1749 2469 1783 Ann.
2484 1751 2526 1785 Dv

1400 1790 1545 1829 Liberate,
1561 1792 1598 1821 de
1613 1791 1759 1821 Thesauro
1775 1791 1892 1830 nostro,
1910 1790 2064 1821 Baruntino
2077 1789 2199 1821 Walteri
2211 1813 2222 1829 ,
2248 1790 2371 1822 Richar-
2420 1791 2506 1821 1280.

1306 1829 1346 1859 do
1362 1829 1558 1868 Guidicionis,
1578 1832 1611 1862 &
1627 1831 1706 1860 sociis
1723 1829 1776 1860 suis
1790 1829 2002 1861 Mercatoribus
2020 1829 2056 1859 de
2070 1827 2152 1868 Luk,
2171 1831 2370 1869 quaterviginti
2389 1833 2441 1857 An.
2457 1831 2488 1857 8·

1307 1867 1438 1907 Marcas,
1456 1878 1506 1908 per
1519 1878 1616 1899 manus
1626 1869 1681 1900 suas
1695 1868 1846 1899 liberandas
1859 1868 1965 1898 dilecto
1979 1866 2094 1897 Clerico
2113 1866 2211 1898 nostro
2230 1867 2370 1908 Magistro
2389 1872 2419 1894 E·
2443 1878 2467 1896 1·
2510 1889 2524 1902 0.

1306 1906 1428 1938 Berardo
1439 1906 1474 1937 dc
1488 1906 1630 1945 Neapoli,
1648 1908 1769 1938 Domini
1782 1907 1868 1945 Papae
1880 1906 2022 1944 Notari03
2040 1905 2187 1945 videlicet,
2204 1907 2371 1946 quadragin-
2389 1905 2506 1935 Liberat:

1306 1954 1333 1976 ta
1349 1945 1461 1976 Marcas
1475 1946 1510 1976 de
1524 1945 1666 1977 Termino
1679 1946 1776 1977 Sancti
1792 1946 1942 1976 Michaelis
1954 1967 1965 1982 ,
1985 1954 2061 1975 anno
2076 1944 2172 1985 Regni
2185 1945 2274 1975 nostri
2289 1945 2370 1984 septi-
2391 1944 2417 1971 8.
2432 1949 2460 1974 Ε.
2478 1954 2502 1973 1.

1306 1995 1376 2022 mo,
1394 1985 1427 2015 &
1449 1983 1628 2024 quadraginta
1644 1985 1755 2015 Marcas
1771 1985 1807 2015 de
1827 1985 1972 2014 Termino
1992 1983 2105 2013 Paschae
2119 2005 2129 2021 ,
2151 1993 2226 2013 anno
2238 1985 2257 2003 ²¹²
2273 1983 2370 2024 Regni
2392 1993 2427 2010 m·
2444 1993 2470 2018 7-

1304 2023 1532 2093 SostribQCtavo,
1546 2028 1581 2054 de
1595 2034 1691 2055 annuo
1703 2023 1792 2054 feodo
1805 2023 1872 2061 suo,
1888 2022 2084 2063 quaterviginti
2098 2021 2281 2062 Marcarum,
2295 2023 2373 2062 quod
2394 2021 2521 2058 *111149

1325 2072 1341 2092 e
1354 2072 1393 2092 no
1414 2072 1436 2091 is
1448 2071 1576 2102 percipit.

1340 2143 1429 2174 Teste
1444 2142 1527 2182 Rege
1541 2143 1615 2183 apud
1626 2142 1744 2174 Bristoll.
1761 2143 1896 2174 vicesimo
1913 2151 2012 2182 quarto
2025 2141 2072 2173 die
2087 2141 2198 2179 Aprilis.

1327 2279 1385 2310 Pro
1401 2274 1525 2322 Asfonfi
1535 2303 1546 2320 ‚
1573 2273 1696 2320 Castellae
1716 2279 1810 2323 Rege,
1835 2274 1871 2307 de
1887 2274 2017 2309 navibus
2030 2273 2225 2319 construendis
2242 2285 2345 2307 contra

1747 2336 1918 2358 saracenos.

1303 2414 1390 2470 RE
1400 2415 1431 2446 X
1451 2415 1555 2454 Majori
1568 2415 1601 2446 &
1612 2414 1712 2453 Juratis
1727 2414 1823 2446 Baion.
1836 2414 1958 2444 silutem.
2388 2412 2464 2443 Ann.
2479 2414 2522 2445 D.·

1395 2454 1565 2485 Mandamus
1580 2454 1662 2483 vobis
1676 2455 1770 2491 Quod,
1792 2453 1809 2483 si
1829 2452 2010 2483 iereniffimus
2022 2451 2175 2491 Princeps,
2194 2451 2368 2491 Alphonfus‚
2407 2453 2492 2483 1280.

1302 2492 1361 2524 Dei
1376 2493 1479 2531 gratia,
1494 2492 1624 2523 Castellae
1642 2493 1703 2523 Rex
1721 2492 1829 2523 illustn's
1844 2514 1854 2530 ,
1877 2491 1994 2521 sororius
2010 2490 2107 2521 noster
2121 2515 2130 2530 ,
2153 2490 2254 2521 sustam
2277 2491 2310 2520 ad
2326 2490 2367 2520 fa-
2376 2511 2381 2515 ..
2390 2496 2440 2520 Ati.
2461 2492 2489 2522 8.

1302 2532 1393 2562 ciend.
1411 2532 1499 2572 galeas
1513 2534 1546 2563 &
1567 2541 1649 2561 naves
1670 2541 1770 2562 contra
1783 2535 1953 2568 saracenos,
1970 2529 2102 2561 inimicos
2118 2530 2273 2560 christianae
2287 2529 2376 2567 fidei,
2391 2535 2420 2557 Ε,
2442 2539 2466 2559 1.

1303 2571 1334 2600 in
1347 2572 1458 2601 civitate
1471 2572 1505 2602 &
1517 2569 1646 2601 distri&u
1666 2571 1763 2600 vestris
1778 2579 1871 2598 entere
1886 2592 1895 2606 ,
1918 2570 1962 2598 vel
1978 2567 2048 2598 infra
2068 2568 2225 2599 districtum
2241 2568 2364 2598 vestrum
2390 2573 2444 2596 Μ’.

1301 2618 1386 2639 naves
1401 2610 1434 2640 &
1447 2609 1534 2649 galeas
1547 2608 1582 2639 ad
1596 2610 1652 2639 hoc
1672 2609 1763 2640 facere
1779 2608 1904 2638 construi
1921 2607 2041 2638 voluerit
2054 2629 2063 2645 ,
2090 2607 2178 2644 ipsum
2188 2629 2198 2645 ,
2213 2607 2258 2636 vel
2275 2605 2365 2636 Nun-
2390 2610 2487 2645 Vascon.
2497 2606 2523 2634 8.

1302 2648 1362 2677 cios
1375 2647 1453 2686 suos,
1469 2647 1588 2677 eandem
1600 2656 1708 2687 emere,
1724 2648 1757 2678 ὃς
1772 2645 1857 2683 ipsam
1871 2646 1905 2676 &
1918 2645 2006 2676 dietas
2020 2655 2104 2675 naves
2116 2646 2150 2676 &
2167 2645 2254 2684 galeas
2267 2645 2368 2675 exinde
2389 2650 2417 2673 Ε.
2441 2654 2466 2672 1.

1301 2686 1442 2715 extrahere
1455 2686 1488 2716 &
1501 2685 1622 2723 ducere,
1639 2695 1698 2724 quo
1709 2685 1846 2722 voluerit,
1865 2693 1917 2721 pro
1930 2684 1985 2714 suae
2004 2683 2086 2713 libito
2101 2683 2265 2721 voluntatis,
2282 2683 2367 2713 libere
2389 2693 2425 2712 m.
2444 2692 2486 2719 ¹4·

1323 2732 1481 2754 ermittans:

1302 2732 1321 2763 p
1341 2762 1451 2800 Qiod,
1469 2762 1488 2792 si
1501 2761 1687 2800 carpentarios
1700 2759 1733 2790 &
1746 2758 1866 2789 factores
1884 2759 2000 2790 navium
2016 2758 2050 2789 &
2065 2758 2205 2797 galearum
2222 2758 2368 2796 hujusmo-

1301 2799 1331 2834 di
1343 2800 1379 2830 de
1391 2801 1505 2830 civitate
1517 2800 1551 2830 δε
1564 2798 1695 2829 distrid'm
1726 2797 1846 2827 raediffis
1859 2797 1963 2827 habere
1977 2796 2117 2840 voluerit,
2134 2807 2185 2827 vos
2197 2797 2287 2836 ipsos,
2300 2807 2369 2829 curn

1300 2839 1380 2879 super
1400 2839 1456 2869 hoc
1472 2848 1522 2876 per
1535 2837 1625 2878 ipsum
1639 2860 1650 2877 ‚
1672 2846 1708 2867 ve
1732 2835 1895 2867 mandatum
1912 2835 1992 2867 suum
2010 2835 2134 2875 requisiti
2149 2835 2254 2867 fueritis
2271 2858 2282 2875 ,
2302 2837 2370 2868 mit-

1302 2886 1372 2910 tatis.

1339 2915 1374 2947 In
1386 2916 1467 2956 cujus
1479 2938 1488 2955 ,
1511 2913 1571 2946 &c.

1339 2997 1428 3037 Teste
1442 2996 1527 3038 Rege
1539 2996 1613 3038 apud
1628 2995 1754 3028 Westm.
1766 2995 1883 3028 decimo
1896 2994 2003 3027 ottavo
2015 2994 2061 3026 di‘e
2076 2995 2159 3033 Maii.

1337 3134 1443 3166 Litera
1462 3132 1549 3176 Regis
1569 3127 1729 3212 Castellae373
1735 3128 1772 3162 de
1788 3130 1913 3211 Trgtgis
1924 3127 2076 3186 faciendis
2095 3132 2174 3162 inter
2187 3127 2281 3175 ipsum
2302 3131 2340 3166 &
2373 3132 2375 3135 '

1731 3190 1811 3224 egem
1856 3189 1971 3211 ranciae.

1386 3269 1509 3299 Overint
1523 3266 1642 3299 universi
1656 3290 1666 3305 ,
1692 3265 1854 3304 praesentem
1869 3266 1986 3298 litteram
2000 3265 2150 3304 inspesturi
2163 3266 2198 3297 &
2215 3267 2300 3297 etiam
2314 3275 2365 3297 au·
2383 3261 2459 3294 Ann.
2473 3263 2522 3307 D,-

1385 3308 1488 3344 diruri,
1507 3306 1585 3344 quod
1598 3316 1667 3344 nos,
1684 3305 1827 3344 Alfonsus,
1846 3305 1904 3335 Dei
1943 3304 2022 3344 tatia,
2044 3304 2110 3335 Rex
2131 3303 2279 3343 Castfflae,
2297 3305 2362 3335 To-
2409 3303 2493 3333 1280.

1299 3347 1364 3385 leti,
1382 3346 1536 3385 Legionis,
1552 3344 1704 3382 Galleciae,
1719 3344 1841 3382 Sibiliae,
1861 3343 1923 3374 Cor
1943 3344 2018 3374 ubiae
2031 3367 2042 3381 ,
2067 3342 2208 3381 Murciae,
2227 3343 2360 3382 Gihenfi,
2378 3343 2430 3368 An·
2447 3341 2474 3369 8·

1301 3394 1384 3425 atque
1391 3385 1426 3415 Al
1461 3383 1532 3421 rbii,
1569 3392 1602 3412 ro
1614 3392 1650 3413 eo
1662 3383 1739 3422 quod
1753 3381 1916 3421 magnificus
1929 3382 2063 3420 Princeps
2074 3381 2244 3420 Edwardus,
2262 3381 2360 3413 eadem
2378 3381 2409 3406 Ε·
2428 3387 2452 3405 ¹·

1300 3424 1402 3463 gratia,
1419 3424 1435 3453 il
1449 3421 1527 3459 ustris
1543 3391 1606 3451 Rex
1621 3421 1748 3460 Angli-ae,
1766 3421 1911 3451 Dominus
1928 3420 2094 3458 Hiberniae,
2113 3421 2147 3451 &
2161 3420 2230 3450 Dux
2243 3419 2360 3460 Aquita·
2372 3420 2408 3444 L·
2423 3420 2452 3444 B·
2464 3416 2492 3454 f·

1300 3464 1373 3501 niae,
1391 3461 1509 3491 sororius
1523 3459 1616 3489 noster
1639 3459 1808 3497 carissimus,
1826 3469 1875 3497 per
1894 3458 2030 3490 Nuncios
2047 3459 2110 3489 suos
2124 3458 2212 3489 solem
2233 3468 2297 3497 nes,
2315 3457 2424 3497 vi-,45-
2442 3466 2470 3483 a.

1301 3511 1347 3532 ros
1361 3500 1486 3537 nobiles,
1503 3497 1681 3529 Gulielmum
1697 3497 1733 3527 de
1747 3497 1890 3536 Valentia,
1903 3497 2066 3535 Johannem
2083 3497 2120 3527 de
2133 3496 2181 3527 Gr
2213 3468 2232 3527 l,
2263 3519 2274 3534 ,
2289 3503 2358 3538 tunc
2374 3495 2447 3520 Penes
2461 3498 2514 3524 Ca-

1300 3540 1434 3578 temporis
1459 3536 1644 3567 Senescallum
1666 3536 1910 3604 Vasconiaeknos
1931 3536 2038 3579 rogavit
2061 3534 2193 3566 instanter
2214 3534 2291 3574 quod
2307 3533 2359 3562 suis
2378 3540 2470 3559 merar.

1299 3570 2358 3650 Ξὲῗὲῗῐῗῑὲἓεῗῧὲἑξὲἓῧὲῗ,ὥῖἷῃεῃῃίἕῗῃῖῗῑὲξὲῗηέὲᾛῧῖἓᾟἷκὲἕῗπ
2371 3572 2514 3644 Win-

1338 3653 1376 3683 Et
1394 3654 1458 3692 quia
1477 3651 1677 3690 postmodum,
1701 3661 1815 3692 propter
1834 3651 1909 3682 casus
1925 3651 1993 3681 alios
2015 3658 2188 3690 emergentes
2293 3647 2361 3678 alios
2379 3650 2514 3675 mar-An»

1301 3692 1438 3723 Nuncios
1451 3690 1512 3720 suos
1526 3689 1697 3731 solempnes,
1713 3691 1841 3721 nobilem
1856 3691 1951 3721 virum
1964 3687 2130 3719 Talliferum
2144 3688 2180 3718 de
2231 3693 2298 3729 onte
2315 3685 2361 3715 O-
2381 3682 2446 3713 8·E·
2457 3694 2482 3716 ¹»

1301 3731 1360 3761 serii
1375 3728 1498 3759 Militem
1511 3728 1591 3758 suum
1604 3753 1614 3766 ,
1641 3730 1674 3760 &
1693 3729 1829 3760 dilectum
1848 3726 2117 3772 nobis-Magistrum
2139 3723 2309 3755 Gauffidum
2321 3724 2369 3768 de·
2382 3730 2419 3749 m·
2434 3731 2463 3760 3·

1302 3768 1404 3799 Everle
1417 3767 1546 3797 nostrum
1559 3766 1671 3798 fidelem
1680 3767 1855 3805 Notarium,
1874 3766 1980 3804 plenius
1994 3763 2174 3807 honestarum
2187 3771 2305 3799 precum
2319 3773 2364 3793 in-
2443 3772 2447 3776 “

1304 3806 1409 3837 stantiis
1421 3815 1474 3835 nos
1487 3814 1583 3844 rogare
1599 3808 1724 3844 curavit,
1741 3814 1773 3836 ut
1786 3805 1914 3836 daremus
1931 3805 1981 3835 fibi
1995 3826 2005 3841 ,
2030 3811 2080 3842 per
2096 3801 2218 3830 litteram
2238 3800 2368 3844 nostram*

1303 3852 1451 3912 ffinterfi
1461 3866 1472 3882 ,
1496 3843 1661 3911 pptestatem
1695 3845 1823 3875 lenariarn
1839 3841 1973 3911 inshgignadii
1985 3839 2370 3914 ffissmpgfioFrgfflipnffl?

1303 3892 1415 3963 tjnggs
1431 3891 1964 3960 Βθὲῐεῃίιξῗέἓῖῖοκῗιῐτῗὲωῗιξὲἕςῖεηῇε
1977 3938 1987 3954 ,
2007 3914 2055 3959 yel
2071 3913 2106 3944 ad
2129 3915 2281 3959 terminum
2298 3926 2368 3954 pro-

1305 3959 1433 3989 lixiorem
1447 3981 1457 3997 ,
1481 3959 1500 3989 si
1517 3958 1544 3988 id
1563 3959 1654 3990 eidem
1669 3959 1745 3997 Regi
1763 3957 1905 3988 videretur
1916 3952 2063 3998 expediens
2076 3963 2086 3989 3
2111 3960 2144 3982 ut
2157 3962 2269 3983 interim
2283 3953 2368 3991 poffit

1304 3998 1384 4038 loqui
1396 3997 1431 4029 &
1443 3997 1558 4029 tractare
1570 3997 1607 4029 de
1619 4007 1689 4037 pace
1702 4005 1788 4034 atque
1802 3992 1956 4027 concordia
1969 3999 2041 4022 inter
2054 3999 2106 4021 nos
2120 3990 2274 4032 &Regem
2281 3992 2368 4036 Fian-

1869 4038 1879 4041 “
2318 4039 2372 4061 ciae
