2570 4261
200 89 282 135 164

48 193 118 224 ‚Anu
141 191 172 222 D
197 167 379 200 Scaccarium
397 167 566 210 praedi-{turn
580 188 590 204 ‚
609 165 735 204 quietum
750 163 807 196 esse
821 163 946 202 faciatis,
956 162 1033 201 juxta
1049 169 1179 193 tenorem
1201 159 1261 190 lite-

70 216 155 270 1369-
175 215 182 223 ·
198 217 291 238 rarum
306 206 463 238 nostrarum
479 205 689 244 praeditstarum.

47 272 114 299 mv·
136 280 162 297 ²·
236 283 324 315 Teste
337 283 418 321 Rege
431 281 504 321 apud
519 279 809 312 westmonasterium
819 302 829 319 ,
849 288 893 319 19.
907 277 955 309 die
971 276 1155 309 Decembris.

198 411 247 443 De
268 411 497 449 procuratorio,
516 417 570 452 per
595 405 794 450 Senesc‘allum
820 403 961 448 Vasbom'ae
978 399 1119 446 faciendo
1133 427 1142 442 ‚
1163 400 1262 446 potius

246 469 340 504 quam
356 460 446 504 Regio
454 456 559 503 sigillo¹
570 454 748 501 corfignaw,
777 457 808 485 in
827 455 922 485 Curia
940 453 1070 484 Francia
1092 448 1210 482 utendo.

45 525 181 600 &¹209
198 541 340 598 REX,
357 542 461 586 dilec‘to
480 542 514 572 &
535 539 609 570 fideli
630 542 679 570 luo
693 562 703 578 ,
716 537 844 578 Johanni
864 535 900 567 de
918 534 1086 575 Hastinges,
1099 532 1259 565 Senescallo

46 601 99 633 Δί·
119 614 144 641 3·
235 580 503 657 Miiliirriiicsscrodbis',
517 579 710 656 {itinifforem
732 614 928 655 praesentium,
944 612 1063 642 Litteras
1083 609 1190 641 nostras
1206 610 1260 641 Pa-

45 647 77 670 E.
98 651 123 669 ²·
133 689 145 698 ,
198 668 303 696 tenteS,
321 668 370 698 per
383 668 448 697 quas
464 655 655 688 constituendi
671 654 883 691 Procuratores,
899 652 1017 682 nomine
1029 648 1145 687 nostro,
1160 651 1190 680 iri
1197 648 1260 679 Cu-

44 682 112 745 ΞΨΖ
134 700 157 716 ³'
197 698 237 729 ria
259 697 385 728 Francia:
401 719 411 735 ,
430 706 482 734 pro
500 695 642 733 negotiis,
659 703 711 723 nos
732 693 762 723 in
783 690 873 722 Curia
892 689 938 720 illa
959 689 1136 728 tangentibus
1149 711 1159 727 ,
1177 688 1261 718 vobis

69 740 74 746 “
100 739 124 775 ,“
197 737 405 768 committimus
418 733 604 773 potestatem,
952 767 967 773 ..
1079 766 1084 772 ⁸
1134 766 1139 771 ι

44 766 80 784 ⁷²⁷⁸
99 776 124 794 ³⁸
233 775 283 806 Set
297 798 306 813 ,
323 783 436 814 propter
453 772 577 811 pericula
591 795 600 810 ,
618 780 681 810 quae
695 770 794 808 nobis,
813 769 846 800 δε
861 776 981 804 negotiis
996 765 1098 796 nostris
1112 765 1181 796 dieti
1193 765 1260 795 Du-

193 813 287 851 catsis,
306 814 334 842 in
353 812 442 844 Curia.
462 810 599 852 praedic‘tfi
611 810 776 847 contingere
789 810 921 846 poterunt
938 805 990 835 hiis
1007 804 1120 842 diebus,
1140 804 1258 835 dileritos

192 853 228 884 &
246 852 339 882 fideles
355 851 466 881 nostros
480 874 490 888 ,
509 849 672 880 Dominum
694 847 866 878 Bernardum
889 844 977 874 Peleti
999 843 1128 873 Priorem
1142 845 1176 874 ὃ(
1191 842 1259 873 Do-

193 891 306 921 minum
326 889 420 920 Mansi
433 914 443 927 ,
461 889 494 919 δε
512 887 682 926 Magistrum
702 886 851 915 Thomam
864 883 900 914 de
912 882 1008 913 Grava
1022 881 1188 925 Clericum,
1208 891 1258 921 per

192 929 312 960 Litteras
333 928 439 958 nostras
458 927 587 957 Patentes
601 949 611 964 ,
629 924 741 964 Magno
762 923 864 961 Sigillo
884 921 983 952 nostro
1004 923 1177 960 conlignatas
1193 943 1203 958 ,
1221 918 1256 950 ad

192 967 311 1006 praesens
327 991 337 1004 ,
360 976 412 1004 pro
432 965 592 1004 hujusmodi
612 963 741 1002 periculis
760 961 911 1000 evitandis,
927 959 1040 990 nostros
1058 958 1257 990 Procuratores

192 1005 393 1037 constituimus
407 1007 435 1036 in
450 1005 569 1044 negotiis
583 1002 757 1033 memoratis:

229 1044 401 1074 Mandanres
419 1043 521 1074 eisdem
536 1041 629 1081 quod,
646 1041 665 1070 si
680 1050 695 1070 a
709 1040 793 1070 vobis
805 1037 971 1069 sufficientes
986 1036 1102 1067 Litteras
1116 1035 1257 1067 Procura-

191 1084 275 1114 torias
292 1083 393 1113 habere
410 1089 540 1120 poterunt
561 1078 726 1118 tempestive
741 1102 751 1117 ,
769 1086 918 1117 antequam
935 1101 945 1115 ,
962 1075 1111 1113 videlicet,
1128 1082 1256 1113 oporteat

189 1131 240 1191 ῗξτ
264 1121 337 1160 ipsos
362 1121 462 1152 nostro
485 1119 604 1151 nomine
629 1117 861 1148 Procuratorium
886 1115 922 1146 ali
943 1114 1002 1158 uod
1024 1114 1166 1152 exhiberi,
1184 1122 1254 1143 tunc

219 1161 410 1197 rocuratorio,
427 1159 488 1199 ipsis
501 1169 515 1189 a
527 1159 607 1189 vobis
619 1156 768 1195 faciendo,
785 1162 896 1186 utantur
904 1177 915 1192 ,
960 1161 1051 1184 itteras
1064 1152 1169 1184 nostras
1182 1151 1256 1183 Pro-

192 1200 344 1231 curatorias
359 1198 516 1229 nuliatenus
532 1195 701 1227 exhibendo.

230 1237 350 1275 Propter
369 1237 446 1277 quod
467 1237 583 1267 Litteras
601 1233 705 1266 vestras
724 1231 932 1263 Procuratorias
950 1230 1089 1271 praefatis,
1112 1228 1255 1261 Bernardo

191 1277 226 1308 δε
240 1277 369 1307 Thomae
378 1300 387 1314 ,
405 1285 459 1315 pro
474 1275 593 1315 negotiis
607 1272 764 1312 praedictis,
781 1271 907 1302 celeriter
920 1270 1116 1301 transmittatis.

227 1315 280 1345 Ob
300 1315 401 1352 aliquas
420 1322 514 1344 autem
528 1321 617 1343 certas
630 1311 720 1342 causas
740 1311 829 1350 magis
842 1309 974 1340 volumus
990 1307 1067 1347 quod
1083 1306 1255 1338 Procurato—

188 1363 230 1384 res
245 1353 350 1392 nostri,
369 1355 398 1383 in
414 1353 503 1383 Curia
516 1350 666 1392 praedirsta,
686 1358 797 1381 utantur
812 1348 1013 1379 Procuratorio
1027 1370 1038 1386 ,
1051 1347 1113 1385 ipsis
1125 1357 1140 1377 a
1154 1347 1253 1384 vobis,

189 1401 323 1429 tanquam
345 1391 503 1422 Senescallo
525 1390 624 1421 nostro
644 1390 715 1419 dieti
730 1386 862 1418 Ducarsis
906 1396 987 1416 more
1004 1385 1087 1416 solito
1103 1384 1252 1423 faciendo,

189 1432 278 1470 quarn
291 1430 508 1469 Procuratorio,
524 1429 638 1468 Magno
653 1427 750 1468 Sigillo
762 1425 862 1458 nostro
876 1409 974 1464 Regio
987 1424 1159 1464 consignato.

224 1507 292 1539 Dat.
305 1507 378 1549 apud
393 1507 530 1539 Sanrftum
544 1505 706 1544 Albanum,
724 1504 818 1544 primo
831 1503 877 1534 die
886 1502 1022 1542 Januarii.

38 1634 127 1663 *-111.

42 1674 104 1707 198.

41 1710 118 1741 Ann.
129 1709 170 1740 D.

63 1757 147 1788 1310.

37 1792 91 1816 An.
107 1798 130 1824 3.

39 1830 69 1854 E.
91 1837 116 1853 2.

37 1866 105 1901 Vasc.
127 1874 153 1902 3.

39 1906 69 1930 E.
91 1913 116 1930 2.

39 1950 76 1969 m.
97 1951 122 1978 3.

475 1634 504 1662 ’ἕ
531 1635 576 1668 De
590 1634 799 1668 procuratorio
810 1629 957 1678 prodiero.

191 1717 286 1781 RE
296 1720 326 1751 X
344 1720 466 1752 discretis
481 1721 563 1758 viris,
582 1719 690 1750 dilectis
706 1719 738 1750 &
753 1717 880 1749 fidelibus
894 1716 964 1754 suis,
987 1714 1123 1746 Domino
1134 1714 1253 1746 Bernar-

271 1759 310 1789 do
324 1759 412 1790 Peleti
428 1759 520 1789 Priori
534 1759 569 1790 de
585 1758 688 1788 Manso
703 1781 713 1796 ,
727 1758 794 1796 juris
808 1755 948 1795 utriusque
960 1754 1127 1793 Profesiori,
1144 1753 1253 1786 &Ma-

189 1797 276 1838 gistro
289 1798 417 1828 Thomae
433 1797 468 1828 de
480 1798 578 1829 Grava
591 1796 709 1827 Clerico
718 1819 726 1833 ,
744 1795 867 1826 salutem.

226 1836 344 1867 Litteras
356 1836 458 1868 vestras
466 1859 475 1875 ,
493 1847 558 1875 quas
570 1835 685 1866 dilectus
699 1835 826 1866 Clericus
838 1831 949 1870 noster,
969 1830 1107 1871 Magister
1119 1831 1252 1863 Thomas

187 1875 223 1906 de
240 1875 392 1914 Lugoure‚
409 1876 490 1906 nobis
508 1885 597 1913 nuper
612 1873 710 1904 detulit
725 1883 759 1903 ex
772 1882 849 1912 parte
862 1871 969 1909 vestra,
987 1872 1161 1910 recepimus,
1176 1870 1252 1903 &ad

189 1915 304 1954 plenum
325 1915 513 1945 intelleximus
537 1914 746 1945 continentiam
772 1911 935 1942 earumdem
949 1922 963 1956 g,
981 1909 1056 1940 unde
1081 1909 1253 1940 Procurato-

188 1954 262 1983 rium
275 1952 434 1992 quoddam,
449 1963 502 1992 pro
516 1953 637 1989 negotiis
649 1950 750 1982 nostris
762 1950 831 1981 dic'ti
847 1949 978 1980 Ducatus
989 1972 999 1986 ,
1021 1949 1050 1979 in
1064 1947 1152 1979 Curia
1167 1948 1253 1979 Fran-

187 1993 242 2022 ciae
248 1992 407 2059 5agitandis,
421 1992 471 2023 sub
485 1991 595 2030 forma,
614 2000 699 2031 quam
711 1989 793 2020 nobis
806 1987 932 2026 misistis,
945 1987 1028 2019 vobis
1042 1986 1253 2018 transmittimus

187 2040 244 2061 con
286 2039 390 2062 narum.

225 2040 343 2109 Etlgquia
359 2092 369 2108 ,
385 2069 491 2100 dile&o
513 2069 546 2100 ὃς
569 2068 642 2099 fideli
666 2067 762 2098 nostro
772 2090 781 2105 ,
792 2065 918 2105 Johanni
934 2064 969 2095 de
984 2064 1155 2103 Hastinges,
1173 2075 1253 2096 nunc

188 2107 345 2139 Senescallo
366 2108 464 2139 nostro
486 2107 634 2139 Vasconiae
646 2130 655 2144 ,
674 2105 863 2137 constituendi
886 2104 1087 2134 Procuratores
1101 2127 1111 2142 ,
1135 2105 1254 2134 nomine

187 2146 307 2185 nostro,
321 2148 351 2177 in
365 2146 452 2177 Curia
467 2146 619 2184 praedidta,
633 2147 691 2184 jam
712 2145 747 2175 de
763 2154 842 2175 novo
855 2142 1051 2174 commisimus
1067 2142 1254 2181 potestatem,

187 2186 318 2215 volumus
338 2185 415 2224 quod
430 2209 439 2224 ,
459 2186 478 2215 si
494 2184 660 2215 sufficientes
676 2184 792 2214 Litteras
808 2182 1018 2212 Procuratorias
1035 2181 1070 2211 ab
1083 2181 1186 2212 eodem
1201 2181 1251 2212 Se-

187 2225 306 2254 nel'callo
324 2224 421 2254 nostro
437 2247 446 2263 ,
465 2225 511 2254 cui
533 2224 611 2262 super
632 2223 689 2253 hoc
711 2222 855 2260 dirigimus
876 2220 991 2250 Litteras
1007 2218 1130 2259 nostraS,
1148 2220 1251 2250 habere

187 2264 313 2300 poteritis
327 2263 510 2303 tempestive,
529 2271 678 2300 antequam
690 2284 699 2299 ,
717 2260 864 2296 videlicet,
883 2267 1029 2296 oporteat,
1045 2266 1094 2296 per
1114 2269 1180 2296 vos,
1198 2269 1252 2289 no-

186 2301 246 2331 stro
260 2302 392 2339 nomine,
412 2300 643 2331 procuratorium
658 2299 769 2338 aliquod
785 2299 910 2328 exhiberi
924 2321 933 2335 ,
949 2305 1017 2327 tunc
1036 2296 1146 2327 Litteris
1161 2297 1252 2336 hujus-

184 2339 264 2370 modi
284 2340 429 2371 Senescalli
445 2339 532 2370 nostri
551 2339 679 2380 praedieti
701 2338 842 2376 utamini,
860 2335 968 2367 nostras
986 2336 1110 2376 proprias
1132 2336 1252 2368 Litteras

184 2377 392 2409 procuratorias
406 2379 558 2409 nullatenus
572 2376 741 2408 exhibendo.

222 2415 321 2448 Potius
334 2419 410 2448 enim
424 2417 555 2449 volumus
567 2416 643 2455 quod
652 2426 702 2446 vos
710 2415 828 2446 utamini
838 2438 846 2452 ,
865 2414 894 2444 in
909 2413 999 2444 Curii⁴
1010 2413 1161 2453 praedius,
1176 2413 1250 2444 Pro—

185 2458 329 2487 curatorio
372 2457 454 2487 vobis
472 2466 520 2496 per
535 2456 645 2487 mitum
662 2454 849 2486 Senescallum
870 2452 1001 2482 nostrum
1015 2452 1164 2491 faciendo,
1182 2452 1251 2484 ficut

184 2494 318 2526 hactenus
338 2480 396 2526 fieri
411 2496 555 2527 consuevit
571 2518 580 2534 ,
596 2504 680 2535 quam
700 2493 899 2524 Procuratorio
914 2490 1026 2531 Magno
1039 2490 1136 2531 Sigillo
1152 2491 1251 2522 nostro

186 2531 284 2569 Regio
297 2534 470 2574 consignato.

222 2573 312 2610 Super
327 2574 444 2612 negotiis
457 2575 528 2603 vero
537 2596 546 2610 ,
561 2582 612 2603 vos
622 2571 803 2609 tangentibus
817 2593 826 2609 ,
845 2569 926 2600 vobis
944 2567 1104 2608 responsum
1118 2569 1252 2600 faciemus

183 2619 233 2648 per
252 2613 413 2651 proximum
434 2611 588 2642 Nuncium
601 2634 610 2648 ,
655 2620 720 2640 uem
738 2609 772 2640 ad
795 2607 919 2639 nostram
942 2607 1116 2645 praeientiam
1142 2607 1250 2639 miffuri

183 2649 263 2689 estis,
283 2651 351 2681 sicut
365 2651 510 2691 praedidiae
526 2649 627 2681 vestrae
671 2650 758 2679 itterae
772 2647 966 2678 continebant.

222 2727 290 2758 Dat.
304 2728 376 2766 apud
396 2727 533 2759 San&um
547 2727 709 2765 Albanum,
728 2726 821 2764 primo
836 2724 881 2754 die
890 2723 1021 2763 Januarii.

247 2853 306 2888 Ad
317 2853 484 2888 Holl.zndiae
499 2857 644 2888 Comitem
658 2851 694 2886 de
711 2847 958 2886 Conventionibus
979 2846 1181 2895 obfirvandis.

38 2938 115 2969 Arm.
127 2937 169 2968 D.

60 2985 145 3016 1310.

39 3020 92 3043 An.
108 3025 133 3053 3.

40 3059 69 3082 Ε.
91 3064 118 3082 2.

39 3093 126 3129 Claus.
146 3100 170 3129 3.

41 3151 78 3196 m..
98 3152 174 3204 [λλ.

189 2938 322 2999 REX
340 2940 448 2971 Nobili
463 2941 527 2971 viro
541 2963 551 2978 ,
569 2939 604 2970 &
622 2939 717 2969 amico
736 2936 786 2968 suo
799 2935 961 2974 karissimo,
979 2934 1114 2966 Domino
1127 2934 1252 2966 Williel-

273 2987 323 3007 mo
342 2978 486 3010 Hanoniae
497 3003 506 3018 ,
531 2977 691 3008 Hollandiie
707 3000 716 3015 ,
741 2977 774 3008 ὃ(
789 2975 936 3006 Sellandiae
950 2973 1064 3004 Comiti
1077 2995 1087 3012 ,
1105 2983 1139 3004 ac
1156 2973 1180 3004 F
1181 2973 1250 3006 rifiae

188 3015 338 3055 Domino,
355 3017 467 3049 salutem
476 3042 486 3057 ,
500 3027 568 3048 cum
584 3016 736 3047 dilectione
752 3013 866 3045 sincera.

226 3054 308 3085 Cum
323 3065 427 3095 nuper,
442 3057 471 3087 in
488 3056 674 3087 parliamento
689 3053 788 3084 nostro
802 3052 875 3093 apud
888 3050 1057 3090 Staunford,
1075 3050 1173 3081 habito
1188 3051 1252 3082 dili-

207 3094 266 3125 enti
282 3094 398 3124 tractatu
412 3105 479 3125 cuni
493 3095 542 3125 illis
554 3095 590 3125 de
604 3092 722 3124 consilio
735 3091 848 3130 nostro,
867 3092 900 3122 ἃ
910 3090 1054 3121 Cristiano
1061 3088 1097 3119 de
1109 3088 1252 3128 Raphurst

229 3133 287 3164 ilite
301 3131 413 3171 vestro,
431 3142 463 3162 ac
487 3134 561 3171 aliis,
579 3143 666 3172 quos,
681 3133 734 3161 unii
749 3140 816 3161 cum
833 3131 891 3168 ipso
933 3129 968 3160 ad
988 3127 1115 3159 nostram
1127 3128 1251 3166 praesen-

190 3173 255 3202 tiam
269 3169 441 3210 destinastis,
460 3180 528 3201 cum
543 3170 678 3208 potestate
690 3169 838 3200 sufficienti
851 3153 986 3199 tradandi
1001 3167 1038 3198 de
1051 3175 1120 3206 pace
1133 3167 1165 3197 &
1181 3177 1253 3198 con-

189 3211 284 3242 cordia
299 3234 309 3249 ,
332 3210 410 3251 super
430 3209 543 3240 diversis
564 3209 705 3239 discordiis
726 3210 760 3240 &
779 3208 1010 3238 contentionibus
1025 3230 1034 3246 ,
1051 3207 1123 3236 inter
1144 3205 1253 3236 Gentes

190 3249 299 3281 nostras
312 3259 346 3279 ex
361 3257 436 3287 parre
451 3248 525 3287 una,
540 3248 573 3278 δε
595 3246 704 3277 Gentes
723 3247 758 3276 de
772 3245 908 3286 potestate
922 3245 1015 3276 vestra
1030 3254 1063 3275 ex
1073 3243 1157 3274 altera
1171 3244 1252 3274 suici-

189 3290 269 3327 tatis,
287 3288 445 3318 ordinatum
459 3287 557 3325 fuerit,
575 3287 609 3317 &
621 3309 631 3324 ,
647 3286 717 3315 inter
732 3295 831 3315 caetera
843 3308 853 3323 ,
867 3283 1092 3321 concordatum,
1106 3282 1185 3322 quod
1199 3293 1253 3312 nos

190 3337 282 3358 certos
299 3326 472 3365 Justiciarios
488 3350 498 3365 ,
522 3325 594 3356 infra
613 3323 781 3361 potestatem
806 3323 929 3353 nostram
944 3346 953 3361 ,
977 3322 1176 3359 assignaremus
1192 3344 1201 3359 ,
1217 3321 1251 3351 ad

213 3367 312 3396 uerelas
331 3367 465 3396 omnium
482 3366 515 3396 ὃς
536 3364 712 3401 singulorum
735 3362 771 3391 de
788 3362 923 3398 potestate
938 3361 1047 3399 vestra,
1065 3360 1100 3390 de
1117 3359 1254 3397 aliquibus

191 3377 228 3436 de
241 3404 345 3443 Regno
356 3404 454 3434 nostro
468 3403 605 3441 conqueri
615 3402 790 3438 volentium,
808 3399 955 3430 audiendas
968 3423 978 3438 ,
996 3400 1029 3431 &
1044 3398 1078 3430 ad
1094 3397 1206 3439 plenam
1220 3398 1254 3429 ὃς

192 3443 315 3474 celerem
330 3443 461 3481 justitiam
476 3452 531 3472 con
554 3441 715 3471 uerentibus
733 3438 906 3469 faciendam:

235 3482 272 3512 Et
290 3482 367 3522 quod
388 3491 440 3511 vos
460 3481 527 3519 huju
539 3478 619 3510 modi
636 3478 833 3517 Justiciarios',
851 3477 921 3506 infi‘a
933 3475 1100 3514 potestatem
1113 3474 1232 3506 vestram
1248 3497 1258 3514 ,

197 3521 232 3552 ad
248 3521 365 3560 querelas
383 3521 515 3550 omnium
534 3519 568 3549 δε
592 3517 766 3556 singulorum
782 3515 819 3545 de
832 3514 965 3553 potestate
981 3514 1094 3553 nostra,
1112 3514 1148 3545 de
1160 3514 1259 3551 aliqui-

199 3560 252 3591 bus
266 3559 379 3589 subdiiis
391 3558 488 3588 vestris
502 3558 639 3596 conqueri
651 3555 810 3586 volentium
826 3577 836 3592 ,
851 3553 998 3584 audiendas
1011 3577 1021 3592 ,
1039 3553 1175 3583 deberetis
1188 3561 1259 3582 cum

199 3597 339 3638 potestate
357 3596 494 3627 consimili
514 3594 663 3634 affignare,
682 3601 765 3632 prout
787 3593 850 3622 haec
864 3594 897 3623 ὅ(
911 3592 963 3622 alia
976 3593 1005 3622 in
1018 3591 1138 3631 quadam
1153 3590 1260 3621 Inden-

199 3637 261 3668 tura
274 3659 284 3674 ,
299 3636 376 3675 super
396 3634 574 3665 ordinatione
592 3631 726 3672 praediffli
747 3630 882 3661 confecta
903 3630 999 3668 (unde
1013 3639 1069 3660 una
1084 3638 1144 3668 pars
1165 3629 1261 3659 refidet

202 3685 287 3714 penes
309 3684 361 3704 nos
379 3672 407 3704 in
427 3672 600 3703 Cancellaria
619 3670 728 3709 nostra,
747 3670 781 3700 &
794 3669 877 3699 altera
888 3668 1006 3708 praefato
1022 3668 1114 3699 Militi
1125 3668 1158 3699 &
1171 3666 1262 3698 Nun-

203 3716 251 3745 cio
265 3713 360 3743 vestro
376 3712 462 3741 extitit
474 3711 587 3741 liberata
602 3709 611 3745 )
629 3709 737 3747 plenius
749 3709 943 3738 continentur:

243 3751 287 3781 Ac
307 3750 406 3780 Petrus
427 3748 535 3779 Attesee
579 3749 612 3778 &
630 3748 774 3785 johannes
788 3746 871 3776 Filius
885 3747 940 3782 ejus
955 3768 965 3784 ,
982 3745 1126 3776 Walterus
1138 3744 1175 3775 de
1187 3741 1264 3774 Cak-

205 3789 289 3818 howe
303 3812 312 3827 ,
324 3788 466 3826 Johannes
484 3787 519 3817 de
539 3772 653 3817 &radeie
669 3809 679 3824 ,
692 3785 823 3815 Thomas
843 3784 878 3814 de
899 3784 1104 3821 Stamelmere,
1122 3781 1264 3813 Ricardus

206 3827 307 3896 dTnffk
316 3849 325 3863 ,
343 3825 532 3892 &sjohannes
545 3825 757 3863 Trentbemer,
770 3821 922 3860 Burgenses
935 3823 968 3853 &
983 3822 1159 3854 Mercatores
1174 3819 1264 3850 nostri

227 3875 242 3895 e
289 3873 375 3894 avene
386 3873 431 3894 ere

222 3906 224 3908 '
247 3901 309 3940 Qui
324 3911 426 3939 nuper,
439 3887 491 3940 'per
506 3901 640 3939 quosdam
659 3900 789 3930 homines
811 3899 846 3929 de
859 3898 994 3937 potestate
1008 3898 1116 3937 vestra,
1133 3897 1217 3928 bonis
1230 3897 1265 3928 δε

212 3939 404 3970 mercimoniis
425 3941 493 3977 iuis,
508 3939 541 3970 ad
563 3940 715 3969 valentiam
754 3937 1003 3975 uadringentarum
1018 3960 1028 3976 ,
1053 3937 1189 3975 sexaginta
1231 3935 1265 3965 &

210 3979 291 4024 unius
305 3977 452 4014 librarum,
467 3976 676 4016 quatuordecim
689 3976 736 4006 soli
757 3977 900 4014 orum,&
914 3975 986 4007 οξὶο
999 3975 1178 4006 denariorum
1191 3958 1268 4005 Ster-

701 68 1506 122 CONVENTIONES,
1554 73 1947 125 LITERAE,

1301 155 1464 198 lingorum,
1482 158 1635 199 depraedati
1646 159 1851 201 fuerunt‚ficut
1864 163 1946 194 nobis
1960 161 2150 194 monstrarunt
2162 164 2281 204 graviter
2295 174 2368 196 con·
2384 162 2462 194 Ann.
2477 162 2520 200 Di

1302 197 1464 233 querendo:
1486 198 1524 229 Et
1539 208 1591 243 pro
1626 199 1725 239 uibus,
1742 201 1859 231 celebris
1873 202 2022 231 memoriae
2034 223 2044 239 ,
2063 200 2208 232 Dominus
2223 201 2258 232 E.
2276 212 2368 242 quon·
2405 210 2491 241 1310.

1302 235 1375 282 darnA
1383 235 1448 265 Rex
1461 236 1576 281 Angliae
1590 261 1600 276 ,
1642 247 1700 282 ater
1718 238 1813 269 noster
1827 263 1837 279 ,
1854 248 1886 270 ut
1906 240 1967 278 ipsis
1981 239 2060 280 super
2074 239 2281 278 depraedatione
2295 251 2368 280 prae-
2384 242 2451 271 Edi).
2472 251 2498 272 2.

1303 272 1389 318 dlffl.
1399 273 1524 318 faceretis
1542 275 1700 307 remedium
1721 277 1867 316 adhiberi,
1884 278 1983 318 pluries
1996 301 2007 316 ,
2032 287 2064 309 ut
2083 279 2245 319 accepimus
2260 303 2270 318 ,
2286 280 2369 312 vobis

1303 311 1404 343 direxit
1422 313 1542 345 Litteras
1555 314 1611 345 suas
1626 315 1770 354 speciales,

1338 350 1405 388 Jam
1419 361 1467 391 per
1480 353 1522 392 se,
1538 353 1583 397 vel
1598 363 1647 391 per
1663 354 1846 384 Attornatum
1859 354 1958 393 suum,
1976 354 2009 385 ad
2025 363 2113 395 partes
2124 356 2228 388 vestras
2241 356 2267 386 se
2282 363 2368 387 trans-

1302 387 1408 434 ferant,
1426 400 1479 428 pro
1491 391 1565 421 finali
1573 393 1721 435 remedio,
1739 393 1816 432 super
1831 392 2038 432 depraedatione
2050 393 2203 434 praediolza,
2216 395 2296 433 juxta
2307 394 2370 425 Or-

1301 427 1476 474 dinationern
1492 429 1675 469 praedi&am,
1693 431 1908 470 consequendo,

1340 465 1508 511 Amicuiam
1530 470 1650 498 vestram
1670 469 1825 500 affediuose
1847 470 2013 508 requirimus
2035 470 2069 501 &
2093 479 2225 510 rogamus
2240 473 2370 511 quatinus

1301 504 1469 549 praedictos,
1489 506 1608 550 Petrum
1624 530 1636 545 ,
1652 508 1713 538 &c.
1736 508 1780 538 vel
1794 518 1894 539 eorum
1909 508 2090 539 Attornatum
2106 510 2227 549 benigne
2239 512 2272 541 &
2285 512 2368 542 favo-

1302 543 1424 574 rabiliter
1446 545 1604 590 pertraffliri
1615 568 1627 589 ,
1649 547 1682 577 &
1705 546 1767 584 ipsis
1780 569 1790 585 ,
1807 545 1886 585 super
1899 546 2110 605 depraedatione
2123 548 2274 588 praedieffi,
2287 551 2366 588 juxta

1301 581 1425 612 formam
1446 583 1642 627 Ordinationis
1666 584 1810 622 praedictae
1823 608 1834 624 ,
1859 584 1916 615 fieri
1974 585 2076 616 faciatis
2094 586 2212 625 justitiae
2236 588 2367 626 comple-
2380 577 2402 597 *Ξ
2418 579 2473 608 In·

1301 629 1431 651 mentum
1444 634 1454 659 ς
1472 632 1508 652 ne
1520 621 1740 653 Ordinationem
1755 624 1920 663 praedidtam
1935 647 1945 663 ,
1963 634 2049 664 quam
2060 648 2070 663 ,
2087 634 2224 664 quantum
2236 627 2268 656 in
2281 626 2365 657 nobis
2383 625 2447 652 ¹99·

1302 658 1360 698 est,
1379 660 1509 705 volumus
1522 660 1677 705 observari,
1694 663 1861 701 contingat,
1878 672 1929 702 per
1941 663 2025 695 vestri
2038 663 2184 696 defeetum
2196 687 2207 704 ,
2225 664 2303 704 quod
2314 665 2365 697 ab-

1300 698 1351 737 sit,
1370 698 1521 737 aliqualiter
1533 699 1676 731 infirmari.

1336 774 1405 806 Dat.
1419 775 1491 814 apud
1503 776 1528 807 la
1544 776 1662 816 Grove,
1684 785 1728 814 14.
1743 776 1788 807 die
1795 776 1926 816 Januarii.

1371 903 1421 935 De
1439 899 1612 935 inhibitione
1627 905 1838 935 Torneamenti
1852 903 1935 950 apud
1953 905 2080 937 Novum
2100 908 2290 944 Mercatum.

1298 986 1444 1042 REX,
1462 987 1619 1033 dileffls&
1635 988 1761 1033 fidelibus
1774 988 1826 1019 suis
1840 1011 1850 1027 ‚
1868 989 2031 1020 Comitibus
2044 1014 2055 1030 ,
2072 989 2243 1031 Batonibus,
2261 992 2363 1029 Militi-
2382 978 2457 1010 Anu·
2469 980 2510 1012 D·

1371 1026 1442 1066 bus,
1460 1028 1493 1058 &
1506 1028 1640 1071 omnibus
1654 1028 1712 1058 alus
1724 1027 1797 1072 apud
1812 1028 1955 1058 Thetford
1971 1050 1981 1066 ,
2000 1029 2044 1060 vel
2058 1039 2167 1061 novum
2183 1030 2346 1066 Mercatum
2401 1027 2485 1058 ¹3¹0·

1297 1064 1331 1094 ad
1345 1064 1551 1096 Turiieandum
1567 1066 1619 1096 hac
1632 1065 1746 1107 instanti
1759 1065 1805 1096 die
1821 1065 1999 1104 Dominica,
2016 1069 2216 1108 conventuris,
2234 1058 2359 1103 salutemf
2380 1061 2430 1085 An.
2451 1069 2477 1095 3·

1336 1102 1506 1134 Mandamus
1528 1105 1609 1135 vobis
1624 1127 1634 1143 ,
1652 1105 1701 1134 iub
1719 1104 1892 1136 forisfactura
1905 1106 2038 1135 omniurn
2051 1129 2062 1145 ‚
2079 1117 2143 1146 quae
2157 1109 2241 1139 nobis
2253 1109 2361 1142 forisfa-
2378 1099 2408 1122 E.
2430 1105 2457 1125 ²·

1297 1151 1361 1187 cere
1376 1144 1516 1181 poteritis,
1534 1142 1650 1174 firmiter
1662 1143 1837 1182 inhibentes,
1854 1153 1890 1173 ne
1904 1143 1949 1173 die
1964 1144 2101 1183 praedidto
2115 1169 2125 1184 ,
2143 1146 2189 1176 vel
2201 1147 2257 1177 alio
2287 1149 2358 1189 apud
2378 1137 2436 1162 Pat.
2458 1138 2486 1172 3³

1296 1180 1402 1211 dietam
1416 1182 1537 1220 Villam,
1556 1181 1600 1212 seu
1612 1181 1678 1212 alibi
1690 1183 1720 1211 in
1735 1181 1840 1221 Regno
1853 1181 1968 1221 nostro,
1987 1191 2133 1222 toi-neate,
2151 1171 2299 1226 burdear’e,
2310 1188 2357 1226 ju·
2378 1176 2406 1200 E.
2428 1181 2454 1200 ²·

1295 1218 1349 1249 stas
1372 1219 1462 1250 facere
1474 1243 1483 1259 ,
1501 1229 1647 1250 averituras
1662 1230 1786 1259 quaerere
1800 1244 1810 1258 ,
1827 1220 1872 1250 seu
1891 1221 1941 1252 alia
1964 1220 2036 1252 faeta
2052 1231 2200 1254 armorum
2212 1234 2359 1258 excercere
2377 1220 2414 1239 η’·
2431 1219 2477 1247 ²4·

1295 1257 1479 1298 praesumatis,
1497 1258 1554 1289 fine
1566 1258 1660 1289 nostra
1671 1260 1783 1290 licentia
1795 1259 1924 1298 speciali.)
2329 1259 2333 1261 ’

1332 1334 1421 1366 Teste
1436 1335 1519 1376 Rege
1531 1336 1605 1376 apud
1619 1336 1713 1367 Shene
1722 1359 1732 1375 ,
1754 1345 1797 1376 19.
1812 1335 1858 1366 die
1867 1336 2000 1375 Januarii.

1327 1462 1518 1507 Confirmatio
1537 1465 1631 1495 Carta
1648 1460 1782 1508 Epifiopi
1798 1461 1999 1505 Dunelmensis
2015 1463 2147 1495 Henrico
2163 1462 2200 1496 de
2218 1466 2328 1514 Percy,

1493 1510 1584 1558 shper
1602 1513 1769 1544 Donatione
1786 1511 1916 1543 Barom‘ae
1931 1509 1968 1543 de
1985 1509 2142 1560 Alnewyk,

1295 1596 1382 1655 RE
1392 1595 1423 1628 X
1441 1598 1591 1636 omnibus,
1607 1596 1641 1627 ad
1655 1606 1743 1636 quos,
1761 1596 1822 1627 &c.
1835 1595 1958 1627 salutem.
2380 1596 2456 1628 Ann.
2470 1597 2515 1630 D.'

1323 1675 1328 1680 ·
1403 1635 1575 1674 Inspeximus
1589 1635 1725 1674 Cartam,
1742 1644 1828 1673 quam
1841 1634 2014 1666 Venerabilis
2026 1634 2125 1675 Pater,
2143 1635 2286 1669 Antonius
2303 1637 2358 1670 Pa·
2400 1645 2486 1678 1310.

1294 1674 1413 1744 gigffia
1427 1674 1678 1745 Jerosogcgrfriiciitafius
1689 1674 1750 1743 ,st&
1764 1672 1920 1742 Epilscopus
1934 1673 2133 1743 ffusselmenffl
2144 1675 2241 1746 ,hfggit
2253 1676 2358 1708 (111εᾶ0
2377 1679 2429 1704 An.
2444 1686 2472 1714 3.

1390 1722 1513 1753 nguuieo
1610 1723 1625 1744 e
1636 1724 1645 1744 i
1658 1723 1698 1744 no
1724 1722 1774 1751 ro,
1825 1722 1924 1744 enrico
1957 1722 1974 1742 e
2010 1722 2096 1753 ercy,
2113 1714 2144 1744 in
2231 1716 2332 1748 verba:
2378 1718 2408 1742 Ε.
2431 1724 2458 1744 2.

1311 1830 1315 1836 Ι
1332 1790 1479 1836 Universis
1494 1790 1603 1822 Christi
1618 1790 1776 1836 Fidelibus,
1793 1789 1827 1834 ad
1840 1799 1911 1830 quos
1925 1789 2044 1830 praesens
2061 1788 2206 1832 Scriptum
2221 1756 2473 1830 pervenre-{5³⁶2}

1294 1830 1507 1899 patgpAntonigs
1519 1854 1529 1870 ,
1541 1829 1730 1901 gceimiisffione
1743 1829 1836 1898 dgina
1845 1851 1858 1897 l,
1877 1828 2242 1899 ὃτιῖῥὶαῖέεῐοῑοῳωὸειῃῳ
2255 1831 2359 1901 ΕῗςΙε-
2378 1839 2415 1859 m.
2430 1835 2480 1867 231

1306 1881 1322 1913 ¹‘.
1377 1878 1472 1900 atriarc
1494 1879 1523 1908 a,
1615 1879 1633 1909 p
1655 1877 1744 1910 copus
1791 1877 1844 1898 une
1855 1877 1922 1899 men
1933 1877 1969 1906 is,
2014 1875 2090 1898 utem
2103 1877 2133 1899 in
2179 1879 2279 1901 omino
2297 1880 2359 1909 ern-

1295 1916 1482 1991 pitelengeriffis
1503 1956 1551 1977 me
1570 1945 1676 1977 dedisse
1691 1968 1701 1984 ,
1718 1943 1885 1976 conceffiffe
1900 1967 1909 1983 ,
1927 1944 1960 1975 &
1980 1944 2034 1976 hac
2054 1943 2138 1976 Carta
2149 1945 2243 1976 nostra
2255 1946 2361 1977 confir-

1295 1984 1382 2015 masse
1395 1985 1502 2016 Nobili
1515 1987 1595 2024 viro,
1613 1984 1750 2016 Domino
1769 1983 1903 2014 Henrico
1922 1983 1958 2014 de
1980 1983 2090 2024 Percy,
2107 1982 2169 2020 &c.
2184 1991 2263 2023 prout
2272 1984 2358 2024 fiapra

1296 2025 1328 2054 de
1348 2034 1393 2063 19.
1414 2026 1476 2054 Οέῖ.
1491 2023 1570 2064 usque
1585 2023 1642 2054 haec
1661 2022 1749 2053 verba
1766 2046 1776 2060 ,
1793 2021 1936 2060 videlicet,
1954 2022 2022 2053 Nos
2035 2032 2128 2054 autem
2144 2023 2360 2063 Donationem,

1295 2061 1519 2095 concessionem
1534 2087 1544 2103 ,
1568 2063 1602 2094 &
1622 2062 1888 2107 'Confirmationem
1909 2061 2079 2105 praedidiasi,
2097 2071 2165 2093 ratas
2177 2062 2308 2093 habentes
2326 2063 2361 2094 &

1294 2110 1398 2141 gratas,
1409 2112 1475 2146 eas,
1493 2112 1546 2140 pro
1558 2102 1641 2132 nobis
1655 2102 1688 2132 &
1700 2099 1857 2131 haeredibus
1875 2099 1993 2139 nostris,
2011 2109 2147 2138 quantum
2161 2102 2191 2132 in
2205 2101 2287 2132 nobis
2299 2101 2361 2141 est,

1295 2141 1479 2210 {gffctedlmu‘s
1499 2142 1532 2172 &
1553 2139 1756 2171 confirmamus
1774 2162 1785 2178 ,
1810 2139 1879 2170 sicut
1900 2136 1985 2169 Carta
2003 2138 2136 2176 praedicta
2159 2139 2362 2179 rationabiliter

1349 2190 1363 2210 a
1377 2190 1416 2209 ur.
2253 2204 2257 2206 .

1329 2217 1363 2248 In
1377 2219 1472 2256 cujus,
1491 2217 1551 2248 &c.

1330 2294 1421 2326 Teste
1431 2294 1516 2335 Rege
1529 2293 1602 2335 apud
1617 2293 1729 2333 Shene,
1744 2300 1794 2332 23.
1811 2291 1855 2322 die
1864 2291 1995 2329 Januarii.

1819 2371 1872 2400 Per
1885 2368 1968 2398 breve
1980 2367 2013 2398 de
2018 2370 2134 2410 privato
2146 2367 2246 2407 Sigillo.

1331 2449 1368 2481 Et
1388 2449 1550 2481 mandatum
1570 2448 1612 2480 est
1628 2447 1753 2488 Johanni
1775 2447 1812 2478 de
1832 2445 1967 2477 Hothum
1982 2469 1992 2484 ,
2018 2444 2157 2477 Escaetori
2185 2445 2274 2487 Regis
2292 2446 2371 2479 ultra·

1293 2489 1452 2528 Trentam,
1469 2487 1564 2527 quod,
1584 2488 1653 2519 cum
1668 2486 1734 2516 Rex
1757 2486 1954 2516 Donationem
1972 2485 2005 2515 δε
2019 2484 2242 2515 Conceffionem
2259 2485 2360 2524 praedi-

1294 2528 1352 2559 &as
1363 2538 1413 2568 per
1425 2528 1531 2558 Literas
1546 2526 1604 2557 suas
1620 2525 1748 2556 Patentes
1763 2524 1972 2556 confirmaverit
1980 2546 1989 2561 ,
1997 2523 2030 2554 &
2043 2522 2221 2564 Homagium
2230 2523 2360 2571 praediffi

1293 2566 1414 2598 Henrici
1435 2566 1502 2597 inde
1522 2566 1627 2605 ceperit
1641 2589 1652 2603 ,
1666 2572 1749 2604 prout
1764 2564 1793 2594 in
1806 2563 1909 2594 eisdem
1925 2561 2024 2593 Literis
2043 2561 2131 2602 Regis
2149 2563 2255 2603 plenius
2267 2563 2360 2594 conti-

1292 2615 1376 2636 netur
1387 2629 1398 2644 ,
1414 2605 1503 2643 ipsum
1521 2603 1686 2634 Henricum
1702 2602 1768 2633 inde
1780 2613 1841 2633 non
1861 2601 2021 2632 occasionet
2033 2623 2043 2638 ,
2060 2600 2105 2631 seu
2127 2601 2257 2634 molestet
2268 2603 2298 2633 in
2310 2601 2360 2634 ali-

1294 2655 1370 2683 quo,
1390 2652 1490 2676 contra
1503 2651 1635 2674 tenorem
1650 2641 1809 2672 Literarum
1822 2640 1910 2680 Regis
1923 2638 2131 2680 praediaarum.

1329 2719 1419 2752 Teste
1431 2730 1463 2753 ut
1478 2721 1565 2759 supra.

1318 2848 1425 2880 Litera
1437 2849 1525 2894 Regis
1540 2848 1673 2880 Franciae
1684 2855 1739 2891 pro
1752 2841 1880 2878 Matheo
1891 2842 2053 2876 Caraczolt
2058 2842 2149 2889 fiaper
2162 2840 2330 2876 Praebenda.

1293 2931 1483 2992 PHilippus
1525 2931 1584 2962 Dei
1603 2930 1705 2971 gratia,
1725 2927 1850 2960 Franciae
1865 2927 1946 2968 Rex,
1964 2927 2107 2960 cariffimo
2121 2927 2193 2959 Filio
2208 2927 2241 2959 E.
2256 2925 2355 2958 mder'n
2375 2929 2453 2961 Ann.
2466 2930 2518 2962 D:-

1362 2972 1450 3010 gratia
1462 2995 1472 3010 ,
1491 2955 1568 3010 Regi
1581 2970 1696 3007 Angliae
1711 2966 1814 2999 Illustri
1828 2990 1837 3005 ,
1860 2967 1937 2999 Duci
1957 2967 2136 3007 Aquitaniae,
2153 2966 2229 2998 fideli
2241 2965 2357 3006 nostro,
2397 2978 2485 3009 1310.

1294 3012 1407 3043 {alutem
1421 3011 1455 3042 &
1468 3009 1613 3049 prosperos
1623 3008 1658 3039 ad
1673 3016 1740 3038 vota
1752 3005 1897 3036 successus.
2376 3012 2430 3036 Aa.
2445 3019 2472 3046 3.

1332 3049 1506 3080 Venerabilis
1520 3049 1580 3086 vir,
1596 3045 1732 3087 Magister
1745 3043 1878 3075 Matheus
1893 3043 2043 3076 Caraczoli
2057 3043 2092 3075 de
2112 3043 2238 3083 Neapoli
2274 3043 2356 3084 Apo·
2376 3051 2406 3075 Ε.
2425 3057 2453 3076 2.

1295 3088 1403 3120 stolicae
1415 3088 1493 3119 Sedis
1506 3086 1662 3124 Notarius,
1679 3082 1797 3114 dilectus
1816 3082 1943 3115 Clericus
1960 3083 2071 3122 noster,
2085 3083 2169 3113 nobis
2181 3092 2238 3112 con
2258 3081 2361 3114 denter*
2375 3089 2415 3112 Ex
2431 3086 2508 3124 orig.

1295 3127 1421 3166 exposuit
1435 3125 1512 3165 quod
1524 3135 1594 3163 VOS,
1612 3120 1745 3160 suggesto
1752 3122 1861 3153 auribus
1875 3122 1990 3162 Regiis,
2005 3121 2099 3152 mincis
2111 3121 2244 3152 veraciter
2276 3120 2355 3160 quOd
2373 3124 2401 3152 ia
2414 3127 2489 3153 Turn

1296 3168 1304 3197 i
1327 3167 1351 3197 se
1371 3166 1454 3196 rebus
1473 3172 1531 3195 erat
1550 3162 1679 3193 humanis
1697 3169 1856 3199 exemptus,
1873 3160 2075 3199 Praebendam,
2094 3169 2179 3198 quam
2191 3160 2223 3190 in
2235 3144 2360 3190 &eclesia

1296 3203 1480 3235 Salisberiensi
1499 3203 1609 3233 obtinet
1623 3223 1633 3238 ,
1650 3200 1684 3230 &
1726 3210 1789 3230 uam
1810 3209 1859 3237 per
1872 3209 1983 3240 ternpus
2002 3208 2062 3229 non
2076 3197 2228 3229 modicum
2239 3198 2359 3236 pacifice

1297 3244 1330 3274 &
1352 3244 1446 3283 quiete
1465 3240 1600 3284 possedit,
1617 3239 1706 3285 sugge⁸
1728 3240 1791 3279 ique
1809 3237 1972 3282 hujusmodi
1991 3237 2197 3281 circumventi,
2215 3235 2357 3305 Magli>stro

1296 3282 1427 3312 Th0mae
1446 3280 1482 3311 de
1503 3279 1614 3317 ngor
1629 3277 1746 3308 elerico
1763 3277 1800 3307 de
1812 3277 1890 3308 facto
1904 3283 2015 3307 novner
2027 3275 2200 3314 contulistis,
2217 3285 2267 3314 qui
2303 3285 2357 3305 rae-

1296 3320 1422 3351 bendam
1439 3317 1557 3349 eandem
1566 3339 1576 3355 ,
1594 3324 1730 3355 praetextu
1743 3316 1801 3346 talis
1813 3315 1981 3346 Collationis
2035 3323 2068 3344 ro
2088 3313 2143 3344 suae
2157 3313 2306 3345 voluntatis
2315 3323 2360 3344 ar-

1298 3359 1386 3390 bitrio
1432 3357 1537 3388 detinet
1556 3364 1735 3392 occupatam.
1774 3353 1855 3385 Cum
1876 3362 1969 3385 autem
2024 3353 2126 3387 otarius
2141 3352 2197 3393 ipse
2210 3374 2220 3391 ,
2259 3353 2286 3382 ui
2305 3361 2360 3393 pro

1298 3381 1546 3440 Templariorumt,
1565 3393 1599 3424 &
1611 3394 1668 3438 aliis
1678 3393 1812 3438 Negotiis
1823 3393 1929 3432 arduis,
1946 3392 1981 3423 ad
1990 3399 2083 3437 'partes
2095 3390 2192 3435 Regni
2206 3362 2309 3430 mitri,
2323 3389 2362 3429 acl

1301 3435 1406 3466 nostrae
1419 3434 1599 3476 requisitionis
1614 3432 1770 3462 instantiam
1785 3455 1794 3471 ,
1817 3433 1853 3462 ab
1866 3429 2033 3470 Apostolica
2052 3429 2125 3460 Sede
2132 3427 2233 3477 Αῐιιιίῖῐις
2245 3452 2256 3468 ,
2270 3434 2362 3497 nego-¹

1300 3476 1337 3505 tia
1352 3474 1406 3512 ipsa
1421 3472 1594 3512 prosequitur
1614 3471 1785 3502 laudabiliter
1798 3471 1832 3502 &
1851 3470 1989 3509 sollerter,
2007 3476 2147 3507 corporea
2164 3468 2261 3506 vigeat
2275 3467 2306 3498 so
2315 3467 2361 3506 pi·-

1299 3521 1354 3544 tate
1370 3525 1374 3530 ·

1339 3536 1423 3589 N²os,
1440 3549 1616 3588 perhibentes
1631 3547 1709 3588 super
1721 3547 1779 3578 hoc
1791 3546 1872 3578 fidele
1886 3547 2081 3578 testimonium
2094 3545 2218 3584 ¹veritati,
2235 3542 2361 3574 Filiatio-

1304 3600 1370 3621 nem
1383 3589 1500 3619 vestram
1519 3588 1539 3607 ²*
1556 3585 1707 3617 affectuose
1717 3597 1747 3617 re
1768 3587 1882 3617 uirimus
1893 3587 2081 3625 &rogamuS,
2098 3584 2227 3625 quatinus
2238 3580 2359 3614 eundem
2375 3597 2392 3615 4
2402 3595 2458 3624 ΠΙ.
2498 3595 2501 3597 >

1302 3628 1476 3665 Notarium,
1494 3635 1598 3669 quem,
1617 3626 1737 3656 obtentu
1748 3596 1910 3655 devotionis
1927 3624 2054 3661 eximiae,
2067 3631 2158 3663 ,quam
2179 3621 2235 3666 ipse
2247 3621 2280 3651 &
2293 3618 2359 3649 Do-
2379 3643 2443 3664 200·

1305 3677 1368 3697 mus
1379 3667 1443 3704 sua,
1459 3665 1496 3696 ab
1505 3664 1593 3701 olim,
1610 3664 1644 3694 ad
1663 3674 1714 3695 rios
1735 3671 1838 3701 gerunt
1852 3664 1885 3693 ὅτ
1901 3662 2000 3693 solium
2015 3661 2048 3692 R
2104 3659 2229 3697 inostri,
2246 3666 2363 3688 necnon
2379 3688 2382 3693 ,

1305 3706 1346 3735 ob
1359 3705 1471 3735 suorum
1492 3702 1715 3741 magnitudinem
1730 3703 1895 3733 meritorum
1908 3724 1919 3740 ,
1934 3700 2044 3742 speciali
2082 3694 2366 3733 ilefflone'prosequi-

1307 3753 1372 3774 mur
1384 3766 1394 3782 ‚
1418 3742 1548 3773 habentes
1566 3741 1727 3780 propensius
1744 3739 1981 3771 commendatum
1994 3762 2004 3777 ,
2027 3739 2101 3776 fibi,
2125 3735 2170 3767 vel
2185 3734 2368 3765 Procuratori

1307 3782 1357 3812 suo
1369 3791 1423 3821 pro
1435 3791 1472 3811 eo
1481 3804 1498 3824 ,ι
1509 3778 1696 3823 Praebendam
1710 3779 1891 3817 praedictam,
1909 3779 1965 3808 una
1978 3786 2048 3808 cum
2058 3773 2366 3842 fmfflbusffioei'ds'

1310 3821 1344 3850 &
1360 3821 1408 3858 qui
1423 3827 1531 3858 percipi
1543 3826 1696 3855 potuerunt
1710 3827 1744 3847 ex
1755 3817 1803 3856 ea,
1820 3818 1948 3854 integre,
1963 3816 2021 3846 sine
2039 3812 2183 3855 cujussibet
2260 3820 2296 3843 cu
2306 3819 2368 3843 tatis

1308 3858 1444 3896 objetstu,
1462 3858 1495 3889 &
1505 3856 1644 3887 dilationis
1657 3856 1778 3887 morosae
1788 3855 1946 3895 dispendio,
1964 3853 2068 3887 restitui
2079 3851 2192 3882 stemus-

1346 3933 1414 3965 Dat.
1435 3933 1565 3970 Parisiiis,
1583 3932 1629 3963 die
1642 3931 1762 3971 septimo
1775 3931 1883 3963 Mensis
1895 3928 2052 3967 Februarii,
2067 3925 2158 3958 Anno
2167 3925 2293 3957 Domini
2300 3924 2373 3957 Mil-

1310 3972 1427 4012 Mimo,
1444 3971 1677 4009 Trecentesimo,
1695 3969 1800 4003 Nono.
2298 4000 2379 4032 Mhi-
