2570 4261
14 1391 141 1427 Ann.D.

37 1440 121 1472 ¹297·

11 1478 64 1503 An.
82 1480 128 1505 25·-

13 1517 45 1540 Ε.
66 1521 89 1537 1.

13 1554 69 1578 Rot.
83 1546 144 1576 Ale-

15 1597 85 1616 man.
99 1594 142 1621 25.

14 1631 45 1654 Ε.
64 1635 131 1652 Lm.

20 1673 61 1700 ¹5-
77 1663 103 1692 d.

29 2963 156 2996 Ann.D.

46 3012 131 3042 ¹297·

26 3047 79 3072 An.
97 3052 143 3078 25.

26 3085 57 3111 Ε.
81 3091 104 3109 ι.

27 3124 83 3148 Rat.
99 3118 159 3147 Ale-

29 3168 99 3186 man.
117 3165 163 3193 25.

30 3199 60 3224 Β.
80 3205 104 3223 ι.
126 3205 163 3223 m.

35 3241 78 3266 ις,
92 3234 118 3261 d.

30 3273 164 3308 *11.756.

723 237 835 277 ET
920 239 1183 280 ACTA

0 319 77 353 Ann-
90 318 130 350 D·
146 333 189 355 res
205 323 318 355 nostros
332 332 365 354 ex
379 330 456 360 parte
469 321 543 360 una,
561 323 594 353 &
611 321 725 361 Regem
740 322 867 353 Franciae
881 324 914 354 ὃς
929 323 1068 354 Valitores
1093 324 1156 354 suos
1179 332 1215 353 ex

29 366 114 397 1297.
147 362 231 393 altera
246 363 362 393 exortis:

0 399 68 426 Σίν.
91 406 113 426 1.

184 400 222 431 Et
245 403 328 431 etiam
348 398 472 436 easdem,
490 397 696 436 sufferentiam,
716 407 826 437 guerras
847 400 880 430 &
903 409 1021 437 pacem,
1041 398 1208 436 ordinandi,

147 439 262 469 ineundi
286 439 319 470 &
339 436 484 474 fii‘mandi3
508 437 541 466 δε
561 437 656 466 omnia
678 437 727 466 alia
747 438 780 467 ὃς
803 437 904 476 singula
925 438 1060 476 faciendi,
1088 448 1153 476 quae
1171 437 1206 466 ad

147 476 356 516 praemifforum
374 473 581 511 expeditionem
594 474 697 504 fuerint
709 483 868 513 oportuna,

187 515 235 546 Ut
255 514 337 552 ipsae,
353 513 527 550 sufferentia,
545 520 648 550 treugae
669 513 701 543 ἃ
722 521 791 550 pax,
810 513 828 543 si
851 523 914 543 eam
934 513 979 544 vel
1001 524 1045 544 eas
1067 513 1207 551 ordinari,

150 554 214 584 iniri
230 553 262 583 &
277 551 381 582 firmari
397 551 559 588 contingat,
577 548 684 580 firmius
704 550 904 589 observentur,

189 591 317 628 Damus,
333 590 366 620 &
385 588 570 619 concedimus
593 597 643 625 per
658 589 803 625 praesentes
816 589 950 627 praefatis,
968 589 1128 628 Episcopo,
1146 590 1209 621 Co-

154 630 235 665 miti,
259 627 366 665 Militi,
384 628 418 659 &
439 625 609 664 Canonico,
628 626 674 656 vel
696 628 797 663 tribus,
816 636 862 658 aut
881 629 993 658 duobus
1015 629 1154 667 ipsorum,
1178 636 1210 658 ut

151 667 321 706 PraediCtum
336 666 394 705 est,
408 665 520 703 plenam
535 665 568 694 ὃς
582 664 699 694 liberam
713 665 896 704 potestatem,
914 667 947 697 &
963 666 1079 704 speciale
1096 666 1211 696 manda-

150 713 213 736 tum
228 705 421 744 juramentum
439 704 468 733 in
489 702 614 732 animam
635 702 760 732 nostram
776 704 926 746 praestandi
940 727 950 742 ,
979 705 1016 734 de
1045 705 1183 743 praeditstis
1199 728 1209 743 ,

153 743 328 781 sufferentia,
346 743 450 779 treugis
463 742 496 772 &
511 750 599 780 pace,
616 740 810 771 observandis:

191 782 230 813 Et
251 792 301 819 per
321 786 472 819 poenarum
493 779 699 816 appositionem
715 803 724 817 ,
751 780 783 810 &
803 779 983 811 restitutionis
1002 780 1210 820 dampnorum,

154 831 205 859 per
219 820 342 851 subditos
354 827 402 848 aut
414 817 544 848 valitores
558 816 685 855 nostrOS,
704 826 803 848 contra
818 818 934 856 ipsarum
948 818 1211 858 sufferentiae,treu-

152 869 250 899 garum
270 858 303 889 ὃς
323 857 398 895 pacis
419 856 543 887 formam
560 856 605 885 seu
625 858 866 895 conventionem,
889 857 1119 896 inserendorum,
1143 867 1211 895 pro-

153 897 328 928 missionem:

188 935 228 965 Et
248 933 405 971 quamlibet
425 933 524 971 aliam,
549 931 585 962 de
607 932 663 970 qua
684 932 762 972 ipsis,
782 933 942 972 Episcopo,
961 932 1089 971 Comiti,
1109 933 1213 972 Militi,

153 974 188 1005 &
201 971 370 1010 Canonico,
387 972 433 1001 seu
450 972 554 1010 tribus,
571 978 617 1000 aut
630 969 741 1001 duobus
755 971 895 1010 ipsorum,
914 971 1042 1010 expedire
1057 972 1213 1010 videbitur,

153 1011 357 1049 obligationem
379 1009 540 1048 praeditfftas,
563 1007 768 1048 sufferentiam,
786 1019 891 1050 treugas
912 1012 945 1042 &
969 1019 1088 1048 pacem,
1105 1010 1214 1040 assecu-

155 1050 254 1087 randi,
271 1048 406 1087 vallandi,
423 1049 457 1079 ὃς
471 1049 556 1077 etiam
573 1047 734 1078 roborandi.

192 1125 263 1156 Dat.
278 1125 353 1164 apud
366 1124 409 1162 W
411 1124 562 1165 alsingbam
577 1124 653 1155 sexto
664 1123 710 1154 die
726 1123 877 1154 Februarii.

157 1248 214 1284 Ad
237 1246 498 1295 Archiepiftopum
527 1247 720 1328 Colonieicrlsem
740 1247 776 1280 de
800 1248 949 1281 solutione
965 1250 1096 1280 Pecunia
1118 1258 1216 1280 retar-

668 1306 731 1328 asa.

223 1381 282 1413 EX
306 1380 465 1411 Venerabili
486 1381 514 1409 in
534 1379 653 1410 Christo
675 1379 764 1417 Patri,
791 1379 927 1410 Domino
950 1379 978 1409 S.
996 1379 1095 1410 eadem
1117 1381 1218 1419 gratia,

241 1420 352 1451 Sandiae
367 1418 547 1448 Coloniensis
562 1418 697 1449 Ecclesiae
712 1417 951 1455 Archiepiscopo,
970 1420 1003 1448 δε
1021 1419 1095 1448 Sacri
1105 1418 1221 1457 imperii

159 1470 209 1500 per
221 1458 342 1489 Ytaliam
355 1456 728 1496 Archicancellario,amico
741 1456 789 1486 suo
804 1456 946 1486 karissimo
962 1457 1076 1488 salutem
1090 1458 1123 1487 &
1138 1468 1220 1495 pros-

162 1507 244 1536 peros
256 1496 290 1526 ad
305 1504 374 1527 vota
392 1496 542 1526 successus.

200 1535 318 1565 Litteras
340 1535 374 1565 &
397 1534 556 1571 Articuios,
576 1544 646 1572 quos
660 1535 743 1564 frater
758 1533 941 1563 Hermannus
951 1557 959 1571 ,
978 1533 1015 1563 de
1029 1533 1129 1564 ordine
1144 1533 1224 1564 Hos-

161 1574 372 1612 pitalariorum,
397 1573 481 1603 nobis
498 1574 621 1610 porrexit
643 1581 678 1602 ex
703 1580 780 1610 parte
803 1571 895 1602 vestra
918 1572 979 1608 (qui
999 1573 1029 1601 in
1049 1572 1222 1610 expolitione

162 1613 361 1649 neuotiorum,
381 1611 432 1641 sibi
449 1611 685 1650 commissorum,
704 1610 855 1649 prudenter
875 1609 902 1640 se
920 1611 1017 1640 habuit
1036 1611 1070 1641 &
1093 1609 1221 1647 discrete)

161 1637 319 1682 audivimus
336 1649 490 1688 diligenter.

200 1688 363 1720 Intimantes
378 1689 460 1719 vobis
472 1687 552 1726 quod
566 1687 648 1718 valde
662 1686 781 1717 moleste
793 1686 925 1726 geffimus
938 1687 972 1717 &
989 1687 1130 1726 gerimus,
1145 1685 1224 1724 quod

163 1728 281 1766 solutio,
299 1737 365 1765 quae
376 1728 458 1758 vobis
470 1736 503 1756 ex
517 1734 594 1765 parte
605 1725 703 1756 nostra
717 1725 791 1756 faeta
806 1725 887 1756 fuisse
902 1725 1139 1764 debuerat,tant0
1152 1734 1225 1756 tem-

164 1776 236 1805 pore
248 1766 338 1796 extitit
350 1765 492 1795 retardata.

201 1804 323 1842 Propter
343 1803 422 1841 quod
443 1802 595 1833 venerabili
617 1802 693 1832 Patri
709 1802 737 1831 in
751 1801 887 1840 Christo,
904 1801 958 1831 W.
977 1801 1167 1833 Coventrenfi
1190 1802 1224 1832 ὃς

164 1841 354 1874 Lichfeldenfi
368 1840 530 1880 Episcopo,
547 1843 581 1872 &
596 1840 703 1871 dilectis
724 1842 758 1871 &
779 1840 906 1871 fidelibus
928 1839 1046 1878 nostris,
1065 1840 1170 1870 Ottoni
1188 1840 1224 1870 de

164 1880 381 1918 Grandiffono,
401 1879 506 1918 Militi,
525 1881 558 1911 &
570 1879 697 1918 Johanni
709 1878 746 1908 de
759 1878 912 1918 Berewyco
927 1878 1049 1909 Decano
1062 1878 1223 1919 Wymbur-

163 1920 243 1951 nenfi
252 1943 261 1958 ,
280 1929 350 1957 quos
363 1917 397 1949 ad
412 1927 500 1956 partes
513 1918 668 1949 Brabantiae
680 1918 712 1948 δε
726 1917 889 1948 Hollandiae
902 1917 1118 1955 destinavimus,

202 1958 394 1995 Praecepimus
408 1956 488 1995 quod
502 1957 568 1994 ipsi,
585 1955 632 1988 vel
645 1956 735 1987 dietus
748 1955 902 1994 Episcopus
917 1965 986 1986 cum
1009 1956 1098 1986 altero
1120 1955 1223 1993 praedi-

167 1997 298 2035 storum,
316 1995 353 2026 de
367 1995 449 2025 dietis
464 1995 585 2035 partibus
600 2005 660 2026 non
675 1994 821 2032 recedant,
840 1994 984 2033 quousque
999 1994 1035 2024 de
1049 1993 1123 2024 dieta
1137 2004 1225 2032 pecu-

166 2035 215 2066 nia
234 2035 352 2066 fecerint
377 2042 489 2070 gratum
505 2033 645 2071 vestrum,
663 2033 816 2064 secundum
830 2032 908 2071 quod
919 2033 1012 2063 facere
1026 2040 1155 2070 poterant
1170 2034 1224 2063 bo-

166 2083 207 2104 no
229 2072 337 2111 rnod03
365 2073 430 2111 qui,
455 2072 499 2103 vel
521 2072 580 2102 duo
599 2081 717 2109 eorum,
738 2079 768 2101 ut
789 2071 900 2101 &titum
921 2070 980 2110 est,
999 2071 1201 2108 impedimenta
1216 2095 1226 2109 ,

166 2120 283 2153 propter
296 2121 361 2149 quae
374 2110 448 2141 dieta
463 2111 582 2151 pecunia
593 2110 680 2141 soluta
694 2120 753 2140 non
764 2111 869 2148 eXtitit,
882 2110 964 2141 vobis
978 2109 1080 2140 referre
1091 2118 1225 2148 poterunt

167 2151 284 2181 oraculo
295 2151 368 2180 vivae
379 2150 473 2180 vocis:

205 2189 321 2227 Quibus
340 2189 424 2218 etiarn
445 2188 613 2225 injunximus
626 2210 636 2225 ‚
661 2195 692 2217 ut
709 2186 856 2225 diligenter
876 2196 1031 2225 procurent
1050 2188 1229 2226 interponere

166 2236 258 2265 partes
269 2226 326 2257 suas
339 2235 402 2264 erga
416 2226 534 2256 Ducem
549 2226 719 2264 Brabantiae,
737 2227 770 2256 &
786 2226 951 2256 Dominum
964 2226 1000 2255 de
1023 2225 1112 2264 Cuk,
1130 2234 1160 2256 ut
1177 2235 1228 2264 pe-

166 2267 265 2303 cunia,
285 2275 350 2302 quae
362 2265 444 2295 vobis
457 2275 507 2302 per
523 2273 617 2304 gentes
630 2263 700 2294 dieti
713 2263 806 2295 Ducis
818 2264 910 2295 oblata
937 2264 1017 2295 fuisse
1038 2264 1157 2303 dicitur,
1175 2275 1229 2295 vo-

167 2305 210 2334 bis
224 2304 306 2341 plene
320 2302 486 2334 restituatur.

205 2341 261 2380 Et,
281 2344 345 2380 quia
366 2340 552 2371 desideramus
572 2341 650 2379 quod
670 2341 742 2370 inter
757 2350 810 2371 vos
823 2341 858 2371 &
874 2340 991 2371 Ducem
1005 2340 1172 2378 praediclum
1187 2351 1229 2371 es-

167 2380 206 2411 set
221 2381 375 2411 concordia
389 2381 423 2411 δε
437 2380 558 2410 amicitia
571 2379 882 2417 specialis,injunximus
900 2381 1000 2409 iterato
1013 2379 1115 2409 eisdem
1128 2379 1229 2409 nostris

168 2419 310 2457 Nunciis,
334 2419 411 2457 quod
427 2418 474 2456 ipsi
488 2420 559 2448 inter
575 2428 628 2448 vos
648 2419 681 2448 ὃς
702 2417 826 2447 eundem
848 2417 964 2447 Ducem
987 2418 1108 2447 traetent
1125 2417 1162 2447 de
1182 2427 1230 2454 pa-

168 2467 217 2526 ‹s:e:
236 2457 291 2494 Et,
310 2456 388 2495 quod
402 2458 474 2487 inter
487 2466 540 2488 vos
556 2455 587 2486 sit
601 2465 699 2486 mutua
714 2464 766 2493 pax
786 2456 819 2486 &
843 2455 1016 2493 concordia,
1032 2455 1134 2486 faciant
1149 2455 1231 2493 poffe

180 2505 258 2525 uum.

206 2533 245 2564 Et
266 2532 352 2563 iidem
375 2532 504 2569 Nuncii,
522 2531 567 2562 vel
589 2531 681 2563 dietus
700 2531 874 2569 Episcopus,
892 2541 961 2562 cum
976 2531 1063 2561 altero
1075 2530 1230 2561 Sociorum

169 2572 302 2609 suorum,
328 2572 410 2602 vobis
432 2571 528 2601 dicent
551 2570 701 2607 expressius
720 2571 909 2601 intentionem
929 2570 963 2601 &
983 2569 1161 2601 voluntatem
1178 2580 1233 2601 no-

172 2610 257 2640 stram
270 2610 349 2647 super
365 2611 486 2647 negotiis
501 2609 655 2639 antedit‘tis.

209 2686 279 2718 Dat.
298 2687 372 2726 apud
387 2685 583 2725 Waifingham
602 2694 628 2724 7.
647 2685 692 2716 die
707 2685 864 2724 Februarii,
883 2695 958 2715 anno
978 2692 1064 2724 1297.

172 2810 233 2844 Ad
256 2812 414 2844 Decianum
442 2810 635 2855 Colonienftm
657 2808 693 2841 de
722 2812 856 2842 pecuniis
881 2806 1010 2841 ablatis:
1034 2810 1076 2842 Et
1102 2807 1138 2842 de
1160 2811 1234 2842 Pre-

574 2856 669 2890 banda
686 2857 838 2903 promiffir.

174 2943 295 3006 REX
317 2943 425 2975 dilecto
442 2942 560 2975 Clerico
581 2943 615 2973 ὃς
636 2942 792 2973 Secretario
814 2942 864 2973 suo
887 2941 1028 2982 Magistro
1048 2941 1237 2982 Wycboffio,

257 2982 363 3020 Majori
378 2983 406 3011 iri
421 2980 549 3012 Colonia
564 2980 687 3011 Decano
701 2982 734 3011 ὃς
751 2981 982 3020 Archidiacono,
1000 2980 1122 3011 salutem.

211 3019 294 3057 Hiis,
311 3030 375 3058 quae
390 3020 473 3050 frater
486 3019 666 3050 l-Iertnannus
675 3043 684 3057 ,
696 3019 732 3049 de
746 3020 846 3050 ordine
861 3020 1131 3058 Hospitalariorum,

215 3058 296 3089 Cum
316 3057 414 3090 vestris
432 3057 528 3088 litteris
546 3058 582 3088 de
604 3057 762 3095 credentia,
780 3058 813 3088 ad
838 3068 889 3089 nos
902 3058 997 3090 missus
1010 3058 1089 3095 super
1102 3057 1237 3096 denariis,

177 3107 227 3135 per
237 3105 338 3166 ¹gentes
354 3095 446 3127 Ducis
462 3095 633 3134 Brabantiae,
651 3098 680 3126 iri
692 3096 839 3128 conductu
855 3097 978 3127 Domini
991 3097 1028 3127 de
1042 3096 1110 3127 Cuk
1126 3096 1238 3133 ablatis,

177 3145 208 3166 ut
219 3146 235 3165 a
260 3144 345 3166 eruit:

215 3175 234 3195 ²*
254 3175 291 3205 Et
306 3174 384 3212 super
400 3172 576 3211 provisione,
597 3182 683 3210 quam
701 3174 783 3204 vobis
797 3173 893 3204 feciffe
908 3171 1123 3212 promiseramus
1136 3175 1165 3203 in
1179 3172 1238 3202 Ec-

177 3213 261 3244 clesia
280 3212 464 3250 Dublinensi,
488 3212 701 3249 quamprimum
721 3212 897 3242 Prebendam
919 3213 1020 3243 valoris
1042 3211 1240 3250 quaterviginti

181 3261 340 3283 marcarum
354 3252 384 3281 in
399 3250 501 3281 eadem
515 3248 631 3279 ecclesia
644 3259 742 3279 vacare
759 3252 923 3290 contigerit,

191 3329 196 3334 ³
215 3290 326 3320 Coram
346 3289 428 3320 nobis
449 3287 598 3326 prudenter
620 3289 654 3318 ὅτ,
676 3287 793 3319 discrete
812 3289 972 3329 proposuit,
994 3288 1142 3329 diligenter
1162 3287 1240 3319 audi-

178 3337 210 3359 tis
730 3350 731 3355 ,

215 3351 377 3397 ἷῙεηεηὼίΙί
392 3365 487 3403 Patri,
504 3364 547 3394 W
576 3363 766 3395 Coventrensi
780 3365 814 3395 &
826 3365 1015 3396 Lichfeldensi
1029 3363 1191 3404 Episcopo,
1204 3366 1238 3396 δε

178 3404 286 3435 dilectis
305 3405 338 3434 ὃς
361 3401 488 3433 fidelibus
508 3402 626 3440 nostris,
645 3402 749 3433 Ottoni
769 3403 806 3433 de
825 3403 1036 3442 Grandiffono,
1062 3406 1096 3436 ὃς
1115 3404 1239 3442 Johanni

179 3443 216 3473 de
241 3442 397 3480 Berewyco
420 3441 542 3471 Decano
564 3440 808 3478 Wymburnensi,
826 3443 889 3480 qui,
907 3443 953 3474 vel
976 3443 1066 3473 dictus
1088 3441 1241 3480 Episcopus

179 3491 248 3512 cum
271 3480 360 3511 altero
380 3479 562 3517 eorumdem,
580 3488 633 3516 pro
656 3479 755 3517 nobis,
772 3479 806 3510 ad
824 3489 913 3517 partes
930 3480 1086 3512 Brabantiae
1107 3483 1141 3512 &
1162 3480 1240 3511 Hol—

179 3520 278 3551 landiae
291 3519 321 3549 iti
335 3518 467 3556 proximo
477 3516 539 3547 sunt
562 3518 689 3554 venturi,
872 3528 875 3535 ¹

218 3558 411 3595 Praecepimus
452 3555 510 3585 uod
531 3554 599 3593 ipsi,
622 3554 668 3585 vel
689 3553 748 3585 duo
771 3554 911 3595 ipsorum,
936 3565 967 3588 ut
986 3557 1158 3596 priediistum
1182 3556 1242 3595 est,

182 3606 246 3636 erga
260 3595 378 3626 Ducem
393 3595 427 3625 &2
473 3594 605 3624 ominum
616 3593 767 3631 praedidtos
780 3595 960 3632 interponant
981 3595 1135 3627 efficaciter
1153 3604 1241 3634 partes

181 3635 255 3673 suas,
273 3642 304 3664 ut
315 3633 461 3664 dictorum
475 3632 657 3662 denariorum
671 3631 811 3662 restitutio
824 3634 906 3665 vobis
921 3633 976 3664 fiat.

219 3673 309 3711 Super
330 3671 491 3709 provisione
513 3672 585 3701 vero
607 3669 710 3708 sciatis,
740 3669 835 3709 quod,
853 3681 868 3702 a
890 3679 1019 3711 tempore
1036 3672 1243 3711 promissionis,

182 3712 273 3750 aliqua
292 3710 466 3747 Praebenda,
494 3718 579 3747 quam
602 3718 655 3739 nos
676 3708 757 3739 vobis
777 3708 860 3753 dare,
883 3710 917 3741 &
939 3721 991 3741 vos
1015 3722 1140 3749 recipere
1161 3711 1247 3742 dece-

185 3759 245 3788 ret,
264 3751 293 3780 in
315 3748 392 3779 dicta
410 3747 538 3778 Ecclefia
558 3757 618 3778 non
635 3747 765 3784 vacavit;
783 3746 822 3777 set
842 3757 871 3777 in
889 3750 964 3779 votis
983 3751 1112 3794 gerimus⁸
1125 3751 1246 3788 promis-

186 3787 296 3819 fionem
311 3786 437 3818 nostram
447 3786 530 3818 vobis
544 3786 574 3816 in
586 3785 640 3816 hac
653 3793 748 3824 parte,
768 3794 838 3815 cum
854 3785 934 3817 locus
949 3787 976 3818 se
994 3789 1141 3826 optulerit,
1159 3788 1249 3819 adim-

187 3825 272 3864 plere.

226 3900 296 3933 Dat.
313 3902 388 3942 apud
399 3900 556 3941 Walfingh.
570 3900 692 3939 septimo
706 3897 751 3930 die
766 3899 918 3932 Februarii.

1266 238 1298 278 P
1336 238 1381 279 U
1424 240 1455 279 Β
1493 242 1525 281 L
1561 243 1581 283 I
1620 244 1658 283 C
1695 244 1744 283 A.
2228 258 2308 299 175

2324 326 2450 361 Ann.D.

2342 378 2376 398 12
2420 392 2426 397 .

1273 410 1414 441 Generale
1425 414 1668 455 procuratorium
1681 422 1736 455 pro
1747 412 1889 456 fidantiis
1908 409 2062 458 discordiis
2077 415 2154 447 inter
2169 418 2280 446 amicos
2319 376 2434 436 Fam-97¹0

1585 462 1620 496 (ῥ’
1639 459 1845 502 confirderatos
1862 464 1959 507 Regis.

1311 540 1369 571 EX
1383 543 1534 579 omnibus,
1552 542 1586 572 ad
1603 553 1689 581 qum,
1709 543 1768 574 ὅσα.
1786 545 1906 575 silutem.
2322 564 2362 587 A„
2389 567 2425 594 25-

1358 579 1508 619 Volentes,
1526 581 1559 610 ad
1581 581 1707 611 sedandas
1729 584 1942 620 contentiones,
1959 592 2085 622 guerras,
2103 584 2251 616 discordias
2269 586 2302 616 δε
2324 603 2341 626 Ε
2368 582 2381 624 ‘¹
2427 582 2433 587 ⁰

1251 617 1374 654 querelas
1398 619 1481 655 (inter
1504 619 1699 657 quoscumque
1718 620 1943 658 confoederatos,
1972 623 2123 662 Valitores,
2141 625 2173 654 δε
2195 625 2303 654 amicos
2321 620 2365 665 ω’),
2391 619 2450 663 {ale-

1251 654 1363 685 nostros
1385 665 1475 697 motas
1497 656 1731 695 quomodolibet,
1750 658 1795 689 vel
1815 658 1950 696 subortas)
1972 661 2165 700 interponere,
2182 670 2213 692 ut
2227 671 2305 692 tene·
2368 658 2373 663 ’

1253 702 1334 731 mur,
1355 693 1494 725 efficacius
1510 704 1596 733 partes
1610 695 1732 733 nostrast,
2321 685 2390 741 'gaal'
2399 683 2452 739 ,ἶς’

1290 731 1490 775 Venerabilcm
1517 733 1628 777 Patrem
1643 757 1652 771 ,
1680 733 1842 764 Walterum
1866 734 2090 778 Coventrensem
2112 738 2144 767 δε
2166 737 2303 768 Lichfeld.
2349 736 2367 779 '⁵
2386 733 2412 779 'd
2429 733 2437 740 ⁸

1253 768 1426 813 Episcopum
1439 771 1653 802 Thesaurarium
1669 771 1814 810 nostrum,
1833 772 1869 802 A.
1889 772 2040 803 Comitem
2056 774 2200 805 Sabaiidiae
2222 777 2305 807 Con-
2327 762 2357 789 ¹4

1252 807 1437 844 sanguineum
1453 809 1583 839 nostrum
1605 809 1794 848 carissimum,
1810 810 1954 841 Ottonem
1974 811 2010 841 de
2025 811 2205 843 Grandisono
2224 814 2304 844 Mili-

1256 853 1315 875 tem
1330 868 1340 883 ,
1365 846 1575 884 &johannem
1597 847 1633 878 de
1653 847 1807 887 Berewyco
1828 848 2013 880 Canonicum
2035 849 2167 880 Eborum
2181 874 2190 887 ,
2214 851 2307 882 fideles

1256 883 1384 922 nostrOS,
1403 885 1447 914 vel
1462 894 1532 924 tres,
1550 895 1597 918 aut
1609 886 1680 916 duos
1692 886 1832 924 ipsorum,
1852 888 1872 917 si
1886 898 1974 927 unus,
1991 888 2037 919 vel
2049 888 2108 919 duo
2125 898 2158 919 ex
2170 888 2231 926 ipsis
2247 890 2307 920 fue-

1257 922 1312 951 rint
1326 922 1466 960 absentes,

1279 998 1284 1003 Π
1297 959 1427 990 Facimus
1444 962 1476 991 &
1493 961 1688 992 constituimus
1700 961 1898 993 Procuratores
1911 963 2040 1002 nostros,
2055 965 2088 995 &
2103 964 2239 995 Nuncios
2252 965 2313 1003 spe·

1259 998 1357 1035 ciales,
1382 998 1416 1028 ad
1438 999 1648 1036 procurandum
1668 1000 1719 1038 &,
1742 1002 1861 1030 nomine
1882 1002 1995 1040 nostro,
2011 1014 2030 1033 o
2051 1003 2216 1042 tinendum,
2235 1004 2312 1042 quod

1259 1035 1463 1074 confoederati,
1481 1037 1636 1075 Valitores,
1654 1038 1687 1068 ὃ(
1700 1039 1784 1068 amici
1800 1038 1902 1076 nostri,
1920 1040 1955 1070 de
1969 1050 2027 1079 prae
2047 1041 2107 1071 istis
2123 1044 2314 1072 contentioni-

1259 1075 1328 1112 bus,
1346 1075 1469 1112 guerris,
1487 1074 1631 1105 discordiis
1650 1076 1682 1106 &
1701 1076 1832 1114 querelis,
1851 1076 1929 1107 dieto
1949 1078 2065 1117 nostro,
2084 1080 2117 1111 &
2132 1080 2262 1118 arbitrio,
2277 1081 2311 1111 &

1258 1113 1430 1144 ordinationi
1444 1112 1549 1143 nostrae
1556 1136 1566 1151 ,
1586 1113 1705 1144 totaliter
1717 1115 1744 1144 se
1758 1114 1939 1153 submittant,

1297 1150 1335 1182 Et
1350 1150 1447 1190 quod,
1459 1151 1531 1181 inter
1547 1151 1661 1182 eosdem
1675 1153 1900 1191 confoederatos,
1918 1153 2062 1191 valitores,
2079 1155 2112 1185 δε
2132 1157 2239 1187 amicos
2260 1167 2315 1187 no-

1263 1189 1351 1227 stros,
1369 1189 1527 1220 sufferentia
1541 1191 1574 1220 &
1588 1199 1694 1226 treugae
1712 1192 1855 1229 ineantur,
1872 1191 2033 1230 firmentur,
2051 1193 2083 1223 ὃς
2105 1195 2196 1223 modis
2217 1195 2317 1225 debitis

1260 1228 1448 1265 roborentur,
1467 1229 1499 1258 ὃς
1523 1228 1637 1258 firmiter
1654 1228 1854 1267 observentur,
1881 1230 1976 1260 donec
1998 1230 2034 1260 de
2054 1230 2137 1260 dietis
2156 1234 2316 1262 contentio-

1261 1267 1358 1335 gibus,
1386 1267 1504 1305 guerris,
1527 1266 1684 1304 discordiis,
1709 1267 1742 1297 ἅ·-
1765 1269 1883 1305 querelis
1902 1268 1985 1306 plene
2006 1268 2166 1299 duxerimus
2186 1270 2316 1300 ordinan-

1283 1314 1348 1335 um:

1262 1382 1281 1412 d
1299 1342 1337 1373 Et
1355 1341 1578 1411 addaudiendum
1600 1344 1719 1374 rationes
1739 1346 1858 1381 partium
1872 1344 1951 1382 super
1966 1345 2036 1383 hiis,
2053 1345 2086 1376 δε
2100 1345 2182 1376 nobis
2197 1346 2319 1376 referen-

1283 1391 1331 1412 um
1344 1391 1376 1412 ea
1405 1391 1467 1411 ern:

1300 1419 1338 1449 Et
1355 1420 1558 1450 nichilominus
1579 1419 1613 1450 ad
1634 1419 1744 1450 easdem
1764 1422 1978 1458 contentiones,
2006 1432 2131 1461 guerras,
2151 1422 2319 1461 discordias,

1265 1459 1299 1488 &
1320 1458 1443 1495 querelas
1464 1458 1607 1496 sedandas,
1625 1459 1658 1489 &
1678 1460 1749 1489 inter
1768 1460 1836 1497 ipsas
1857 1468 1944 1497 partes
1965 1470 2066 1498 pacem
2083 1462 2115 1491 δε
2132 1461 2318 1491 concordiam

1265 1495 1324 1526 fieri
1334 1519 1344 1534 ,
1360 1497 1393 1527 &
1405 1498 1488 1535 iniri,
1506 1507 1537 1527 ac
1554 1497 1661 1526 firmari
1676 1498 1902 1536 procurandum,
1920 1500 1953 1529 &
1969 1498 2065 1529 nostro
2081 1501 2200 1529 nomine
2215 1500 2319 1529 facien-

1265 1534 1354 1572 dum3
1378 1535 1398 1564 fi
1419 1535 1453 1565 ad
1474 1536 1531 1565 hoc
1550 1535 1660 1565 eaedem
1678 1545 1781 1574 partes,
1813 1536 1903 1566 nostri
1928 1537 2169 1575 contemplatione
2189 1537 2322 1577 rogatus,

1266 1573 1328 1603 suos
1342 1573 1371 1603 di
1394 1581 1493 1603 nentur
1505 1574 1613 1603 animos
1627 1575 1776 1610 inclinare:

1302 1609 1339 1642 Et
1360 1621 1376 1641 a
1418 1613 1515 1641 omnia
1533 1612 1585 1642 alia
1605 1613 1638 1643 &
1662 1612 1764 1651 lingula
1785 1612 1960 1652 faciendum,
1978 1624 2041 1652 quae
2061 1615 2090 1644 in
2104 1613 2267 1651 praemiffis,
2287 1615 2322 1645 &

1270 1659 1373 1680 eorum
1394 1650 1539 1688 quolibet,
1562 1651 1663 1680 fuerint
1680 1661 1838 1690 oportuna,
1855 1652 1888 1683 &
1908 1662 1972 1690 quae
1984 1663 2037 1683 nos
2051 1652 2141 1683 facere
2162 1652 2326 1691 poffemus,

1267 1687 1287 1718 fi
1338 1688 1480 1719 rsonaliter
1495 1689 1694 1719 interessemus.

1335 1735 1411 1770 atum
1426 1727 1544 1758 habituri
1557 1728 1590 1758 ὃς
1604 1737 1714 1766 gratum
1732 1727 1865 1766 quicquid
1879 1738 1929 1769 per
1942 1729 2110 1768 praedictos,
2128 1729 2323 1768 Episcopum,

1269 1763 1436 1803 Comitem,
1457 1765 1601 1803 Militem,
1617 1767 1651 1796 &
1666 1766 1866 1804 Canonicum,
1886 1767 1931 1797 vel
1948 1777 2016 1807 tres,
2033 1777 2080 1799 aut
2095 1768 2165 1798 duos
2180 1769 2305 1806 ipsorum
2314 1790 2326 1806 ,

1267 1812 1299 1871 isit
1315 1803 1484 1841 praedictum
1497 1803 1555 1842 est,
1574 1803 1682 1834 factum
1697 1805 1780 1836 fuerit
1794 1805 1823 1835 in
1839 1805 2001 1844 praerniffis,
2016 1806 2050 1838 ὅτ,
2071 1806 2182 1846 singulis
2201 1807 2328 1844 praemis-

1278 1851 1373 1872 orum.

1304 1878 1339 1910 ln
1353 1880 1448 1919 cujus,
1468 1880 1529 1911 ὅτε.

1305 1955 1373 1987 Dat.
1389 1955 1463 1997 apud
1478 1954 1531 1995 Ely
1549 1966 1593 1987 12.
1611 1955 1658 1987 die
1675 1956 1824 1988 Februarii.

1271 2085 1487 2116 Procuratoria
1506 2092 1559 2127 pro
1569 2081 1712 2127 fidandis
1726 2082 1881 2128 distordiis
1898 2087 1975 2116 inter
1991 2084 2134 2130 quosdam
2159 2088 2267 2118 amicos
2290 2088 2326 2124 (ῥ’

1457 2130 1674 2175 Confoederatos
1693 2133 1780 2177 Regis
1791 2132 1960 2177 specialiter
1978 2137 2152 2167 nominatos.

1270 2213 1392 2288 REX
1408 2215 1560 2253 omnibus,
1575 2214 1609 2245 ad
1627 2226 1715 2255 quos,
1733 2217 1792 2247 &c.
1811 2216 1936 2260 salutem.
2146 2257 2150 2262 1
2237 2257 2243 2263 -
2348 2232 2476 2264 Anu-D·

1290 2253 1523 2322 uerelalssolenteS,
1540 2253 1574 2284 ad
1588 2253 1717 2285 sedandas
1744 2264 1961 2293 contentioneS,
1979 2264 2106 2296 guerras,
2124 2254 2273 2288 discordias
2295 2257 2329 2288 &
2374 2280 2459 2309 1297,

1269 2299 1287 2329 q
1306 2329 1383 2361 Inter
1396 2317 1505 2374 fiobil-es
1519 2331 1612 2369 viros,
1627 2330 1790 2368 Johannem
1811 2330 1930 2362 Ducem
1951 2331 2157 2371 Lotricheriae,
2176 2332 2330 2364 Brabantiae
2345 2315 2403 2376 ssn',
2418 2320 2463 2346 ²5'

1274 2368 1307 2398 &
1323 2369 1523 2412 Lemburgiae,
1540 2378 1574 2398 ex
1585 2377 1662 2412 parte
1675 2370 1747 2413 una,
1767 2369 1972 2412 &Johannem
1988 2369 2137 2414 Comitem
2160 2371 2331 2415 Holandiae,
2347 2372 2400 2415 RQ„-
2411 2371 2477 2415 'Alb

1272 2406 1436 2445 Zelandiae,
1451 2409 1484 2438 δε
1499 2407 1664 2437 Dominum
1679 2408 1702 2437 F
1704 2407 1855 2446 rissandiae,
1873 2417 1906 2437 ex
1920 2408 2021 2446 altera,
2039 2409 2110 2439 filios
2133 2409 2243 2440 nostros
2260 2410 2329 2440 dile-

1273 2445 1363 2489 &oss
1379 2455 1493 2475 necnon
1513 2446 1546 2476 &
1570 2447 1641 2476 inter
1663 2446 1730 2475 alios
1750 2446 1978 2483 confoederatos,
2003 2448 2036 2477 &
2058 2447 2195 2478 Valitores
2217 2448 2329 2479 nostros
2346 2436 2415 2491 zm?
2432 2434 2477 2491 κζ’

1275 2469 1431 2522 quoslibet,
1448 2484 1479 2514 ὃς
1492 2493 1617 2522 amicos,
1635 2492 1725 2514 motas
1739 2484 1957 2528 quomodolibet
1971 2485 2016 2514 vel
2032 2485 2174 2525 subortas,
2347 2487 2390 2538 ¹4·
2404 2502 2430 2530 A·
2472 2484 2482 2492 ⁹

1310 2523 1328 2541 ³*
1350 2522 1548 2560 interponere,
1565 2531 1596 2552 ut
1607 2530 1752 2560 tenemur,
1771 2522 1917 2553 efficacnis
1932 2532 2022 2560 partes
2034 2523 2159 2563 nostras,

1308 2559 1336 2589 V
1338 2561 1506 2590 enerabilem
1522 2559 1634 2589 Patrem
1648 2559 1701 2589 W.
1721 2560 1945 2591 Coventrensem
1960 2562 1994 2592 &
2013 2562 2240 2594 Lichfeldensem
2262 2562 2331 2601 Epi-

1273 2598 1393 2636 scopum
1406 2598 1624 2629 Thesaurarium
1643 2598 1790 2635 nostrum,
1810 2599 1846 2628 A.
1865 2598 2015 2629 Comitem
2035 2600 2179 2631 Sabaudiae
2202 2601 2332 2634 Consan-

1274 2638 1408 2674 guineum
1423 2635 1555 2666 nostrum
1569 2636 1742 2666 carissimum
1751 2661 1760 2675 ,
1776 2636 1918 2667 Ottonem
1931 2637 1967 2667 de
1980 2637 2174 2669 Grandiffono
2190 2639 2333 2680 Militem,

1274 2676 1307 2706 &
1320 2675 1482 2715 johannem
1495 2674 1531 2704 de
1544 2673 1699 2713 Berewyco
1715 2674 1898 2706 Canonicum
1921 2674 2071 2716 Eborum,
2089 2677 2183 2708 fideles
2205 2678 2336 2718 nostros,

1275 2714 1308 2744 ὅ(
1322 2723 1427 2757 eorum
1439 2712 1595 2752 quemlibet
1609 2714 1638 2743 in
1650 2713 1770 2744 solidum
1780 2736 1790 2753 ,
1808 2714 1845 2744 ita
1859 2714 1938 2752 quod
1951 2724 2011 2745 nori
2032 2715 2064 2746 sit
2082 2716 2185 2746 melior
2207 2716 2337 2748 conditio

1274 2760 1350 2782 occu
1373 2761 1441 2782 antis

1316 2762 1460 2821 Faldimus>
1476 2790 1510 2821 &
1538 2789 1736 2820 constituimus
1755 2789 1953 2821 Procuratores
1976 2790 2089 2822 nostros
2102 2815 2113 2831 ‚
2144 2793 2177 2824 &
2199 2793 2336 2825 Nuncios

1277 2828 1422 2867 speciales,
1436 2827 1469 2857 ad
1485 2827 1713 2866 procurandum,
1731 2828 1782 2866 ὃς,
1792 2830 1910 2860 nomine
1923 2829 2040 2869 nostro,
2056 2831 2242 2868 optinendum
2257 2832 2336 2870 quod

1278 2868 1401 2906 praefati,
1419 2866 1489 2897 Dux
1511 2868 1544 2898 &
1566 2865 1691 2905 Comes,
1709 2867 1743 2898 ὅτ.
1763 2867 1808 2897 alii
1826 2867 2029 2906 confoederati,
2047 2871 2177 2900 valitores
2198 2872 2231 2901 ὃ(
2251 2872 2338 2901 amici

1277 2905 1387 2943 nostri,
1413 2905 1449 2936 de
1470 2904 1610 2942 praedictis
1632 2905 1863 2936 contentionibus
1877 2930 1887 2943 ,
1913 2907 2013 2945 guerris
2028 2931 2038 2944 ,
2062 2908 2095 2937 &
2117 2906 2276 2947 discordiis,
2302 2910 2337 2940 &

1277 2944 1410 3014 puprglis,
1427 2943 1508 2974 dieto
1527 2942 1644 2981 nostre,
1664 2943 1698 2974 &
1712 2944 1846 2983 arbitrio,
1864 2944 1898 2976 &
1912 2944 2080 2975 ordinationi
2094 2945 2199 2976 nostrae
2217 2947 2338 2978 totaliter

1290 2993 1306 3013 e
1330 2993 1346 3012 u
1369 2988 1493 3012 mittant:

1317 3020 1355 3051 Et
1368 3019 1445 3059 quod
1455 3043 1464 3059 ‚
1478 3020 1550 3061 inter
1566 3017 1680 3049 eosdem
1695 3019 1814 3051 Ducem
1826 3020 1859 3051 &
1872 3020 2024 3052 Comitem
2033 3044 2042 3059 ‚
2058 3031 2092 3052 ac
2105 3023 2176 3053 inter
2188 3022 2255 3054 alios
2268 3033 2340 3055 con-

1280 3059 1447 3096 foederatos,
1473 3057 1628 3095 Valitores,
1654 3058 1689 3089 &
1706 3060 1812 3089 amicos
1836 3059 1946 3089 nostros
1964 3082 1973 3098 ,
2000 3059 2160 3092 sufferentia
2179 3062 2213 3092 &
2233 3069 2339 3102 treugae

1279 3100 1422 3136 ineantur,
1439 3095 1604 3133 firmentur,
1622 3095 1656 3126 &
1671 3096 1762 3127 modo
1775 3096 1873 3127 debito
1888 3098 2075 3137 roborentur,
2094 3100 2128 3131 δε
2148 3098 2266 3130 firmiter
2285 3102 2341 3132 ob-

1279 3137 1440 3172 serventur,
1457 3134 1551 3164 donec
1567 3133 1602 3177 de
1621 3133 1702 3164 dietis
1723 3135 1974 3174 contentionibus,
1992 3138 2114 3176 guerris,
2129 3136 2289 3177 discordiis,
2306 3139 2340 3170 ὃς

1279 3175 1396 3213 querelis
1409 3174 1492 3212 plene
1506 3172 1669 3202 duxerimus
1688 3173 1891 3203 ordinandum:

1318 3213 1450 3243 Necnon
1465 3210 1499 3242 ad
1514 3209 1686 3241 audiendum
1697 3213 1815 3242 rationes
1828 3213 1950 3250 partium
1964 3212 2046 3250 super
2060 3214 2131 3252 hiis,
2149 3215 2182 3246 ὃς
2196 3215 2278 3246 nobis
2295 3225 2341 3245 re-

1280 3251 1429 3282 ferendum
1441 3249 1557 3280 easdem.

1321 3289 1360 3321 Et
1380 3288 1594 3323 nichilominus,
1612 3285 1647 3317 ad
1671 3287 1783 3319 easdem
1805 3291 2020 3327 contentiones,
2033 3298 2157 3329 guerras,
2180 3289 2347 3329 discordias,

1283 3329 1317 3359 &
1342 3328 1465 3367 querelas
1487 3324 1639 3368 sedandaS,
1652 3325 1685 3356 &
1707 3328 1780 3357 inter
1800 3327 1866 3364 ipsas
1886 3337 1975 3366 partes
1998 3338 2099 3366 pacem
2113 3329 2146 3358 &
2159 3327 2345 3360 concordiam

1283 3367 1361 3405 fieri,
1386 3366 1468 3403 iniri,
1483 3365 1516 3395 &
1537 3363 1641 3394 firmari
1663 3365 1894 3404 procurandum,
1909 3368 2028 3397 nomine
2048 3366 2145 3397 nostro
2165 3366 2344 3405 faciendum,

1285 3405 1304 3435 si
1316 3405 1351 3435 ad
1364 3405 1422 3435 hoc
1434 3403 1541 3433 caedem
1559 3410 1663 3440 partes,
1682 3403 1769 3434 nostri
1794 3405 2034 3445 contemplatione
2054 3404 2183 3444 rogatus,
2201 3403 2262 3434 suos
2283 3405 2346 3446 dig-

1284 3448 1387 3475 nentur
1404 3444 1512 3473 animos
1527 3441 1673 3470 inclinare:

1321 3481 1358 3512 Et
1380 3481 1414 3511 ad
1436 3480 1532 3510 omnia
1551 3478 1601 3507 alia
1617 3478 1650 3508 &
1671 3478 1775 3516 singula
1794 3479 1975 3519 faciendum,
1995 3490 2060 3519 quae
2082 3481 2110 3510 in
2132 3479 2296 3520 praemiss‘is,
2311 3481 2345 3513 δε

1285 3529 1385 3551 eorum
1405 3517 1532 3557 quolibet
1551 3516 1654 3547 fuerint
1673 3526 1832 3556 oportuna,
1849 3519 1882 3549 δε
1897 3529 1961 3557 quae
1976 3528 2027 3550 nos
2042 3518 2134 3549 facere
2149 3518 2306 3559 poffemus,
2325 3519 2345 3550 fi

1286 3558 1492 3596 praesentialiter
1506 3555 1712 3585 interessemus:

1325 3596 1433 3626 Ratum
1448 3594 1565 3624 habituri
1577 3594 1610 3624 &
1625 3602 1736 3630 gratum
1752 3594 1886 3632 quicquid
1902 3604 1952 3632 per
1968 3594 2132 3633 praedictos,
2151 3594 2345 3635 Episcopum,

1288 3634 1456 3670 Comitem,
1475 3631 1610 3669 militem,
1628 3633 1662 3662 ὃς
1677 3631 1881 3671 Canonicum,
1898 3635 1932 3663 &
1945 3634 2100 3671 quemlibet
2116 3643 2216 3664 eorum
2230 3635 2260 3664 in
2281 3634 2344 3665 soli-

1288 3673 1376 3711 dum,
1394 3670 1596 3739 factum&fuerit
1611 3670 1642 3700 in
1657 3669 1823 3709 praemiffis,
1841 3672 1875 3703 δε
1888 3671 2002 3710 singulis
2015 3671 2232 3710 praemifforum.

1328 3712 1363 3742 In
1379 3711 1473 3748 cujus,
1524 3717 1550 3737 c-

2348 2542 2363 2558 ⁸*
2374 2542 2479 2576 ll.757.

1329 3787 1396 3819 Dat.
1415 3783 1487 3825 apud
1502 3782 1555 3822 Ely
1571 3790 1618 3812 12.
1635 3782 1683 3814 die
1695 3781 1845 3815 Februarii.

1330 3867 1347 3894 Ι
1352 3861 1408 3893 ΤΕ
1419 3863 1468 3899 M,
1485 3859 1590 3890 habent
1602 3858 1676 3889 aliud
1691 3862 1934 3899 procuratorium,
1953 3861 2004 3892 sub
2017 3860 2121 3892 eisdem
2133 3861 2226 3893 verbis
2257 3862 2291 3893 δε
2303 3861 2350 3892 esi-=

1292 3903 1360 3933 dem
1380 3900 1444 3930 data
1491 3908 1543 3939 pro
1565 3896 1688 3941 sedandis
1708 3898 1872 3938 discordiis,
1892 3901 1965 3930 inter
1988 3898 2137 3931 Comitem
2155 3885 2292 3931 Flandriae
2314 3901 2347 3931 &

1293 3940 1446 3971 Comitem
1458 3922 1635 3975 haynoniae,
1653 3935 1715 3971 ὠς.
1733 3944 1764 3967 ut
1770 3937 1864 3977 fiepra.

1333 4019 1351 4046 Ι
1357 4016 1413 4045 ΤΕ
1424 4016 1478 4051 M,
1493 4012 1598 4043 habent
1609 4011 1684 4042 aliud
1698 4014 1938 4053 procuratorium,
1960 4014 2011 4045 sub
2027 4013 2129 4046 eisde'm
2140 4015 2233 4048 verbis
2253 4014 2287 4045 &
2303 4012 2351 4044 da*

1296 4054 1342 4092 tii,
1360 4064 1412 4092 pro
1426 4052 1549 4096 sedandis
1563 4049 1726 4090 discordiis,
1743 4053 1815 4085 inter
1827 4051 1978 4086 Comitem
1991 4052 2129 4087 Flandriae
2149 4054 2184 4085 δε
2203 4051 2353 4083 Comitem

1298 4090 1478 4129 Houandiae,
1495 4087 1556 4125 &a
1573 4096 1605 4120 ut
1615 4086 1707 4128 fispra.

2218 4158 2297 4189 ITE
2306 4157 2357 4194 M,
