2570 4261
56 1193 163 1220 ’ΣΕ.1.

246 112 326 153 204.

96 177 172 208 ΑΠΙἾ·
184 175 224 208 D-
242 186 349 224 tigerit,
367 192 435 214 tunc
449 182 535 222 ἰρΓος,
552 189 691 225 unacum
705 181 779 212 dieta
794 182 931 225 pecunia,
945 181 1083 226 arrestari,
1099 182 1133 213 &
1152 183 1228 214 salvo
1241 194 1304 215 cus-

118 217 200 245 1282·
241 224 323 255 todiri
338 222 458 259 faciatis,
476 220 569 250 donec
583 219 657 250 ahud
671 218 737 249 inde
748 223 764 250 a
779 220 861 250 nobis
877 221 1026 251 habueritis
1037 231 1068 250 in
1083 222 1226 253 mandatis.

94 257 162 282 Edv.
183 263 207 283 ¹·
278 297 366 329 Teste
383 297 467 336 Rege
480 294 554 335 apud
568 294 722 326 Hertlebir.
744 304 792 337 24.
810 296 856 326 die
869 295 950 327 Maii.

279 373 316 404 Et
336 372 500 403 mandatum
514 371 555 402 est
574 370 678 410 Maiori
694 373 728 404 &
750 371 976 404 vicecomitibus
988 373 1126 405 London.
1140 374 1218 414 quod
1235 374 1308 405 inhi-

394 421 418 440 c.

242 413 349 480 bezffith
359 412 434 486 {tuos
443 471 452 487 ,
469 449 618 490 pecuniam
627 472 638 488 ,
655 448 692 479 de
705 448 780 480 dieta
792 449 902 480 decima
914 451 1143 489 provenientem,
1161 459 1236 483 extra
1243 450 1304 482 dic-

240 496 301 518 tum
322 487 456 526 Regnum
478 487 584 517 deferre
604 487 730 519 volentes
743 511 754 527 ,
771 489 890 518 inveniri
907 490 1074 529 contigerit,
1091 499 1160 520 tunc
1175 489 1248 529 ipsos
1262 499 1306 520 ar-

239 525 331 556 restari
346 525 461 564 faciant,
480 526 540 556 &c.
556 534 587 557 ut
601 525 688 565 supra.

271 601 344 632 Item
360 601 521 632 mandatum
538 602 580 632 est
593 602 737 642 Stephano
753 603 788 634 de
801 602 970 634 Penecestre
985 603 1097 634 custodi
1104 604 1306 644 quinquePor-

236 648 317 670 tuum
333 663 343 679 ,
362 640 439 678 quod
458 642 488 670 in
504 641 606 672 eisdem
622 641 765 672 Portubus
781 642 916 681 explorari
931 642 1013 672 faciat
1026 643 1045 672 si
1060 644 1108 682 qui
1120 644 1227 674 ibidem
1246 643 1308 674 fue-

236 680 319 722 rintl,
347 680 395 717 qui
414 678 574 717 hujusmodi
597 681 747 718 pecuniam
769 688 843 710 extra
864 681 976 711 <linitum
989 680 1124 720 Regnum
1137 682 1238 713 deferri
1252 692 1306 713 vo-

284 727 305 746 sl
344 728 349 734 '

235 717 431 795 lueIitntsi’quos
448 755 512 787 tales
528 756 649 788 inveniri
666 757 831 796 contigerit,
851 767 899 788 eos
913 757 1036 788 arrestari
1050 758 1084 789 &
1094 758 1170 791 salvo
1182 758 1308 790 custodi-

238 795 260 824 ri
276 794 357 824 faciat
374 795 433 824 &c.

270 868 360 901 Teste
373 879 405 901 ut
420 870 506 909 supra.

467 997 513 1028 De
535 997 725 1029 Francorum
744 1000 776 1029 in
793 997 899 1030 Sicilia
917 999 1059 1042 occisione.

89 1076 166 1108 Ann.
181 1074 225 1106 D.
238 1080 464 1142 ILlustriffimo
478 1081 512 1113 ὃς
524 1080 762 1112 Vid‘toriofiffimo
774 1081 915 1121 Principi,
926 1083 1060 1115 Domino
1074 1083 1218 1115 Edwardo
1243 1084 1303 1116 Dei

111 1116 193 1145 1282.
287 1121 369 1159 gratia
383 1142 393 1158 ,
411 1119 487 1158 Regi
508 1120 620 1160 Angliae
633 1143 643 1159 ,
662 1120 815 1152 Ferrandus
834 1122 903 1152 filius
926 1123 1011 1154 bonae
1025 1124 1173 1154 memoriae
1186 1146 1197 1162 ,
1215 1108 1304 1164 Regis

241 1157 421 1197 Arragonum
432 1181 441 1195 ‚
456 1159 561 1190 humile
573 1168 710 1190 manuum
722 1161 954 1190 osculamentum.

276 1196 452 1227 Sereniffime
474 1197 602 1239 Domine
615 1221 625 1235 ,
644 1197 681 1228 de
703 1198 791 1229 vestra
813 1199 960 1239 magnifica
983 1200 1142 1231 liberalitate
1157 1200 1305 1232 confidens

86 1234 127 1257 Ex
137 1235 206 1275 Buri·
241 1235 303 1265 talia
318 1234 415 1265 vestrae
431 1234 595 1267 Cellitudini
609 1236 761 1276 supplicare
775 1237 933 1277 praesumo,
951 1248 1016 1277 quae
1029 1240 1100 1270 meis
1111 1240 1216 1270 meritis
1229 1249 1302 1280 prae-

86 1268 134 1296 del.
151 1273 221 1312 l-Jte·
244 1273 352 1304 sumere
366 1284 425 1304 non
439 1274 587 1312 auderem,

85 1316 139 1350 rar,
154 1314 187 1351 ζῦ-
278 1312 359 1343 Hinc
378 1312 418 1342 est
440 1313 517 1350 quod
531 1322 601 1343 cum
622 1312 787 1344 Bertrandus
802 1314 838 1344 de
858 1314 983 1346 Cresuels
996 1339 1005 1354 ‚
1024 1315 1166 1355 Burgensis
1181 1315 1306 1348 Montis-

85 1348 188 1389 Pfflssff-
237 1351 370 1388 pessulani
383 1373 391 1386 ,
408 1350 487 1381 usum
508 1352 651 1382 mercandi
675 1353 703 1382 in
719 1353 840 1390 partibus
860 1353 954 1393 Regni
978 1354 1060 1385 vestri
1076 1363 1203 1386 exerceat
1221 1356 1231 1393 (
1241 1357 1306 1395 cui,

85 1392 148 1409 ΜΨ
163 1393 189 1410 ¹⁷¹
235 1389 287 1418 suis
303 1390 405 1418 meritis
420 1389 453 1419 &
472 1390 550 1429 ipsius
570 1390 707 1458 probitate
724 1391 890 1423 multimoda
905 1415 915 1431 ,
934 1393 985 1424 sim
997 1393 1184 1431 multipliciter
1196 1394 1306 1434 obliga-

84 1423 162 1447 Turre
172 1425 220 1451 Ἀ·
234 1428 294 1464 tus)
316 1427 414 1458 vestrae
430 1428 528 1466 Regiae
545 1428 570 1458 N
584 1428 686 1467 ajestati
700 1429 841 1460 humiliter
856 1430 999 1471 supplico,
1018 1440 1154 1470 quantum
1169 1432 1302 1472 possum,

89 1468 130 1485 ¹0-
146 1463 177 1489 Ε·
197 1470 219 1487 ¹·
234 1467 360 1507 quatinus
379 1466 490 1497 diCtum
512 1466 698 1498 Berrrandum
720 1468 808 1499 velitis
822 1468 922 1499 habere
935 1492 944 1508 ,
962 1471 1203 1508 contemplatione
1225 1473 1301 1511 mei,

231 1504 338 1544 speciali
354 1505 447 1543 gratiae
463 1505 707 1536 commendatum.
751 1504 762 1516 “

267 1543 335 1574 Scio
355 1543 433 1573 enirn
454 1542 546 1582 ipsum
566 1543 621 1574 esse
640 1544 741 1582 talem,
761 1544 837 1583 quod
851 1546 882 1576 in
898 1545 950 1576 hiis
963 1556 1027 1586 quae
1045 1546 1145 1578 vestrae
1156 1546 1301 1581 Domina-

230 1582 299 1612 tioni
316 1581 484 1620 placuerint,
502 1583 651 1614 conabitur
666 1583 722 1612 esse
735 1592 834 1622 gratus.

268 1620 396 1657 Adhaec,
417 1619 566 1660 Domine,
584 1623 734 1659 noveritis,
751 1622 828 1660 quod
846 1622 963 1653 intellexi
989 1633 1042 1660 pro
1061 1631 1140 1654 certo
1159 1625 1174 1654 Ξι
1189 1626 1302 1664 quibus-

228 1658 293 1688 dam
318 1658 527 1689 Mercatoribus
542 1682 552 1697 ,
568 1661 616 1700 qui
639 1660 675 1690 de
692 1670 770 1702 novo
785 1670 922 1691 venerunt
937 1661 973 1691 de
995 1660 1081 1693 Curia
1097 1685 1106 1701 ,
1125 1663 1201 1700 quod
1223 1663 1299 1703 Papa

229 1707 280 1735 pro
295 1706 374 1728 certo
388 1699 417 1728 in
434 1698 514 1728 brevi
532 1700 626 1729 veniet
642 1698 795 1729 Marliliam
812 1710 821 1736 ς
839 1701 887 1737 qui
904 1701 988 1730 etiam
1006 1710 1057 1738 pro
1071 1711 1151 1731 certo
1170 1702 1300 1735 dixerunt

228 1737 298 1766 mihi
316 1735 391 1775 quod
412 1745 437 1774 5.
457 1734 594 1767 Civitates
617 1736 722 1767 Siciliae
746 1738 947 1768 insurrexerunt
968 1747 1067 1770 contra
1080 1739 1193 1780 Regem
1207 1740 1300 1773 Caro-

225 1774 285 1804 lum
295 1797 303 1811 ‚
323 1776 356 1805 &
370 1774 567 1806 iuterfecerunt
580 1785 681 1806 omnes
695 1775 837 1814 Gallicos,
856 1777 1009 1809 habitantes
1022 1778 1052 1808 in
1065 1779 1112 1810 eis.

265 1812 328 1842 Alia
345 1822 404 1843 non
419 1823 561 1844 narrantur
578 1813 692 1844 Parisius
703 1814 788 1854 digna
804 1815 905 1845 referri.

87 1158 139 1182 An.
155 1162 197 1182 ιο.

81 1895 213 1926 ⁰11.202.
267 1891 282 1907 ⁸*
303 1889 403 1929 Vigeat
419 1891 475 1921 vita
487 1889 577 1921 vestra
593 1891 622 1921 ’in
637 1891 721 1930 gratia
735 1890 836 1921 summi
852 1889 947 1930 Regis.

260 1965 329 1997 Dat.
345 1965 460 1998 Parisius
476 1975 501 2005 7.
523 1965 642 1998 Kalend.
654 1966 743 2006 junii.

264 2041 296 2072 In
314 2041 412 2073 Dorso
421 2066 431 2081 ,

262 2118 448 2151 Illustriffimo
463 2120 496 2150 &
513 2118 750 2152 Victoriosiffimo
763 2119 889 2160 Principi
905 2121 1040 2154 Domino
1053 2123 1130 2164 Regi
1148 2123 1267 2165 Angliae.

254 2245 304 2278 De
320 2242 418 2289 officiis
434 2242 549 2276 divinis
565 2254 693 2290 tempore
706 2244 856 2291 generalis
875 2246 1027 2281 interdifli
1042 2252 1074 2281 in
1089 2248 1274 2293 Monasterio

507 2293 618 2326 Sannae
632 2294 793 2326 Trinitatis
814 2292 1007 2330 celebrandis.

78 2362 155 2394 Ann.
169 2362 210 2395 D.

228 2377 303 2439 M
314 2377 426 2408 Aitinus
438 2376 613 2419 Episcopus,
633 2379 724 2409 servus
739 2377 883 2410 servorum
899 2379 973 2420 Dei,
992 2379 1114 2413 Dileffls
1129 2382 1204 2415 Filiis

323 2416 414 2446 Priori
436 2417 468 2447 &
488 2415 655 2448 Conventui
678 2416 846 2448 Monasterii
867 2418 979 2450 Sanffitae
1000 2419 1144 2452 Trinitatis
1169 2422 1291 2455 Londo-

227 2457 299 2485 nien.
315 2465 363 2493 per
379 2454 508 2486 Priorem
521 2455 592 2486 soliti
605 2457 768 2496 gubernari,
786 2456 889 2488 ordinis
902 2458 998 2490 Sancti
1014 2459 1161 2499 Augustin.
1177 2461 1290 2494 salutem

225 2495 258 2525 ὅ(
273 2494 466 2532 Apostolicam
481 2494 720 2525 benedietioncm.

264 2532 436 2563 Devotioni's'
466 2532 565 2563 vestrae
594 2533 723 2573 precibus
749 2533 904 2573 benignum
927 2536 1117 2576 impertientes
1137 2538 1289 2580 assensum,

224 2571 389 2602 audioritate
400 2571 481 2600 vobis
493 2571 669 2611 praesentium
687 2570 862 2611 indulgemus
880 2583 909 2604 ut
925 2597 934 2611 ,
950 2584 1017 2604 cum
1033 2576 1160 2615 generale
1180 2576 1290 2610 Civita-

223 2611 257 2640 tis
274 2610 452 2647 Londonien.
466 2610 546 2640 fuerit
558 2609 737 2641 interdiCtum
747 2633 756 2648 ‚
775 2611 854 2641 liceat
869 2614 968 2652 vobis,
985 2616 1119 2645 omnibus
1131 2615 1205 2655 aliis,
1218 2627 1290 2656 prae—

221 2648 312 2679 sertim
331 2649 582 2680 excommunicatis
604 2649 636 2680 &
658 2649 812 2679 interdieiis
830 2651 960 2689 exclusis,
979 2652 1064 2687 januis
1088 2654 1182 2685 clausis
1194 2679 1205 2693 ,
1224 2665 1285 2687 non

220 2687 329 2726 pulsatis
340 2686 509 2726 Campanis,
527 2687 561 2718 &
580 2686 712 2718 submissa
726 2697 800 2717 voce
813 2710 822 2726 ,
841 2690 869 2719 in
883 2689 976 2720 vestro
995 2689 1172 2722 Monasterio
1192 2693 1287 2726 divina

221 2723 316 2755 officia
332 2724 468 2756 celebrare
482 2736 491 2763 3
510 2724 672 2756 dummodo
689 2726 798 2756 caulam
814 2736 873 2757 non
893 2727 1020 2759 dederitis
1038 2729 1189 2762 interdieto
1204 2754 1214 2771 ,
1232 2743 1287 2764 nec

222 2763 250 2794 id
265 2765 344 2794 vobis
357 2766 500 2803 contingat
516 2762 668 2803 specialiter
683 2764 829 2803 interdici3
952 2767 954 2769 ’

261 2802 346 2833 Nulli
361 2811 444 2842 ergo,
463 2801 523 2833 &c.

106 2401 189 2431 1282.

77 2443 128 2468 Aa.
154 2451 195 2469 io.

78 2482 108 2506 E.
132 2488 155 2505 i.

76 2521 117 2544 ‚Ex
133 2520 187 2545 Λιι-

75 2562 140 2593 togr.

257 2877 325 2909 Dat.
337 2878 409 2916 apud
425 2868 541 2909 Urberri
560 2888 683 2910 veterem
701 2881 727 2910 6.
752 2879 871 2911 Kalend.
889 2880 978 2921 Maii,
997 2882 1181 2916 Pontificatus
1194 2886 1285 2918 nostri

222 2926 297 2948 anno
312 2917 444 2948 secundo.
469 2930 472 2931 ⁷

619 2995 673 3026 Sub
678 2994 740 3036 filis
746 2995 838 3034 fi’ricis
847 2995 926 3035 flavi
943 2997 1068 3040 rubeique
1081 2999 1180 3032 coloris.

1182 3079 1281 3086 *—

327 3118 387 3148 Pro
408 3116 592 3161 Monasterio
607 3120 716 3151 Sanffae
731 3122 893 3153 Trinitatis
906 3121 1040 3157 London.
1060 3125 1180 3170 Diocefi

76 3202 153 3233 Ann.
166 3201 206 3233 D.

101 3244 182 3271 1282.

75 3283 128 3306 An.
145 3289 186 3307 io.

227 3199 420 3260 MArtirms
433 3201 604 3242 Episcopus,
619 3203 708 3234 servus
723 3204 866 3236 servorum
880 3206 953 3245 Dei,
971 3207 1092 3239 Dile<sto
1107 3209 1182 3241 Filio

236 3276 240 3280 .
317 3239 419 3270 Abbati
435 3241 470 3271 de
484 3241 526 3271 W
528 3242 665 3281 aletham,
684 3242 863 3275 Londonien.
878 3244 968 3277 Dioc.
981 3246 1093 3278 salutem
1108 3249 1141 3279 δε
1158 3249 1286 3287 Aposto-

224 3276 307 3307 licam
322 3278 558 3310 benedidiionem.

264 3315 415 3353 Qerelam
432 3318 603 3348 diledmrum
621 3319 744 3350 filiorum
760 3319 864 3351 Prioris
883 3323 917 3353 ὃ(
934 3322 1103 3355 Conventus
1118 3324 1286 3358 Monasterii

228 3352 339 3385 Sanerae
351 3356 495 3387 Trinitatis
512 3356 692 3388 Londonien.
707 3368 754 3398 per
770 3358 896 3390 Priorem
911 3361 981 3392 soliti
995 3363 1141 3401 gubernari
1176 3365 1284 3396 ordinis

228 3390 322 3423 Sancti
344 3394 493 3433 Augustini
508 3418 517 3433 ,
535 3397 691 3436 recepimus
707 3410 716 3435 3
733 3398 927 3429 continentem
949 3400 1026 3438 quod
1043 3387 1173 3433 nonnufii
1188 3404 1282 3436 clerici

227 3429 260 3472 ὃς
273 3431 462 3473 ecclesiasticae
484 3433 609 3474 personae
625 3457 634 3472 ,
654 3443 710 3465 tam
726 3436 874 3475 religiosae,
893 3439 977 3477 quam
989 3439 1133 3478 seculares,
1152 3443 1236 3472 etiam
1255 3444 1285 3474 in

223 3466 396 3509 dignitatibus
410 3472 443 3502 &
460 3472 648 3511 personatibus
661 3473 837 3512 constitutae,
855 3485 888 3506 ac
902 3475 1051 3516 Comites,
1069 3477 1189 3510 Batones
1202 3504 1211 3519 ‚
1229 3482 1285 3511 rni-

223 3503 299 3548 liteS‚
317 3509 348 3538 &
361 3510 404 3540 alii
415 3510 478 3540 laici
495 3510 682 3550 Lincoliiien,
700 3511 877 3544 Londonien.
891 3515 925 3545 ὃς
939 3515 1058 3546 Roffen.
1077 3515 1236 3549 Civitatum
1248 3520 1283 3550 ὃ(

260 3553 313 3587 λος.
330 3548 378 3583 qui
390 3557 480 3587 prata,
496 3549 607 3587 pascua,
627 3560 764 3588 nemora,
780 3552 940 3584 molendina
950 3578 958 3592 ,
973 3562 1072 3594 terras,
1111 3556 1283 3596 offeffiones,

225 3580 259 3623 ὃς
279 3581 327 3623 alia
348 3585 425 3616 bona
442 3588 596 3618 immobilia
611 3611 620 3626 ,
637 3588 686 3619 sub
700 3599 794 3619 annuo
806 3590 889 3620 censii
904 3592 949 3622 vel
970 3593 1060 3624 reditu
1073 3617 1083 3632 ,
1098 3604 1113 3624 a
1134 3594 1282 3626 Monaste-

224 3627 268 3661 rio
284 3620 340 3658 ipso
354 3630 446 3666 tenent
459 3637 470 3663 3
484 3626 642 3665 hujusmodi
659 3628 774 3658 censum
789 3628 832 3659 scu
847 3629 983 3660 redditum
1000 3632 1049 3662 fibi
1061 3655 1070 3670 ‚
1089 3641 1188 3664 contra
1203 3633 1280 3672 justi-

222 3663 303 3699 tiam,
324 3660 451 3692 exhibere
464 3673 522 3693 non
537 3673 649 3703 curant,
667 3676 836 3706 quamquam
850 3677 1009 3709 pratorum,
1027 3680 1196 3710 nemorum,
1214 3682 1279 3702 mo-

221 3693 400 3742 lendinorum
441 3709 572 3733 terrarum
587 3728 597 3741 ‚
615 3705 647 3735 ὃς
669 3705 787 3735 aliorum
801 3707 1006 3742 praemifforum
1018 3708 1161 3740 bonorum
1176 3710 1280 3751 poffizs-

222 3731 328 3765 sionem
343 3723 484 3773 pacificam
496 3740 631 3784 habeant,
649 3743 682 3773 &
696 3743 802 3773 fruetus
810 3744 916 3783 integre
929 3748 1085 3786 percipiant
1098 3749 1276 3779 eorumdem:

223 3777 336 3813 propter
349 3774 424 3815 quod
440 3777 554 3811 praefatis
568 3779 655 3810 Priori
671 3782 703 3811 &
719 3782 884 3813 Conventui
898 3793 981 3823 grave
1001 3786 1131 3816 imminet
1147 3786 1277 3827 praejudi-

221 3816 318 3845 cium,
335 3809 368 3838 &
383 3812 473 3842 eidem
488 3814 662 3847 Monasterio
677 3829 736 3849 non
751 3819 898 3851 modicum
910 3822 1125 3854 detrimentum:

259 3844 338 3890 Cum
353 3856 443 3891 autem
454 3860 491 3891 «ex
512 3861 586 3889 parte
605 3857 725 3894 ipsorum
747 3857 849 3888 Prioris
869 3860 904 3890 &
916 3859 1088 3892 Conventus
1099 3862 1134 3892 ad
1149 3859 1274 3891 nostram

219 3884 423 3929 providentiam
437 3889 521 3929 *super
543 3891 598 3921 hoc
621 3894 725 3924 habitus
746 3896 776 3925 sit
794 3898 919 3931 recursus
936 3922 946 3937 ,
970 3899 1129 3931 discretioni
1149 3907 1206 3929 tuae
1226 3907 1276 3938 per

221 3921 374 3958 apostolica
394 3923 489 3968 scripta
508 3929 668 3961 mandamus
688 3934 830 3972 quamnim,
849 3936 868 3966 sl
886 3935 926 3966 est
947 3938 984 3968 ita
999 3961 1009 3976 ,
1023 3938 1115 3968 diebos
1133 3937 1250 3967 clericos
1263 3959 1274 3976 ,

220 3960 345 3998 personas
359 3984 370 3999 ‚
394 3960 522 3994 Comites
534 3986 544 4002 ,
567 3965 685 3999 Bar-ones
698 3992 707 4007 ‚
732 3972 831 4003 milites
843 3995 853 4010 ,
876 3974 910 4004 &
930 3975 1016 4006 laicos
1035 3976 1069 4007 ad
1082 3974 1273 4007 exhibendum

77 3337 116 3381 Eae
131 3339 187 3382 siu·

75 3398 139 3427 ngr.

686 95 1487 145 CONVENTIONES‚

1543 96 1941 151 LiTERAE‚

1342 182 1489 221 praefatum
1505 182 1619 213 censum
1639 184 1672 215 &
1688 184 1828 215 redditum
1847 183 1938 214 Priori
1958 183 1993 214 δε
2007 181 2173 214 Conventui
2186 187 2347 217 memoratis
2359 186 2403 217 in-
2425 185 2502 218 Ann.
2515 185 2564 222 D.

1342 230 1433 261 tegre,
1452 230 1482 252 ut
1495 225 1640 261 tenentur,
1658 224 1817 254 monitione
1830 223 1969 262 praemissa
1983 245 1994 260 ,
2017 232 2066 260 per
2083 222 2226 252 censuram
2240 223 2402 256 ecclesiasti-
2442 226 2526 257 1282.

1344 270 1427 298 cam,
1446 259 1629 299 appellatione
1642 269 1766 297 remota,
1783 262 1888 301 praevia
1902 261 2010 291 ratione
2024 270 2092 291 com
2113 260 2184 291 ellas.
2424 266 2492 294 Edv.
2515 274 2540 294 ι.

1381 297 1498 328 Proviso
1513 308 1550 328 ne
1568 299 1597 328 in
1612 306 1693 329 terras
1709 300 1853 330 distorum
1867 299 2020 329 Comitum
2034 300 2068 330 &
2106 308 2222 330 aronum
2236 309 2406 333 excommu-

1345 337 1492 367 nicationis
1508 336 1553 366 vel
1568 337 1707 368 interdiffi
1725 337 1885 368 sententiam
1901 337 2039 378 proferaS,
2056 337 2107 368 nifi
2121 338 2136 369 a
2154 338 2237 368 nobis
2252 338 2331 378 super
2347 339 2407 371 hoc

1346 375 1509 405 mandatum
1522 377 1656 414 receperis
1670 377 1801 415 speciale,
1819 375 1924 406 Testes
1937 384 2030 406 autem
2044 399 2054 415 ,
2068 377 2117 416 qui
2136 375 2239 407 fuerint
2250 378 2407 416 nominati,

1344 413 1364 443 fi
1381 413 1406 442 se
1420 414 1506 453 gratia
1518 435 1528 450 ,
1543 413 1612 444 odio
1624 437 1634 453 ,
1652 414 1696 444 vel
1712 416 1813 445 timore
1824 415 2026 453 subtraxerint,
2044 416 2159 445 censura
2173 415 2269 454 simili,
2287 416 2407 454 appella-

1344 452 1422 482 tione
1435 451 1569 491 cessante,
1587 452 1740 493 compellas
1755 454 1861 484 veritati
1877 452 2072 484 testimonium
2086 453 2238 493 perhibere.

1381 526 1450 596 Dat?
1468 527 1541 596 apuccll
1561 527 1803 561 Urbemveterem
1826 539 1852 570 3.
1874 530 1960 561 Non.
1979 529 2057 569 Junii
2070 552 2080 568 ,
2111 528 2296 562 Pontificatsis
2315 530 2407 563 nosti-i

1345 575 1421 596 anno
1444 576 1516 598 ecun
1537 576 1565 596 o.

2050 644 2105 675 Sub
2114 643 2164 686 filo
2177 644 2304 681 canabeot

1390 772 1449 802 Pro
1463 767 1562 802 eadem
1581 768 1766 813 Monasterio
1785 798 1795 813 ,
1827 781 1929 804 contra
1949 770 2146 805 Parochianos
2164 772 2274 806 Sanstae
2292 774 2359 806 Ka-

1639 822 1735 851 terinae
1752 822 1789 857 (ῤ’
1807 820 1909 853 Sanffl
1929 819 2104 855 Michaelis.

1346 902 1544 964 MArtinus
1559 903 1732 944 Episcopus,
1751 904 1842 935 servus
1852 905 1995 936 servorum
2007 905 2083 945 Dei,
2102 905 2222 937 Dileeto
2235 905 2293 936 filio
2421 893 2498 926 Ann-
2513 893 2557 929 D:

1356 979 1360 983 ἡ
1445 941 1535 972 Priori
1548 943 1584 972 de
1595 942 1755 983 Cruceroys
1770 966 1780 982 ,
1799 943 1980 975 Londonien.
2002 944 2089 976 Dioc.
2105 945 2218 975 salutem
2230 945 2264 976 &
2277 944 2404 985 Aposto·
2441 934 2525 965 1²82·

1340 978 1428 1010 licam
1441 981 1678 1012 benedidiionem.
1994 1015 1997 1018 Δ
2420 975 2471 1000 An.
2493 983 2537 1003 ¹⁰·

1382 1016 1425 1048 Ex
1436 1028 1513 1063 parte
1528 1020 1698 1050 dilectorum
1712 1019 1849 1051 Filiorum
1987 1019 2088 1051 Prioris
2100 1021 2134 1051 &
2146 1019 2317 1053 Conventus
2328 1021 2402 1053 Mo-
2418 1015 2447 1039 E.
2469 1020 2494 1038 ¹·

1342 1055 1451 1088 nasteni
1465 1058 1577 1089 Sandlxe
1593 1058 1676 1089 Trin.
1693 1058 1875 1089 Londonien.
1908 1069 1936 1089 er
1949 1058 2079 1089 Priorem
2092 1059 2163 1090 soliti
2177 1060 2342 1100 gubernari,
2353 1072 2399 1092 ot-
2417 1053 2457 1076 Ex
2471 1051 2532 1077 ‘4¹⁴‘

1342 1093 1413 1125 dinis
1433 1096 1529 1127 Sanffl
1546 1096 1710 1136 Auoustini,
1728 1099 1809 1128 nobis
1828 1097 1847 1117 *⁸
1866 1109 1882 1128 e
1921 1097 2012 1128 oblata
2025 1097 2133 1134 querela
2175 1098 2252 1136 quod
2266 1099 2334 1129 nulli
2347 1099 2402 1131 Pa·
2417 1097 2481 1122 ὀμ·

1341 1134 1467 1165 rochiani
1482 1135 1577 1166 Sanffi
1591 1121 1687 1166 Meli.
1706 1136 1777 1177 infra
1792 1136 1907 1175 Alegate
1923 1159 1932 1174 ,
1951 1136 1984 1166 &
1998 1135 2109 1166 Sancte
2153 1137 2265 1167 aterinae
2279 1137 2308 1166 in
2322 1138 2404 1169 Atrio
2418 1126 2558 1163 *n·²⁰3⁸-

1342 1172 1423 1211 ipsius
1433 1173 1598 1206 Monasterii
1606 1197 1614 1212 ,
1623 1174 1799 1205 ecclefiarum
1815 1175 1997 1206 Londonien.
2011 1184 2076 1213 quas
2090 1174 2174 1205 iidem
2182 1174 2262 1205 Prior
2275 1175 2309 1206 &
2322 1174 2407 1207 Con-

1345 1220 1445 1242 ventus
1458 1213 1487 1242 in
1502 1214 1630 1253 proprios
1645 1213 1706 1243 usus
1719 1214 1856 1244 canonice
1869 1213 2058 1251 obtinent,de
2071 1214 2250 1252 proventibus
2263 1221 2408 1254 terrarum,

1343 1250 1545 1287 posseffionum
1558 1276 1567 1290 ‚
1593 1260 1722 1283 ortorum
1735 1275 1745 1291 ,
1771 1261 1914 1290 pratorum
1928 1275 1937 1290 ‚
1962 1252 2193 1283 molendinorum
2204 1274 2214 1290 ‚
2232 1253 2409 1285 nutrimentis

1342 1289 1503 1320 animalium
1523 1291 1556 1321 &
1576 1290 1692 1321 aliarum
1716 1300 1808 1321 rerum
1821 1314 1831 1329 ,
1850 1289 1911 1326 &c.
1921 1297 2004 1329 prout
2020 1293 2050 1320 in
2064 1290 2150 1320 Bulla
2166 1298 2307 1329 praeeunte
2327 1290 2407 1332 usqae

1346 1326 1402 1356 haec
1417 1327 1522 1367 verba,
1536 1329 1592 1359 viz.

1382 1364 1461 1396 Cum
1475 1368 1556 1407 igitur
1570 1367 1733 1398 diuturnitas
1745 1369 1879 1407 temporis
1892 1375 2043 1406 peccatum
2057 1378 2118 1399 non
2134 1369 2259 1407 minuat,
2275 1367 2322 1399 sed
2335 1378 2408 1407 aug-

1342 1413 1467 1444 mentet,
1485 1405 1640 1437 discretioni
1655 1415 1728 1445 tuae,
1746 1404 1807 1441 ἶφι.
1822 1415 1854 1436 ut
1866 1410 1896 1437 in
1909 1405 1995 1436 Bulla
2002 1405 2147 1446 fiaperiore.

1378 1479 1447 1512 Dat.
1462 1481 1536 1521 apud
1550 1481 1790 1513 Urbemveterem
1809 1492 1838 1513 2.
1856 1482 2030 1522 Non.Junii
2044 1482 2153 1514 Pontif-
2170 1482 2262 1515 nostri
2276 1494 2355 1516 anno
2368 1484 2408 1517 se-

1345 1520 1451 1551 cunda
2087 1559 2177 1598 Sigillo
2195 1559 2301 1600 avnlfi.

1339 1687 1389 1720 De
1408 1689 1482 1733 Rege
1501 1688 1651 1729 Franciae,
1675 1684 1806 1719 Arbitro
1823 1696 1877 1732 per
1899 1688 2008 1734 Regem
2031 1687 2148 1734 Angliae
2167 1685 2321 1730 constituto
2335 1713 2346 1729 ‚
2372 1689 2406 1720 in

1383 1734 1503 1779 divensis
1521 1732 1720 1781 questionibus
1732 1761 1743 1778 ‚
1770 1738 1848 1767 inter
1862 1735 1956 1781 ipfhm
1968 1738 2005 1773 (ῤ’
2017 1737 2122 1770 Gentes
2128 1735 2205 1781 siras
2220 1737 2404 1783 Aquitania.

1339 1819 1455 1877 REgi
1470 1818 1645 1850 Francorum
1657 1843 1668 1857 ,
1683 1818 1749 1850 Rex
1765 1819 1877 1859 Angliae
1899 1819 2011 1851 salutem
2023 1842 2034 1859 ,
2051 1819 2084 1851 &
2100 1828 2262 1860 perpetuam
2275 1821 2406 1854 volunta·
2419 1814 2497 1846 Arm·
2510 1814 2556 1849 D:

1412 1868 1470 1889 tem
1485 1858 1519 1888 ad
1530 1858 1620 1888 vestra
1637 1859 1808 1896 beneplacita
1820 1859 1854 1890 &
1871 1858 2006 1889 mandata.
2449 1854 2534 1887 1282.

1377 1897 1457 1928 Cum
1478 1896 1594 1927 diversae
1611 1896 1778 1935 quaestiones
1792 1920 1802 1936 ,
1826 1907 1922 1928 coram
1940 1897 2023 1928 vobis
2035 1919 2045 1934 ‚
2068 1897 2141 1928 inter
2160 1907 2213 1928 nos
2224 1920 2234 1935 ,
2258 1897 2291 1929 &
2308 1906 2404 1938 gentes
2419 1896 2474 1922 An.
2491 1904 2535 1923 ¹0·

1339 1936 1445 1967 nostras
1459 1934 1587 1971 Ducatfis
1601 1935 1690 1965 nostri
1706 1935 1905 1974 Acquitanniae
1940 1946 1974 1966 ex
1989 1944 2065 1973 parte
2086 1935 2140 1967 uni
2152 1959 2163 1975 ,
2181 1936 2215 1967 &
2227 1936 2401 1978 Episcopum
2419 1936 2448 1960 Ε·
2473 1942 2496 1960 ¹·

1339 1976 1373 2007 &
1396 1974 1560 2015 Capitulum
1578 1973 1703 2004 Vasaten.
1723 1984 1757 2004 ex
1777 1973 1859 2005 altera
1874 1986 1884 2012 ς
1913 1984 1980 2013 uper
1999 1975 2133 2005 omnibus
2147 1974 2348 2013 quaestionibus
2366 1977 2400 2008 &
2415 1975 2469 1999 ΚΜ·
2493 1970 2554 2009 ναβ-

1338 2015 1465 2053 quaerelis
1489 2012 1628 2059 praediffis
1642 2036 1652 2051 ,
1669 2013 1703 2044 &
1724 2015 1858 2044 omnibus
1872 2013 1928 2044 aliis
1941 2036 1950 2051 ,
1967 2023 2032 2053 quae
2046 2022 2145 2044 coram
2160 2013 2241 2044 vobis
2254 2024 2401 2052 exponen-
2416 2019 2466 2037 con.
2480 2018 2523 2037 ¹0·

1337 2061 1383 2083 tur
1394 2076 1403 2091 ‚
1421 2052 1609 2083 dominationi
1630 2051 1729 2082 vestrae
1748 2052 1882 2082 tractandi
1897 2075 1906 2090 ‚
1924 2052 2093 2090 ordinandi,
2121 2061 2188 2082 com
2209 2053 2315 2084 onendi
2332 2063 2400 2084 cum
2417 2051 2447 2075 Ε·
2470 2056 2496 2075 ¹·

1335 2091 1418 2122 dietis
1432 2091 1574 2129 Episcopo
1587 2090 1620 2121 &
1640 2089 1776 2130 Capitulo
1791 2114 1800 2129 ,
1818 2101 1851 2122 ac
1863 2091 1946 2120 etiam
1961 2090 2110 2121 arbitrandi
2121 2090 2173 2120 alte
2233 2091 2325 2130 basse,
2344 2093 2402 2123 sine
2415 2095 2452 2115 m·
2473 2093 2499 2122 ιτ

1336 2130 1452 2168 strepitu
1467 2131 1500 2161 &
1515 2129 1604 2169 aliqua
1619 2128 1704 2168 figura
1715 2128 1814 2166 judicii
1822 2152 1832 2168 ‚
1852 2129 1900 2159 ubi
1915 2130 1948 2160 &
1961 2129 2074 2169 quando
2088 2129 2171 2160 vobis
2184 2130 2402 2171 placuerit,ple-

1335 2178 1404 2199 nam
1420 2169 1452 2199 &
1467 2169 1581 2198 liberam
1596 2168 1802 2198 committimus
1817 2167 1999 2205 potestatem:

1373 2207 1571 2238 promittentes
1585 2216 1637 2235 nos
1652 2215 1790 2245 perpetuo
1803 2206 1954 2237 servaturos
1967 2205 2099 2250 quicquid
2108 2228 2118 2243 ‚
2135 2215 2185 2244 per
2199 2215 2251 2236 vos
2263 2205 2353 2237 solum
2368 2208 2400 2238 in

1335 2245 1385 2276 hiis
1400 2269 1409 2284 ,
1427 2256 1491 2285 quae
1513 2244 1548 2275 de
1568 2245 1632 2282 jure
1653 2245 1698 2274 vel
1720 2245 1923 2276 consuetudine
1938 2245 2062 2285 poteritis
2077 2256 2085 2282 ·,
2103 2245 2137 2275 δί
2150 2254 2219 2274 cum
2233 2245 2368 2284 assumpta
2386 2246 2403 2276 ὲ

1337 2285 1418 2315 vobis
1440 2284 1491 2315 alia
1515 2288 1630 2321 persona
1647 2282 1829 2314 ecclefiastica
1849 2285 1878 2314 in
1894 2284 1945 2314 hiis
1958 2307 1968 2322 ,
1987 2293 2050 2323 quae
2065 2283 2137 2314 solus
2155 2281 2259 2321 dejure
2271 2284 2316 2315 vel
2330 2294 2402 2315 con-

1336 2323 1477 2354 suetudine
1497 2321 1626 2353 decidere
1647 2331 1707 2351 non
1727 2321 1839 2361 possetis
1854 2335 1864 2361 2,
1883 2324 1961 2360 super
1980 2321 2122 2359 praemissis
2134 2344 2144 2360 ,
2163 2322 2209 2352 vel
2222 2322 2316 2360 aliquo
2331 2333 2404 2362 prae-

1336 2362 1502 2400 missorum,
1520 2359 1697 2398 ordinatum,
1714 2362 1905 2401 compositum
1923 2361 2006 2391 fuerit
2021 2383 2031 2398 ‚
2051 2360 2095 2391 vel
2117 2361 2202 2391 etiam
2219 2360 2402 2399 arbitratum3

1336 2401 1532 2468 renunciante?
1551 2398 1673 2438 expresse
1694 2400 1774 2428 omni
1792 2401 1850 2438 juri
1867 2400 1902 2430 de
1925 2398 2042 2438 persona
2063 2398 2167 2430 incerta
2182 2422 2192 2438 ,
2209 2399 2239 2429 in
2252 2400 2401 2431 arbitrium

1337 2450 1396 2470 non
1411 2440 1508 2469 sumen
1529 2437 1553 2468 zi.
2421 2472 2423 2475 ι

1371 2478 1409 2508 Et
1424 2478 1480 2508 hoc
1497 2476 1597 2507 vestrae
1616 2475 1719 2515 Regiae
1734 2475 1870 2514 Maiestati
1886 2498 1896 2514 ‚
1912 2477 1945 2507 &
1960 2476 2111 2515 omnibus,
2129 2485 2253 2515 quorum
2266 2474 2398 2515 interest,

1332 2517 1377 2550 vel
1392 2515 1520 2548 interesse
1535 2514 1642 2553 potest,
1662 2514 1848 2553 significamus
1863 2524 1911 2553 per
1923 2515 2077 2555 praesentes.

1370 2555 1405 2586 In
1419 2557 1513 2594 cujus,
1532 2556 1594 2586 &c.

1367 2632 1437 2664 Dat.
1455 2631 1528 2673 apud
1539 2630 1681 2662 Cestriam
1697 2632 1722 2662 8.
1738 2631 1785 2661 die
1798 2631 1888 2670 Junii.

1330 2765 1438 2800 Litera
1454 2765 1595 2795 Martino
1609 2765 1692 2808 Papae
1705 2773 1814 2808 quarto
1832 2761 2009 2808 responsbria
2019 2787 2028 2802 ,
2053 2759 2178 2807 designo
2197 2762 2301 2794 Crucis
2316 2762 2395 2808 affisq

1447 2809 1572 2853 mendo,
1595 2814 1632 2849 (ῤ’
1650 2814 1777 2844 termino
1792 2810 1943 2857 generalis
1953 2808 2080 2856 paffagii
2092 2808 2274 2857 praefigendo.

1330 2895 1551 2960 SAnffill‘imo
1569 2897 1601 2927 in
1619 2895 1737 2926 Christo
1758 2894 1834 2926 Patri
1851 2895 1884 2926 &
1899 2893 2032 2925 Domino
2045 2918 2056 2933 ,
2074 2893 2208 2925 Domino
2224 2893 2270 2925 M.
2283 2893 2392 2927 Divinfi
2409 2898 2486 2930 Ann.
2499 2898 2543 2931 D.

1389 2934 1566 2966 Providentia
1579 2958 1589 2973 ,
1612 2934 1801 2965 Sacrosandtae
1826 2933 1970 2964 Romanae
1997 2943 2030 2964 ac
2058 2932 2232 2964 Universalis
2256 2932 2392 2965 Ecclefiae
2435 2939 2520 2969 1282.

1328 2973 1441 3005 summo
1453 2972 1589 3004 Pontifici
1598 2995 1607 3010 ‚
1622 2972 1789 3011 Edwardus,
1805 2972 1865 3003 &c-
1881 2982 1950 3003 cum
1963 2972 2045 3002 omni
2057 2972 2208 3004 reverentia
2223 2971 2256 3003 &
2270 2971 2393 3012 honore,
2407 2980 2458 3005 An.
2476 2987 2519 3005 10.

1328 3012 1435 3054 pedum
1448 3012 1540 3042 oscula
1556 3014 1711 3042 beatorum.
2408 3020 2437 3043 Ε.
2458 3025 2482 3043 1.

1367 3051 1519 3082 Venientes
1533 3051 1566 3080 ad
1582 3050 1754 3090 praesentiam
1767 3048 1894 3079 nostram
1909 3048 2016 3080 Fratres
2029 3048 2226 3081 Getnerius&
2239 3048 2390 3081 Ramerius
2406 3053 2543 3091 clausae?

1330 3090 1367 3121 de
1389 3089 1512 3120 Florent.
1542 3088 1658 3120 Ordinis
1677 3088 1897 3119 Praedicatorum
1910 3111 1920 3126 ‚
1947 3089 2030 3119 nobis
2048 3096 2118 3119 tunc
2135 3088 2280 3127 agentibus
2299 3089 2390 3119 versus
2406 3096 2436 3120 E.
2461 3101 2485 3118 i.

1326 3137 1416 3170 partes
1437 3136 1541 3157 exteras
1559 3129 1637 3167 regni
1658 3126 1747 3157 nostri
1761 3151 1771 3166 ,
1788 3126 1977 3158 Sacroiiinz‘hz
1996 3126 2169 3157 Paternitatis
2187 3125 2288 3157 vestrae
2302 3126 2391 3158 literas
2403 3139 2445 3161 m.
2456 3138 2484 3166 5.
2496 3129 2523 3159 d.

1328 3168 1408 3206 super
1428 3165 1592 3196 assumendo
1613 3165 1755 3196 salutiferae
1777 3164 1878 3195 Crucis
1898 3165 1979 3204 signo
1991 3188 2000 3202 ,
2018 3166 2052 3196 &
2065 3165 2102 3195 de
2115 3164 2233 3195 consilio
2245 3164 2340 3195 vestro
2357 3165 2393 3197 de

1330 3206 1453 3237 termino
1471 3204 1582 3244 passagii
1599 3205 1735 3272 generalis
1755 3204 1788 3234 &
1803 3204 1909 3234 idoneo
1925 3205 1961 3234 ab
1978 3203 2035 3234 hoc
2048 3212 2177 3244 tempore
2192 3203 2394 3244 exprimendo,

1330 3245 1413 3275 nobis
1424 3252 1459 3273 ex
1470 3251 1549 3281 parte
1562 3252 1598 3272 ve
1626 3253 1652 3273 ra
1667 3241 1880 3282 praesentarunt,

1369 3283 1449 3320 Quas
1462 3291 1522 3311 non
1533 3289 1592 3311 tam
1605 3281 1660 3311 latii
1679 3291 1765 3311 manu
1772 3303 1782 3319 ,
1797 3282 1882 3319 quam
1895 3282 1992 3311 animo
2005 3288 2140 3321 prompto
2153 3281 2317 3321 recipientes
2324 3282 2339 3320 ',
2355 3280 2391 3312 &

1330 3321 1366 3352 ad
1384 3331 1427 3351 eas
1449 3319 1596 3350 audiendas
1615 3321 1649 3350 &
1668 3320 1874 3358 intelligendas,
1891 3320 2020 3359 depositis
2033 3319 2153 3350 seorsum
2172 3320 2282 3350 caeteris
2295 3319 2330 3350 &
2347 3318 2392 3349 dr-

1329 3360 1409 3392 versis
1423 3359 1494 3389 curis
1504 3357 1620 3396 nostris,
1636 3367 1695 3388 tota
1707 3359 1861 3389 devotione
1874 3359 2064 3389 convertimus
2077 3365 2204 3388 mentem
2217 3357 2363 3401 nostram..

1365 3398 1418 3437 Et,
1432 3406 1467 3428 ex
1482 3396 1636 3427 eorundem
1652 3407 1745 3428 conce
1765 3405 1796 3427 to
1807 3405 1922 3434 tenore,
1931 3397 2012 3440 ,quasi
2032 3396 2173 3434 cujusdam
2188 3405 2274 3426 novae
2287 3396 2390 3426 laetitiae

1769 3437 1841 3465 imus
1850 3435 1968 3475 amphus
1981 3435 2133 3502 consolatis
2146 3442 2253 3503 puanto
2264 3434 2390 3464 clemen-

2130 3483 2145 3502 e
2156 3485 2165 3503 1

1328 3447 1393 3468 rore
1414 3435 1512 3474 perfusi
1527 3457 1537 3473 ,
1553 3443 1631 3466 tanto
1649 3435 1717 3466 faeti

2166 3482 2211 3503 am
2225 3495 2235 3510 ‚
2259 3471 2388 3502 Matrem

1329 3477 1398 3506 tiam
1417 3473 1613 3514 Apostolicam
1627 3496 1637 3511 ,
1661 3474 1694 3504 &
1716 3473 1848 3505 Sanctam
1868 3473 2035 3504 Romanam
2056 3472 2118 3503 Ecc
2350 3509 2355 3514 ι

1327 3514 1472 3551 nostram,
1488 3521 1551 3551 erga
1565 3512 1710 3548 personam
1724 3512 1847 3543 nostram
1859 3535 1869 3550 ,
1888 3522 1973 3550 quarn
1996 3512 2102 3551 semper
2120 3510 2257 3541 devotam
2268 3516 2388 3553 reperiet

1326 3552 1489 3592 specialioris
1503 3550 1689 3590 praerogativa
1704 3551 1878 3588 dilectionis,
1894 3552 1928 3581 ὅ(
1944 3550 2091 3580 intimioris
2101 3547 2261 3579 affefflonis
2274 3545 2387 3578 viscerl-

1324 3593 1376 3622 bus
1392 3588 1524 3620 affeemm
1542 3588 1598 3618 effe
1610 3612 1620 3627 ,
1637 3589 1856 3620 evidentioribus
1874 3589 1983 3619 indiciis
2004 3596 2086 3618 tenor
2103 3587 2202 3618 docuit
2213 3584 2387 3630 'earundem-3

1324 3638 1378 3667 pro
1396 3636 1512 3666 quarum
1533 3626 1648 3666 quidem
1665 3628 1797 3659 miffione
1814 3628 1931 3668 gratuita
1942 3626 1977 3657 ad
1991 3626 2075 3664 pedes
2088 3624 2263 3663 Apostolicae
2273 3622 2386 3654 Sancoci-

1322 3667 1382 3698 tatis
1402 3675 1469 3696 cum
1490 3666 1570 3694 omni
1587 3666 1743 3697 humilitate
1764 3666 1975 3707 provolvimur,
1991 3665 2025 3695 &
2038 3664 2148 3702 eidem,
2161 3669 2386 3706 quantacumque

1322 3706 1426 3736 scimus
1446 3704 1480 3734 &
1503 3703 1648 3743 possumus
1688 3715 1749 3736 non
1771 3705 1885 3744 indigne
1904 3703 2086 3743 persolvimus
2096 3700 2211 3733 laudum
2224 3709 2384 3740 praecom33

1322 3744 1357 3775 &
1370 3743 1439 3774 ficut
1449 3742 1547 3773 devoti
1561 3742 1625 3782 filii,
1663 3753 1746 3775 evota
1757 3744 1903 3782 adjicimus
1914 3751 2029 3772 munera
2041 3741 2197 3784 gratiarum.
2257 3775 2263 3781 ·

1360 3780 1435 3819 Ipsos
1475 3790 1571 3818 uoque
1585 3781 1681 3813 fratres
1692 3806 1703 3820 ,
1720 3782 1756 3812 N
1757 3783 1856 3812 uncios
1876 3780 1982 3810 vestros
1994 3803 2004 3818 ‚
2020 3788 2091 3817 quos
2103 3787 2132 3807 in
2147 3775 2264 3820 eleganti
2279 3776 2385 3820 erpofi.

1318 3820 1398 3849 tione
1412 3820 1445 3850 δε
1455 3790 1647 3851 Ἄεεὶἃωῐίοῐιε
1658 3819 1801 3851 commiffi
1815 3820 1865 3850 fibi
1880 3818 1992 3849 Nuncii
2005 3813 2222 3859 adeo-providos
2235 3814 2269 3844 &
2283 3815 2386 3847 diicre-

1319 3866 1363 3887 tos
1383 3859 1544 3894 invenimus
1564 3859 1640 3899 quod
1663 3861 1792 3890 animum
1812 3857 1938 3897 Regium
1958 3864 2057 3885 eorum
2077 3851 2222 3897 indudkiva
2248 3853 2384 3890 persuasio

1320 3896 1339 3915 ³*
1355 3897 1476 3926 nimium
1497 3896 1671 3928 confortavit
1705 3897 1798 3936 Regia
1813 3893 1995 3937 mansiienidq
2011 3890 2181 3935 multimode
2199 3892 2384 3925 commenda-

1317 3935 1376 3974 vit,
1393 3935 1427 3965 &
1439 3935 1629 3970 extollendam
1651 3937 1657 3942 '
1687 3944 1775 3967 orum
1794 3933 1972 3974 prudentiam
1983 3941 2012 3962 in
2027 3937 2143 3969 negotio
2155 3929 2216 3970 ipso
2229 3930 2384 3963 vehemen-

1316 3981 1359 4005 ter
1371 3975 1536 4012 acceptavit.
2332 4004 2368 4037 Et

2349 4042 2353 4043 γ
2371 4028 2383 4045 ³

2400 3900 2532 3939 *114042
