2570 4261
684 161 800 205 ET
881 161 1156 204 ACTA

125 333 178 368 De
198 333 324 380 proceffiae
346 336 509 380 imnegotio
534 333 639 366 Sicilia
658 360 668 376 ‚
699 332 778 381 quid
792 333 895 367 astum
913 361 923 376 ‚
955 333 1032 381 quid
1046 332 1179 379 omiffiaem

233 385 298 417 Rex
314 385 446 428 exponit,
474 384 510 419 ὠ·
528 381 708 415 ordinationi
721 386 804 429 Papae
820 386 947 415 remittit
962 386 1074 415 omnia.

0 471 56 502 liin.
70 467 113 500 D.
130 465 171 529 S
181 464 351 498 Anfflffimo
363 463 482 496 Patriae
494 464 627 496 Domino
643 466 816 511 Alexandro,
833 465 890 497 Dei
903 468 1002 507 gratia,
1018 466 1180 498 Sacrosanc-

0 516 74 547 1257

0 589 15 613 l.
38 595 63 622 3.

0 630 92 659 ηιμ.

0 661 114 697 f.3.m.6.

189 512 226 535 m
240 501 381 540 Romanae
394 503 530 534 Ecclesiae
544 504 657 535 summo
670 505 818 543 Pontifim,
834 505 993 545 Henricus,
1007 505 1105 536 eadem
1117 515 1179 546 gra-

0 550 28 575 in.
48 555 95 583 4¹·
128 543 166 573 tia
163 541 266 610 &Rex
279 541 407 582 Angliae‚
418 543 484 586 &0
495 542 596 573 devota
610 543 714 583 pedum
728 543 820 574 oscula
834 544 988 574 beatorum.

199 589 239 611 on
252 604 262 618 ‚
287 580 343 611 fine
356 589 503 620 gratiarum
519 581 630 612 afflone
643 604 654 619 ,
678 591 744 622 quas
765 581 906 613 Sanetimti
921 582 1020 613 vestrae
1036 582 1179 612 referimus

127 617 286 688 &aperitet
299 643 309 658 ,
324 619 344 639 ²*
360 621 431 650 intra
444 628 495 665 nos
506 627 523 649 c
563 620 676 663 stamus,
711 620 804 650 naliter
818 621 899 665 nobis
909 621 948 664 *in
963 620 1103 665 karissimo
1121 620 1179 650 filio

130 666 171 687 no
209 667 229 688 o
243 656 397 688 Edmundo
410 665 525 698 gratiam
568 665 686 696 mentes,
737 667 840 703 egnum
859 659 961 690 Siciliae
976 659 1024 689 sibi
1045 660 1078 690 &
1092 659 1181 689 haere-

0 698 116 727 :cedula-
131 694 213 727 dibus
228 696 279 727 suis
291 694 436 727 liberaliter
456 695 610 726 contulistis
625 720 635 735 ,
658 696 708 727 sub
722 705 803 728 certis
824 697 1034 728 conditionibus
1049 707 1098 735 per
1114 707 1180 736 1108,

7 733 33 766 Ι.
46 737 62 764 6
65 745 79 774 3
87 746 95 764 i
103 756 111 764 .
130 735 228 803 &Pper
240 734 330 774 ipsum
342 733 538 765 inviolabiliter
551 734 736 766 observandis.

188 782 282 812 ropter
293 772 369 812 quod
385 772 454 810 saepe
469 773 502 804 &
516 772 611 810 saepius
624 774 802 804 tractavimus
814 796 824 812 ,
849 781 896 812 ut,
914 774 983 805 sicut
998 773 1176 810 tenebamur,

125 810 206 842 dieto
220 812 336 850 negotio
349 809 535 841 succurrentes
544 833 554 850 ,
570 812 604 843 &
617 811 711 843 debita
725 811 859 843 Ecclefiae
873 812 1058 850 solveremus,
1075 812 1109 842 &
1122 810 1181 842 Ca-

122 850 267 889 pitaneurn
281 857 349 880 cum
365 848 468 880 Militia
483 851 656 889 competenti
669 851 840 881 mitteremus
854 851 977 889 ibidem3

162 886 216 926 Et,
233 888 300 918 licet
314 888 344 918 in
355 886 490 918 solutione
503 887 664 918 debitorum
679 889 849 927 aliquatenus
867 889 898 919 fit
914 887 1072 927 processum
1086 908 1096 924 ,
1119 895 1179 915 non

124 934 220 957 tamen
233 924 267 956 ad
281 926 412 970 plenum,
426 927 503 964 juxta
520 925 685 957 desiderium
707 927 799 957 cordis
821 927 907 958 nostri
922 951 932 965 ,
956 936 1025 958 curn
1040 925 1118 965 super
1131 923 1181 953 de-

122 966 198 995 cima
211 965 244 995 &
258 964 314 995 aliis
325 965 415 1004 gratiis
429 965 510 995 nobis
522 964 557 994 ab
574 965 602 995 A
622 965 740 996 ostolica
752 964 814 996 sede
825 965 979 1003 concessis,
997 963 1097 995 multas
1110 971 1182 992 con-

121 1002 299 1034 tradiffiones
313 1012 362 1040 per
376 1001 505 1034 Praelatos
526 1004 560 1034 &
573 1002 692 1035 Cerum
712 1004 807 1044 Regni
828 1003 916 1035 nostri
936 1003 1128 1040 habuerimus,
1147 1001 1181 1031 ὃς

123 1038 217 1071 adhuc
231 1041 394 1072 incessanter
409 1041 562 1080 habemus3

162 1076 218 1110 Sed
231 1079 374 1111 nec'circa
388 1079 574 1120 Capitaneum
595 1080 791 1112 destInandum
813 1080 974 1112 intentionis
990 1078 1094 1109 nostrae
1113 1077 1182 1108 defi-

125 1117 236 1149 derium
250 1118 382 1149 hactenus
394 1120 537 1159 potuimus
552 1118 702 1157 adimplere
711 1143 719 1158 ,
735 1128 796 1150 tum
811 1121 876 1157 quia
888 1117 1040 1149 secundum
1054 1125 1182 1147 tenorem

126 1156 324 1187 conditionum
333 1180 342 1195 ,
359 1158 388 1187 iri
403 1156 497 1189 vestro
510 1157 658 1197 privilegio
673 1165 870 1189 contentarum
883 1180 894 1197 ,
912 1157 987 1196 prius
1001 1155 1036 1187 ad
1051 1155 1184 1187 solvenda

128 1195 252 1230 universa
264 1196 357 1227 debita
370 1195 503 1226 Ecclefiae
515 1196 696 1226 arctabamur.
1054 1231 1060 1237 ι

163 1232 202 1264 Et
221 1243 289 1265 cum
311 1235 396 1265 etiam
414 1234 471 1265 hoc
492 1244 552 1264 non
571 1233 716 1272 obstante,
734 1233 769 1264 de
788 1233 878 1264 vestra
891 1230 1077 1275 misericordia
1091 1230 1183 1262 confi-

127 1271 241 1310 dentes,
258 1282 364 1311 nuper,
382 1272 452 1303 sicut
467 1282 515 1310 per
528 1272 717 1303 venerabilem
724 1271 835 1302 Patrem
845 1270 1096 1313 Archiepiscopum
1106 1268 1185 1300 Mes-

128 1310 183 1340 Em.
198 1311 280 1341 vobis
294 1311 448 1349 scribimus,
467 1310 692 1340 ordinavissemus
712 1310 839 1340 nobilem
853 1311 948 1341 virum
962 1309 1125 1339 Dominum
1139 1308 1181 1338 H.

129 1348 166 1378 de
179 1347 298 1380 Castella
312 1349 425 1379 fratrem
445 1347 553 1379 illustris
574 1347 661 1388 Regis
683 1347 815 1378 Castellae
828 1371 838 1387 ,
864 1348 898 1379 ad
918 1355 1007 1390 partes
1029 1346 1086 1377 illas
1099 1354 1186 1377 trans-

131 1388 255 1426 mittere,
271 1397 340 1418 cum
354 1395 453 1427 magna
463 1387 590 1424 pecuniae
603 1387 772 1427 quantitate,
788 1386 945 1426 supervenit
958 1396 987 1416 in
1001 1385 1108 1425 Regno
1122 1395 1187 1416 nos-

131 1432 176 1456 tro
190 1426 319 1465 quaedam
330 1433 442 1465 repente
456 1425 595 1462 turbatio,
611 1424 760 1464 videlicet,

169 1465 260 1504 Qod
274 1463 444 1502 Wallenses,
461 1464 510 1502 qui
523 1463 605 1494 nobis
625 1464 658 1495 &
693 1463 896 1504 rogenitoribus
917 1461 1018 1493 nostris
1037 1461 1107 1493 olim
1123 1462 1186 1494 sub-

130 1502 196 1540 jeffi
209 1512 242 1532 ac
256 1502 353 1533 devoti
366 1502 442 1532 fuere
456 1525 466 1540 ,
489 1502 613 1542 maligno
631 1501 669 1532 du
701 1503 709 1532 i
729 1503 823 1542 spiritu
837 1524 846 1539 ,
871 1508 968 1531 contra
990 1510 1042 1532 nos
1056 1502 1188 1531 rebellare

131 1540 323 1609 damnabiliter
335 1541 526 1581 praesumentes
541 1563 551 1579 ,
573 1539 736 1571 hominibus
750 1540 851 1572 nostris
865 1540 899 1571 &
917 1539 994 1571 terris
1010 1539 1112 1570 damna
1126 1540 1187 1580 plu-

130 1588 201 1609 rima
213 1587 274 1609 mtu
285 1587 372 1610 erunt.

167 1615 226 1648 Cui
241 1618 346 1648 morbo
360 1625 418 1648 tam
432 1616 569 1658 pestilenti
579 1617 694 1648 obviare
706 1616 845 1655 volentes,
864 1623 961 1648 contra
973 1616 1064 1648 didros
1074 1616 1188 1647 rebelles

132 1655 163 1685 in
177 1665 262 1686 manu
275 1657 340 1687 forti
353 1657 545 1696 accingimur,
561 1654 668 1695 pestem
682 1663 739 1686 tam
755 1655 917 1686 damnosam
931 1679 940 1694 ‚
964 1663 1079 1694 tamque
1098 1656 1188 1687 detes—

132 1694 248 1725 tabilem
259 1703 333 1726 extra
347 1695 480 1724 terminos
493 1694 590 1733 Regni
602 1693 692 1724 nostri
705 1693 849 1724 eliminare
862 1694 1001 1724 volentes:

169 1731 289 1771 Propter
303 1732 380 1770 quod
395 1755 405 1770 ,
427 1732 480 1762 hac
495 1731 605 1769 aestate,
623 1732 692 1763 sicut
713 1731 828 1762 firmiter
843 1732 1023 1764 credebamus
1035 1757 1046 1771 ,
1071 1731 1187 1771 Capita-

133 1779 219 1802 neum
232 1771 263 1801 i'n
276 1770 412 1810 Regnum
427 1770 536 1810 Apuliae
551 1771 662 1801 mittere
675 1780 735 1801 non
746 1771 877 1803 valemus.

170 1807 316 1840 Caeterum
327 1809 390 1849 quia
402 1818 436 1839 ex
449 1817 523 1849 parte
530 1808 664 1840 Ecclesiae
675 1809 832 1848 prosecutio
844 1810 993 1840 memorati
1005 1809 1110 1850 negotii
1120 1818 1189 1839 om-

133 1846 280 1878 nimodam
293 1847 462 1878 celeritatem
472 1847 621 1887 desiderat,
657 1858 702 1878 uae
714 1855 829 1888 propter
839 1857 950 1878 moram
963 1847 1103 1886 nostram,
1120 1847 1189 1878 licet

132 1884 190 1915 sine
205 1885 310 1925 culpi,
334 1887 363 1916 in
381 1895 465 1926 grave
484 1885 617 1917 Ecclesiae
665 1895 777 1916 omanae
798 1887 832 1918 &
848 1885 977 1917 nostrum
993 1886 1188 1926 praejudicium

132 1925 221 1954 eittitit
260 1924 372 1955 rotelata
384 1948 394 1962 ,
420 1923 547 1955 nolentes
569 1924 681 1955 ulterius
693 1961 696 1963 ,
724 1923 779 1955 uod
799 1925 948 1956 occasione
967 1924 1075 1963 nostri,
1104 1926 1188 1964 gratia

132 1971 218 1999 quam
243 1963 305 1993 edes
319 1963 347 1995 A
386 1961 483 1994 stolica
501 1971 535 1993 ex
554 1963 658 1994 sincera
671 1973 687 1994 a
712 1963 823 1994 effione
843 1963 900 1993 filio
920 1962 1019 1994 nostro
1038 1964 1106 1994 fecit
1119 1985 1130 2002 ,
1153 1964 1188 1995 ὃς

133 2010 186 2031 nos
200 2010 234 2031 ex
248 2011 315 2042 pura
352 2002 485 2032 evotione
499 2001 665 2039 suscepimus
679 2024 690 2041 ,
715 2003 746 2032 in
764 2002 901 2033 damnum
916 2001 1050 2033 Ecclesiae
1069 2002 1103 2032 &
1123 2008 1189 2032 nos-

132 2046 209 2069 truin
221 2040 311 2079 posset
324 2040 436 2071 ulterius
450 2040 618 2078 retorqueri,
634 2040 752 2071 dilectos
766 2041 800 2072 &
819 2040 911 2071 fidelos
928 2040 1065 2075 Nunci'os
1079 2039 1190 2071 nostros

131 2077 168 2107 ad
183 2078 301 2109 vestram
314 2077 486 2117 prceffintiam
499 2078 666 2109 destinamus
678 2100 689 2117 ,
711 2079 758 2118 qui
777 2079 857 2118 super
870 2078 941 2111 statu
955 2075 1070 2116 nostro,
1084 2078 1189 2109 volun-

132 2125 202 2155 tate,
220 2127 253 2147 ac
267 2116 402 2158 potestate
415 2115 510 2148 nostra
524 2139 535 2156 ‚
558 2115 660 2148 vestrae
672 2116 842 2149 Clementiae
856 2118 962 2159 plenius
982 2117 1128 2149 veritatem
1140 2126 1189 2148 ex·

176 2163 244 2186 nent
252 2165 259 2184 :

134 2165 257 2233 PoQua,
274 2193 294 2223 fi
307 2192 413 2233 placet,
430 2193 569 2224 intellecta
586 2193 620 2224 ad
636 2193 752 2232 'plenum
765 2217 775 2232 ,
799 2193 834 2225 ad
846 2193 986 2224 honorem
1001 2193 1190 2226 sacrosanetae

133 2230 267 2263 Ecclesiae
281 2231 425 2263 Romanae
447 2232 671 2263 considerationis
682 2232 801 2264 oculum
821 2233 968 2273 dirigentes
981 2256 992 2271 ,
1016 2233 1053 2263 de
1073 2233 1189 2272 praefato

135 2272 252 2310 negotio
265 2270 353 2301 taliter
365 2271 493 2302 ordinare
507 2270 618 2315 velitis,
641 2270 718 2311 quod
743 2281 795 2302 nos
809 2293 820 2310 ,
843 2270 1016 2311 haeredesque
1034 2271 1138 2310 nostri,
1156 2281 1189 2302 ac

133 2316 229 2339 totum
243 2309 379 2349 Regnum
393 2309 505 2349 Angliae
517 2309 669 2340 devotione
688 2309 765 2340 solita
779 2309 912 2341 Ecclefiae
926 2309 1069 2341 Romanae
1081 2310 1189 2348 semper

132 2347 312 2386 obediamus,
330 2357 383 2378 nec
398 2348 545 2378 occasione
558 2347 633 2378 istius
647 2348 770 2388 negotii,
787 2356 822 2378 ex
843 2358 903 2387 quo
917 2347 998 2378 nobis
1011 2348 1100 2379 nullus
1114 2349 1190 2380 fruc-

132 2393 176 2416 tus
189 2386 318 2424 advenit,
334 2386 465 2424 deinceps
479 2386 611 2424 jaCkuram
623 2386 745 2424 aliquam
759 2387 945 2417 incurramus:

172 2423 317 2455 Pensantes
335 2424 410 2462 quod
426 2446 436 2462 ,
460 2424 481 2455 fi
499 2424 535 2455 ad
553 2424 778 2460 prosecutionem
795 2424 870 2455 istius
888 2425 996 2456 nevotii
1009 2425 1060 2455 sub
1078 2424 1190 2456 diversis

135 2463 229 2502 poenis
242 2472 294 2492 nos
305 2462 478 2492 astrinximus
491 2484 502 2500 ‚
523 2460 680 2493 affeetionis
698 2462 733 2493 &
747 2462 906 2493 devotionis
919 2451 1056 2497 sinceritas
1068 2486 1078 2502 ,
1103 2473 1189 2504 quam

1237 162 1716 212 PUBLICA.
2225 190 2277 228 29

1218 257 1364 290 maneant,
1376 252 1414 296 ⁴&
1426 252 1549 285 restituat
1558 254 1690 301 Domino
1697 255 1851 301 Edmundo
1863 257 2015 303 Regnum3
2031 266 2084 299 pro
2093 271 2151 301 quo
2165 264 2268 294 facien-
2284 264 2359 296 Ann.
2375 264 2418 297 D.

1216 288 1255 317 do
1261 311 1272 327 ‚
1291 289 1435 321 Dominus
1447 291 1612 324 Edmundus
1625 303 1742 332 accipiat
1759 295 1899 328 Manfredi
1912 300 1995 330 tiliam
2008 303 2037 330 in
2055 310 2171 332 uxorem
2185 324 2195 340 ‚
2220 303 2266 333 vel
2284 311 2366 341 1257.

1216 325 1263 356 fiat
1277 328 1502 367 matrimonium,
1520 331 1554 361 &
1570 330 1734 363 Manfredus
1747 342 1836 366 teneat
1851 336 1985 377 Regnum
1997 339 2140 378 quousque
2152 340 2187 370 de
2200 348 2266 408 pgo-
2283 348 2346 371 Heri.
2365 352 2390 380 3.

2236 388 2270 410 ex

1217 365 1346 410 ventibus
1359 367 1441 405 ipsius
1456 367 1567 411 Regni,
1585 370 1782 414 solutanuerint
1794 373 1886 405 debita
1900 376 2033 407 Ecclesiae
2048 378 2078 407 in
2090 379 2188 415 quibus

1217 402 1331 443 Angliae
1344 411 1469 443 tenetur,
1487 407 1585 450 qmbus
1599 409 1704 447 lomus,
1722 419 1819 448 praeter
1833 419 1913 444 terras
1947 425 1991 445 uas
2009 424 2071 446 ante
2084 417 2271 453 privationem

1218 441 1293 471 suam
1304 442 1422 473 habebat
1434 466 1444 482 ,
1469 443 1600 476 Domino
1620 445 1774 478 Edmundo
1794 457 1886 481 totum
1901 462 1929 482 re
1956 453 2039 492 ituat,
2058 455 2091 485 ὅ(
2114 454 2206 485 statim
2223 465 2271 486 ca-

1217 488 1279 510 veat
1291 503 1301 519 ,
1327 490 1376 525 per
1395 481 1501 512 obfides
1513 505 1524 520 ‚
1549 484 1582 514 &
1599 493 1647 523 per
1661 486 1841 529 traditionem
1860 489 2059 522 forteliciarum
2078 493 2207 532 suarum,
2234 494 2272 524 de

1218 525 1287 549 tunc
1302 518 1471 550 restituendo
1484 521 1636 560 Regnum,
1654 531 1683 552 ut
1697 523 1805 554 didtum
1819 525 1868 555 est.

1254 557 1284 587 Si
1296 567 1365 588 vero
1379 568 1446 589 cum
1461 558 1614 590 Manfredo
1629 561 1700 591 nulla
1719 564 1889 599 compositio
1907 566 1999 602 potest
2016 564 2075 598 fieri
2090 592 2099 607 ,
2125 578 2180 600 nec
2196 564 2270 608 Papa

1219 596 1279 625 vult
1291 596 1379 627 facere
1392 597 1468 637 quod
1481 598 1598 638 superius
1617 598 1658 628 est
1674 601 1865 640 praemissum,
1881 612 2066 642 componatur
2081 616 2148 638 curn
2169 607 2270 639 Eccle-

1218 634 1253 664 sia
1267 633 1355 665 altero
1367 636 1450 666 trium
1464 636 1631 667 modorum:

1256 673 1346 711 Qod
1355 696 1364 711 ,
1382 674 1401 704 si
1414 674 1535 705 Ecclesia
1547 676 1590 705 alii
1604 675 1729 706 conferat
1744 675 1880 716 Regnum
1894 689 1909 709 a
1923 689 1981 719 quo
1994 680 2091 712 habeat
2105 683 2197 713 debita
2209 681 2253 713 sua
2262 705 2272 721 ,

1218 709 1371 754 restituatur
1379 712 1452 752 Regi
1460 713 1570 752 Angliae
1585 715 1662 752 quod
1674 725 1722 752 per
1736 714 1824 754 ipsum
1838 717 1957 748 solutum
1971 718 2028 758 est,
2046 720 2079 750 &
2094 721 2158 751 Rex
2170 730 2271 752 renunn

1217 757 1273 779 ciet
1284 752 1364 792 omni
1375 752 1429 788 juti
1443 753 1519 791 quod
1533 752 1587 791 ipse
1602 753 1635 783 &
1649 752 1717 783 filius
1732 754 1791 784 suus
1803 754 1905 786 habent
1919 757 1949 786 in
1963 757 2086 797 Regno,

1256 786 1308 816 Vel
1321 790 1339 817 li
1357 789 1510 832 non<detur
1524 790 1659 828 Regnum
1673 792 1770 829 alicui,
1785 800 1831 823 aut
1850 794 1896 823 tali
1915 796 1963 832 qui
1984 806 2044 826 non
2061 796 2146 828 solvat
2163 797 2273 838 debita,

1218 824 1316 868 habeat
1328 825 1449 857 Ecclesia
1462 835 1562 859 terram
1578 830 1712 868 Laboris,
1727 831 1760 860 &
1777 830 1842 861 Rex
1855 832 2009 872 residuum,
2028 836 2065 865 ita
2081 836 2157 872 quod
2170 835 2272 866 Eccle-

1218 863 1253 906 sia
1266 863 1362 894 liberet
1377 864 1488 905 Regem
1503 877 1518 896 a
1529 866 1627 898 debitis
1641 877 1699 898 non
1713 867 1833 899 usurariis
1849 880 1913 907 quae
1926 872 2062 904 debentur
2071 883 2205 911 camerae,
2223 873 2272 904 de-

1219 901 1275 944 bita
1287 911 1355 931 vero
1367 912 1430 941 quae
1441 904 1576 935 debentur
1591 906 1797 936 Mercatoribus
1813 906 1876 937 Rex
1888 910 1990 949 solvat,
2008 911 2052 941 sed
2066 911 2100 941 ad
2121 913 2177 943 hoc
2190 912 2271 942 indu·

1219 948 1274 968 cias
1288 939 1385 984 habeat
1395 941 1487 984 donec
1499 943 1611 984 adeptus
1622 945 1704 974 fuerit
1719 944 1915 981 poss‘effionem
1937 949 2029 987 Regni
2044 950 2147 980 Siciliae
2161 973 2171 987 ,
2192 960 2223 981 ut
2235 951 2273 983 de

1219 985 1337 1015 pecunia
1348 986 1459 1009 interim
1477 981 1505 1010 in
1520 981 1620 1020 Anglia
1632 982 1784 1021 colligenda
1797 992 1922 1021 guerram
1933 986 2014 1017 faciat
2030 996 2128 1018 contra
2141 988 2273 1018 Manfre-

1218 1015 1304 1053 dum,
1323 1025 1376 1046 nec
1389 1024 1617 1061 tamen-teneatur
1628 1020 1662 1050 ad
1675 1021 1768 1050 debita
1779 1021 1823 1051 illa
1837 1022 1966 1054 solvenda
1978 1025 2027 1055 sub
2041 1027 2132 1063 poenis
2142 1026 2193 1056 illis
2203 1028 2266 1066 qui-

1220 1054 1270 1083 bus
1285 1063 1363 1084 nunc
1374 1053 1416 1083 est
1428 1054 1570 1094 asturibus,

1258 1091 1329 1130 Vel,
1348 1091 1367 1122 si
1379 1091 1504 1123 Ecclesia
1518 1104 1576 1124 non
1590 1094 1648 1124 vult
1661 1094 1717 1125 hoc
1737 1094 1826 1125 facere
1841 1119 1850 1133 ‚
1876 1098 1922 1128 fiat
1940 1100 2108 1139 compositio
2122 1124 2132 1139 ,
2153 1110 2184 1132 ut
2195 1101 2275 1132 dein⁴

1218 1132 1286 1170 ‘ceps
1296 1130 1443 1160 occasione
1458 1130 1534 1162 istius
1548 1134 1654 1171 negotii
1662 1132 1803 1163 Dominus
1810 1134 1891 1173 Rex,
1910 1136 2085 1177 haeredesque
2097 1139 2135 1169 sui
2152 1141 2184 1170 ὃς
2194 1141 2274 1178 Reg⁴

1221 1178 1290 1198 num
1303 1168 1414 1209 Angliae
1427 1170 1455 1200 in
1477 1170 1554 1200 nullo
1574 1179 1716 1201 teneantur
1730 1194 1740 1208 ,
1767 1172 1811 1202 sed
1830 1176 1938 1211 penitus
1956 1175 1991 1204 ab
2011 1176 2225 1214 obligationibus
2241 1180 2275 1209 δε

1221 1207 1312 1244 poenis
1327 1208 1378 1238 sint
1389 1208 1467 1238 liberi
1481 1209 1514 1240 ὃς
1530 1210 1668 1239 immunes
1683 1232 1693 1248 ,
1720 1210 1752 1239 &
1772 1213 1866 1249 gratiae
1882 1212 2014 1242 Domino
2027 1214 2118 1252 Regi,
2137 1217 2276 1246 concessa:

1221 1245 1255 1275 ad
1271 1245 1494 1285 prosecutionem
1509 1249 1569 1278 voti
1582 1248 1621 1278 sui
1643 1247 1713 1278 ultra
1728 1257 1802 1279 mare
1816 1272 1825 1286 ,
1849 1251 1877 1279 in
1897 1250 1941 1281 sua
1964 1260 2122 1282 remaneant
2134 1252 2277 1284 firmitate:

1223 1284 1304 1322 Sive,
1323 1284 1343 1314 si
1354 1284 1542 1322 proficiscatur
1557 1286 1626 1317 ultra
1640 1295 1732 1324 mare,
1749 1287 1804 1318 sive
1818 1298 1886 1318 non.

1257 1322 1312 1353 Sed
1326 1324 1423 1353 melius
1434 1323 1558 1363 videtur,
1573 1333 1719 1364 antequam
1732 1324 1783 1356 ista
1795 1327 1891 1357 ultima
1906 1327 1949 1357 via
1963 1325 2024 1367 fiat,
2040 1328 2117 1368 quod
2131 1326 2276 1359 Dominus

1224 1360 1289 1405 Rex
1307 1361 1405 1392 scribat
1423 1362 1557 1393 Domino
1578 1362 1662 1402 Papae
1676 1363 1709 1393 ὃ(
1723 1363 1851 1395 fratribus
1866 1390 1875 1404 ,
1903 1366 2084 1405 significando
2104 1368 2142 1397 eis
2163 1367 2277 1405 qualiter

1223 1399 1296 1430 istud
1308 1401 1453 1440 negotium
1467 1411 1500 1432 ex
1514 1401 1666 1433 devotione
1685 1401 1816 1443 suscepit,
1831 1404 1864 1434 ὃ(
1885 1405 2033 1443 quomodo
2046 1405 2150 1443 semper
2171 1406 2280 1436 fervens

1222 1438 1276 1468 fuit
1288 1438 1322 1469 ad
1336 1441 1482 1478 negotium
1495 1440 1564 1479 pros
1593 1439 1716 1471 uendum
1725 1462 1735 1479 ,
1752 1441 1797 1472 sed
1813 1442 1900 1473 multa
1920 1443 2119 1482 impedimenta
2134 1444 2230 1474 habuit
2244 1450 2280 1474 ex

1223 1484 1299 1517 parte
1312 1477 1355 1508 illa
1364 1500 1373 1516 ,
1391 1478 1425 1508 ἃ
1439 1487 1471 1509 ex
1484 1450 1629 1516 parteeslti.

1261 1515 1343 1558 Nam
1364 1517 1476 1553 quando
1493 1516 1544 1548 ista
1561 1517 1645 1557 gratia
1659 1519 1708 1549 sibi
1728 1518 1800 1549 Fadia
1813 1519 1864 1549 fuit
1878 1542 1888 1557 ,
1912 1526 2006 1550 totum
2021 1520 2157 1560 Regnum
2168 1521 2226 1552 fere
2243 1521 2280 1552 ab

1223 1552 1347 1584 Ecclesia
1361 1555 1521 1595 tenebatur,
1538 1556 1572 1587 &
1586 1557 1679 1594 postea
1692 1558 1749 1589 sine
1763 1557 1843 1597 culpa
1856 1559 1863 1587 i
1894 1558 1935 1588 'ius
1949 1558 1991 1588 est
2004 1561 2146 1591 amilium:

1259 1591 1302 1621 Ex
1316 1600 1391 1629 parte
1405 1592 1472 1632 ista,
1490 1594 1555 1632 quia
1570 1595 1663 1626 habuit
1674 1604 1801 1635 guerram
1817 1598 1845 1626 in
1902 1596 2024 1637 asconia,
2041 1599 2074 1629 &
2087 1607 2164 1629 nunc
2176 1598 2212 1629 de
2226 1606 2280 1629 noa

1222 1640 1262 1662 vo
1276 1630 1428 1662 Wallenses
1441 1641 1539 1663 contra
1554 1634 1563 1662 i
1584 1634 1642 1664 sum
1657 1635 1786 1665 rebellare
1799 1642 1955 1672 coeperunt.
2271 1669 2282 1672 ῃ

1260 1667 1447 1710 Exponatque
1459 1671 1498 1701 eis
1512 1681 1565 1709 qua
1576 1673 1626 1702 iter
1638 1673 1673 1702 de
1689 1682 1768 1704 novo
1780 1673 1920 1703 ordinavit
1932 1681 1963 1704 ut
1974 1696 1984 1712 ,
2007 1672 2043 1703 de
2063 1674 2146 1705 bonis
2159 1673 2209 1706 suis
2216 1698 2226 1714 ,
2245 1673 2279 1705 ad

1223 1707 1299 1738 istius
1319 1709 1426 1750 negotii
1445 1710 1714 1741 consummationem
1731 1734 1742 1750 ,
1765 1713 1882 1748 pecunia
1904 1712 2035 1743 habeatur
2048 1734 2059 1750 ,
2079 1713 2281 1753 &quomodo

1222 1753 1316 1785 gravat
1330 1748 1356 1775 se
1369 1754 1421 1787 pro
1434 1748 1488 1778 isto
1501 1750 1631 1789 negotio,
1651 1751 1855 1789 componendo
1873 1760 1941 1781 cum
1964 1750 2046 1790 Rege
2065 1749 2210 1790 Fi·anciae;
2227 1752 2279 1791 &‚

1223 1784 1361 1816 intellecta
1376 1785 1491 1816 veritate
1502 1786 1581 1824 super
1593 1787 1730 1828 potestate
1741 1790 1749 1817 i
1770 1789 1820 1819 {ius
1842 1788 1928 1828 Regis
1940 1789 2074 1830 fiipponat
2086 1798 2180 1821 totum
2192 1799 2281 1830 nego-

1224 1823 1296 1867 tium
1309 1823 1461 1864 principale
1473 1825 1641 1856 ordinationi
1661 1827 1694 1856 &
1714 1836 1754 1857 vo
1765 1828 1850 1857 untati
1868 1827 1993 1858 Domini
2012 1827 2112 1868 Papae,
2128 1829 2162 1860 &
2180 1827 2281 1859 Cardi-

1222 1861 1326 1906 mlium
1336 1871 1395 1901 ‚ut
1410 1862 1510 1930 '‘iffi-de
1523 1865 1638 1904 negotio
1650 1865 1780 1896 ordinent
1794 1866 1827 1896 &
1841 1866 1988 1906 disponant
2002 1867 2069 1898 sicut
2085 1867 2120 1897 ad
2138 1867 2280 1897 honorem

1222 1899 1298 1938 Dei,
1315 1901 1349 1930 δε
1362 1900 1422 1930 Ecc
1434 1904 1496 1931 eliae
1510 1901 1650 1933 Romanae
1664 1925 1674 1941 ,
1700 1904 1779 1942 ipsius
1798 1903 1884 1943 Regis
1897 1927 1906 1942 ‚
1931 1904 1964 1934 δε
1980 1904 2101 1935 Domini
2117 1904 2280 1945 Edmundi,

1222 1948 1308 2007 guem
1320 1940 1349 1968 in
1362 1939 1496 1979 plerisque
1510 1941 1594 1972 literis
1609 1940 1721 1981 Regem
1736 1942 1836 1974 Siciliae
1855 1951 2040 1982 vocaverunt,
2063 1944 2182 1975 viderint
2198 1953 2282 1982 expe-

1243 1987 1290 2008 ire.

1258 2013 1302 2046 Ex
1316 2015 1374 2047 hoc
1390 2017 1466 2047 enim
1479 2015 1553 2047 forte
1567 2016 1692 2049 Ecclesia
1705 2041 1715 2057 ,
1739 2018 1842 2049 honori
1857 2018 1906 2049 suo
1925 2019 1958 2050 δε
1979 2020 2060 2061 ipsius
2079 2019 2167 2061 Regis
2185 2021 2283 2053 volens

1223 2054 1386 2095 consulere,
1401 2055 1527 2088 tractabit
1541 2065 1610 2087 cum
1623 2056 1755 2088 Domino
1767 2057 1849 2097 Rege
1869 2058 2042 2089 Alemanniae
2062 2060 2097 2090 de
2114 2063 2148 2091 ali
2170 2071 2208 2091 uo
2221 2060 2282 2092 sub-

1224 2093 1294 2124 sidio
1309 2092 1359 2124 fibi
1374 2093 1407 2125 &
1419 2093 1552 2124 Domino
1564 2093 1718 2126 Edmundo
1732 2095 1905 2138 praestand03
1924 2098 1968 2128 vel
1983 2097 2063 2128 detur
2081 2107 2148 2136 pote
2176 2108 2200 2129 as
2213 2099 2282 2137 illis,

1225 2132 1277 2170 qui>
1285 2129 1368 2163 ibunt
1380 2132 1414 2162 ad
1429 2131 1564 2171 Curiam,
1578 2135 1770 2175 componendi
1784 2145 1851 2165 cuin
1865 2135 1990 2166 Ecclesia
2002 2135 2037 2167 de
2051 2136 2181 2169 Consilio
2199 2147 2285 2167 vene-

1225 2169 1352 2214 rabiiium
1367 2169 1482 2215 Parrum
1496 2169 1694 2204 Dominorum
1709 2172 1844 2212 Hugonis
1855 2197 1866 2213 ,
1889 2173 1964 2205 Petri
1975 2172 2098 2217 Capucii
2112 2199 2123 2216 ,
2148 2177 2182 2208 &
2195 2175 2284 2207 Otto-

1224 2209 1295 2239 boni
1312 2207 1514 2240 Cardinalium.

1261 2278 1281 2298 *
1297 2277 1380 2319 Istam
1394 2277 1527 2308 Chartam
1533 2285 1631 2318 petunt
1650 2282 1753 2311 Nuncii
1760 2279 1979 2324 figillarifigillis
1993 2285 2170 2316 Dominarum
2187 2282 2284 2323 Regis,

1224 2318 1364 2348 Edwardi
1376 2314 1414 2353 ό
1427 2318 1575 2348 Edmundi.

1264 2387 1471 2417 memorandum
1484 2411 1494 2425 ,
1517 2388 1588 2428 quod
1601 2387 1658 2418 haec
1674 2394 1765 2421 omnia
1804 2389 1910 2430 firipta
1921 2391 2042 2430 stiperius
2054 2416 2063 2431 ,
2082 2391 2231 2423 irrotulata
2250 2393 2283 2423 de

1224 2423 1299 2463 fallo
1311 2425 1405 2456 Siciliae
1442 2423 1479 2460 ὠ
1490 2427 1619 2456 ordinata
1646 2438 1674 2456 er
1683 2431 1762 2466 Magi
1785 2439 1845 2458 rum
1857 2429 2039 2470 Rustandum,
2056 2442 2114 2461 cum
2127 2435 2228 2469 viginti
2242 2443 2283 2462 ce-

1226 2463 1296 2493 dulis
1310 2463 1380 2493 albis
1391 2449 1429 2499 ὅ»
1443 2468 1536 2493 vacuis
1545 2488 1554 2502 ,
1564 2435 1654 2504 figiſjo
1667 2468 1745 2504 Regis
1758 2466 1880 2506 figillatis
1892 2479 1904 2506 ,-
1931 2468 1969 2505 ό
1980 2471 2038 2500 οέῖο
2057 2469 2151 2501 cedulii·
2169 2474 2283 2509 vacuis,

135 2500 171 2530 ad
185 2499 337 2531 Ecclefiam
350 2500 514 2531 Romanam
528 2508 648 2531 matrem
668 2500 791 2531 nostram
811 2501 917 2541 semper
938 2501 1084 2532 habuimus
1096 2525 1106 2541 ,
1132 2512 1191 2533 non
1218 2501 1307 2543 figillo
1319 2503 1428 2532 Domini
1441 2502 1727 2543 Edwardifigillati55
1749 2503 1788 2540 ῤ’
1802 2506 1887 2535 decem
1900 2506 1995 2537 cedulis
2014 2511 2125 2548 vacuis,
2143 2508 2219 2538 bulla
2232 2519 2284 2538 au-

134 2539 320 2570 emolumenti
333 2539 489 2578 temporalis
502 2538 633 2578 cupiditas
643 2538 699 2569 fuit
712 2540 743 2569 in
755 2539 852 2578 causa,

173 2576 211 2607 Et
226 2577 304 2614 quod
317 2577 405 2614 ultra,
421 2586 490 2607 curn
502 2576 538 2607 de
551 2576 614 2607 sede
633 2576 796 2622 Apostolica
814 2577 978 2617 singularem
990 2577 1190 2609 confidentiam

135 2613 287 2654 habemus,
305 2624 368 2655 quae
381 2615 488 2653 semper
501 2614 583 2645 nobis
599 2613 685 2646 astitit
699 2616 729 2645 in
745 2614 861 2646 adversis
874 2639 884 2655 ,
907 2617 941 2647 &
953 2625 1003 2661 per
1013 2624 1114 2656 quam,
1133 2618 1191 2648 tam

135 2663 154 2684 a
165 2652 282 2693 nostris,
299 2654 383 2692 quam
393 2653 429 2683 ab
442 2654 574 2683 extraneis
586 2652 708 2684 infestati
754 2653 861 2684 alterius
879 2654 981 2685 auxilio
993 2665 1054 2685 nori
1069 2654 1191 2696 suffulti,

136 2691 263 2722 hostium
276 2692 403 2721 versutias
414 2691 545 2722 evasimus
557 2713 569 2729 ,
591 2690 627 2721 de
641 2691 704 2731 ipsis
719 2675 891 2723 laudabiliter
907 2693 1122 2735 triurnphantes,
1139 2694 1193 2725 sta-

138 2738 202 2760 tum
215 2729 344 2760 nostrum
357 2728 534 2767 filiorumque
548 2728 727 2768 nostrorum,
740 2738 774 2761 ac
787 2731 867 2770 ipsius
884 2741 905 2761 n
957 2732 991 2764 tii
1008 2739 1145 2771 quantum
1157 2744 1172 2764 a

77 2804 80 2805 ⁷
135 2770 195 2807 jus,
213 2768 294 2798 nobis
304 2767 435 2807 dictoque
441 2767 595 2798 Edmundo
605 2776 674 2798 nato
685 2767 785 2799 nostro
799 2771 828 2800 in
844 2769 904 2808 ipso
937 2775 1015 2809 egno
1029 2772 1193 2812 quaesitum,

135 2816 170 2837 ac
189 2807 285 2837 omnia
304 2806 354 2836 alia
373 2806 461 2843 ipsum
482 2806 628 2846 negotium
652 2807 841 2846 contingentia
855 2830 866 2846 ,
889 2808 990 2839 vestrae
1012 2808 1193 2850 supponimus

137 2843 350 2882 misericordiae3
366 2844 547 2882 supplicantes
566 2842 716 2875 affeetione
736 2846 941 2886 promptiffima
987 2849 1115 2887 quatinus
1133 2858 1193 2879 nori

136 2882 173 2913 ad
185 2882 354 2914 necessitates
367 2882 536 2921 vestras,sed
550 2883 642 2922 potius
653 2883 688 2914 ad
701 2883 885 2915 devotionem
899 2891 940 2915 no
978 2891 1024 2916 ain
1037 2886 1193 2925 respectum

136 2921 269 2952 habentes
278 2944 288 2960 ,
306 2928 492 2952 memoratum
503 2922 651 2962 negotium
666 2920 722 2952 fine
732 2922 861 2954 laudabili
873 2923 1050 2956 consumetis.

176 2959 245 2990 Nos
255 2959 332 2989 enirn
378 2963 453 2989 amm
465 2958 499 2989 &
511 2967 602 2990 ratum
622 2959 787 2992 habebimus
805 2961 940 3001 quicquid
954 2962 1045 2998 vestra
1058 2963 1195 2997 Clemen-

137 2997 267 3065 {3anng
269 2996 318 3027 Co
349 2997 398 3028 ilio
412 2995 601 3030 cardinalium
613 2997 769 3030 vestrorum
784 3022 795 3039 ,
820 2999 900 3040 super
918 3000 977 3033 hoe
995 3001 1106 3037 duxerit
1118 3006 1195 3037 ordi-

178 3088 267 3141 Teste
282 3110 364 3152 Rege
373 3110 446 3150 apud
456 3110 639 3154 windesore‚
656 3115 792 3147 vicesimo
806 3115 912 3148 octavo
925 3117 972 3149 die
982 3114 1071 3163 Junii.

0 3253 17 3271 ι
32 3251 131 3288 1,632‚
143 3237 164 3260 '⁴‘
175 3236 378 3282 Instrumonos
387 3237 423 3272 de
434 3243 535 3274 variis
543 3239 694 3274 tmstandi
699 3242 796 3277 modis
807 3246 888 3278 circa
901 3245 1066 3292 Negotium
1082 3249 1198 3284 Siciliae.

0 3324 76 3358 Ann.
91 3324 133 3356 D.
148 3321 206 3385 SI
221 3321 343 3353 Domini
355 3322 463 3355 Comes
479 3324 638 3356 Leicestriae
671 3326 706 3358 &
723 3326 756 3359 P.
770 3329 806 3360 de
824 3329 959 3361 sabaudia
972 3331 1072 3362 vadant
1084 3333 1118 3364 ad
1134 3332 1196 3364 Cu-

2 3373 86 3404 1257.

205 3361 290 3405 riam,
309 3362 358 3402 ipsi
371 3362 481 3401 plenam
494 3364 588 3396 secum
600 3349 723 3398 deserent
740 3367 907 3407 potestatem
924 3369 1072 3402 ordinandi
1086 3371 1121 3402 de
1136 3380 1198 3404 toto

0 3407 52 3432 Aa.
67 3412 101 3439 4¹
109 3423 115 3430 .
148 3407 272 3434 nevotio.

0 3446 36 3471 H.
54 3450 79 3478 3·

184 3423 216 3469 §i
227 3439 276 3476 ipsi
290 3447 348 3469 non
367 3438 467 3471 vadant
483 3463 494 3478 ,
519 3440 552 3470 &
570 3440 615 3471 alii
629 3442 842 3475 transmittannir
854 3468 865 3484 ,
889 3445 1034 3479 Dominus
1052 3447 1132 3488 Rex,
1150 3449 1197 3480 filii

0 3479 104 3512 thiam.
147 3474 254 3545 [uie-Iac
267 3485 358 3508 totum
372 3478 452 3515 ipsius
463 3478 611 3509 consilium
624 3480 654 3510 in
665 3479 711 3512 has
725 3482 780 3513 vias
795 3484 989 3525 consentiunt,

220 3523 248 3554 t,
262 3516 282 3546 si
296 3514 422 3554 poffibile
436 3516 536 3561 fuerit,
554 3526 716 3555 procuretur
729 3521 808 3559 quod
827 3522 872 3552 illa
889 3533 990 3563 poena,
1008 3525 1037 3555 in
1052 3525 1198 3563 privilegio

144 3562 251 3599 magno
264 3562 395 3585 contenta
410 3553 525 3599 (seilicet
537 3555 615 3593 quod
650 3557 670 3587 fi
684 3555 748 3588 Rex
767 3569 827 3590 non
843 3560 969 3600 solverit,
988 3563 1032 3593 vel
1047 3574 1106 3594 non
1119 3558 1198 3594 mise-

145 3601 200 3631 nt,
214 3601 260 3623 aut
272 3603 333 3624 non
344 3595 451 3624 venerit
463 3617 474 3633 ,
499 3604 529 3624 in
546 3578 683 3632 potestate
695 3595 774 3627 solius
794 3597 916 3630 Domini
938 3600 1022 3639 Papae
1038 3602 1069 3632 sit
1084 3602 1199 3642 cassare,

146 3631 181 3662 δε
194 3632 313 3672 irritare,
330 3631 363 3663 ὅ(
377 3633 485 3663 irritum
498 3633 629 3663 nunciare
644 3633 722 3671 quod
735 3643 784 3674 per
802 3637 892 3674 ipsum
911 3638 944 3670 &
959 3639 1054 3670 fratres
1067 3640 1128 3670 suos
1136 3642 1199 3672 ›fac-

144 3676 208 3700 tum
220 3670 261 3701 est
273 3670 309 3701 de
329 3672 445 3711 negotio
463 3678 644 3710 memorato,
665 3671 699 3702 &
718 3671 795 3712 quod
809 3675 1008 3708 nichilominus
1024 3679 1087 3709 Rex
1107 3679 1138 3709 sit
1153 3688 1200 3710 ex-

143 3710 388 3748 communicatus,
407 3708 436 3739 R
493 3719 598 3748 umque
612 3708 724 3749 Angliae
736 3711 916 3744 interdictum
941 3715 1054 3747 tollatur
1067 3718 1197 3748 omnino.

182 3746 242 3788 Et,
258 3749 300 3786 fi,
324 3748 416 3788 poenis
433 3749 443 3756 “’
467 3749 487 3779 is
507 3747 616 3779 sublatis
629 3771 640 3786 ‚
663 3748 724 3778 vult
739 3748 884 3782 'Dominus
930 3761 979 3792 apa
999 3754 1200 3795 donationem,

144 3783 250 3828 fastam
269 3786 403 3818 Domino
422 3785 579 3817 Edmundo
600 3796 648 3825 per
670 3785 832 3818 Dominum
853 3788 1051 3823 Innocentium
1063 3818 1072 3832 ,
1097 3796 1131 3824 &
1151 3804 1201 3833 per

145 3821 277 3866 seipsum,
295 3825 414 3862 servare,
433 3825 479 3855 vel
496 3825 532 3856 de
552 3835 631 3856 novo
651 3823 701 3854 sub
713 3824 770 3855 aliis
790 3826 999 3861 conditionibus
1015 3832 1201 3864 tolerabilibus

147 3863 320 3903 concedere,
336 3864 382 3895 vel
394 3863 487 3895 saltem
501 3864 578 3904 quod
592 3863 704 3894 tollatur
719 3872 804 3901 poena
815 3865 973 3908 interdieii,
988 3870 1061 3905 bene
1072 3872 1204 3910 quidem,

148 3897 251 3930 sivero
264 3901 339 3940 Papa
351 3912 406 3934 nec
416 3904 558 3941 antiquam
570 3902 753 3932 donationem
767 3903 829 3934 vult
841 3903 960 3945 servare,
977 3917 1031 3939 nec
1044 3917 1150 3940 novam
1163 3911 1202 3941 fa-

148 3944 231 3979 cere,
246 3940 296 3972 nisi
306 3941 355 3971 sub
373 3941 477 3973 eisdem
497 3942 590 3983 poenis
604 3964 615 3980 ,
636 3949 800 3980 prorogetur
821 3943 954 3975 terminus
966 3968 976 3983 ‚
999 3955 1036 3977 rie
1054 3956 1093 3978 ne
1146 3950 1203 3980 ‘um

148 3983 308 4017 mpetum
322 3987 354 4010 ut
366 3981 495 4019 interim,
512 3989 580 4010 cum
595 3980 739 4009 voluntate
752 3979 888 4011 Ecclefiae
901 4005 911 4021 ,
930 3985 1060 4015 tractetur
1099 3994 1115 4016 e
1133 3996 1203 4027 pace

149 4020 221 4044 inter
234 4013 344 4060 Regem
355 4018 391 4049 &
406 4017 589 4049 Manfredum
603 4029 613 4056 ς
631 4017 760 4048 videlicet
768 4042 778 4057 ,
795 4026 828 4049 ut
843 4018 1015 4063 Principatus
1024 4024 1062 4054 »δε
1075 4025 1136 4055 aliae
1148 4034 1206 4056 ter-

149 4059 204 4090 rae,
218 4061 286 4092 quas
296 4053 373 4086 idem
381 4055 546 4090 Manfredus
560 4057 696 4096 habebat,
712 4065 775 4091 ante
786 4058 974 4098 privationem
984 4061 1080 4102 suam,
1095 4064 1147 4096 fibi
1161 4074 1206 4096 re-

1225 2551 1278 2569 rea-
1287 2540 1411 2579 bullatis,
1442 2540 1475 2569 ub
1489 2545 1593 2571 nomine
1606 2544 1717 2572 Domini
1730 2543 1932 2585 Edmundifilii
1938 2549 2038 2586 liegi5‚
2053 2549 2162 2577 tradita
2163 2546 2284 2586 ficerunt

1227 2577 1350 2608 Artc'ddo
1367 2580 1398 2608 de
1422 2579 1501 2608 anilo
1514 2581 1632 2609 Romal-20
1647 2603 1657 2619 ,
1680 2581 1722 2610 ad
1754 2583 1897 2613 ortandum
1919 2583 2030 2625 Paristis
2049 2586 2166 2615 Domino
2186 2588 2284 2615 comiti

1228 2620 1270 2647 Le
1286 2615 1381 2657 cestriae
1391 2640 1400 2655 ,
1419 2615 1457 2651 <fr
1470 2619 1586 2647 Domino
1600 2620 1632 2647 P.
1648 2619 1682 2648 de
1694 2623 1730 2649 Sa
1750 2621 1834 2650 aridia
1847 2643 1857 2659 ,
1881 2632 1945 2661 quos
1964 2625 2024 2652 Rex
2037 2622 2159 2664 dispofizit
2175 2627 2284 2655 mittere

1227 2667 1245 2685 a
1273 2658 1383 2691 Curiam
1397 2658 1546 2685 Romanam
1555 2664 1604 2694 pro
1632 2658 1694 2686 arlo
1708 2660 1793 2695 Regni
1807 2658 1918 2697 Siciliae5

1253 2696 1313 2731 ‘Ita
1321 2692 1438 2733 scilicet,
1455 2695 1527 2733 quod
1534 2702 1591 2732 prae
1610 2697 1657 2725 iffi
1673 2699 1762 2726 Comes
1774 2694 1812 2732 ῤ’
1829 2699 1926 2729 Petrus
1945 2699 1976 2729 de
1982 2698 2090 2739 firiptis
2104 2699 2176 2739 illis,
2187 2709 2226 2734 ev·
2243 2711 2286 2732 ce-

1228 2731 1297 2762 dalis
1310 2735 1407 2762 vacuis
1419 2731 1573 2772 praedicf't‘is,
1584 2731 1611 2774 fi
1631 2734 1672 2763 ad
1681 2738 1790 2765 Curiam
1811 2738 1962 2767 Romanam
1983 2739 2113 2768 accedant
2126 2762 2136 2778 ,
2160 2740 2285 2770 ordinent

1228 2768 1266 2806 ὠ
1279 2768 1435 2809 dffonant,
1443 2777 1527 2809 prout
1544 2770 1636 2801 honori
1656 2775 1734 2810 Regii·
1753 2771 1791 2809 (θ’
1806 2774 1924 2805 utilitati
1944 2780 2039 2813 negotii
2053 2776 2149 2808 siciliae
2163 2780 2286 2808 viderint

1228 2817 1292 2848 expe
1311 2812 1350 2838 ire
1365 2818 1376 2846 ,-
1392 2806 1418 2850 fi
1437 2816 1528 2838 autem
1541 2811 1666 2848 praediffl
1687 2815 1776 2841 comes
1794 2812 1832 2849 &
1850 2815 1946 2843 Petrus
1957 2815 1998 2844 ad
2008 2818 2118 2845 curiam
2132 2818 2283 2847 Romanam

1228 2851 1267 2877 ire
1281 2843 1429 2884 noluerint,
1445 2857 1530 2876 omnes
1540 2849 1680 2885 praedidlae
1693 2848 1790 2880 cedulae
1803 2861 1898 2882 vacuae
1912 2853 2106 2893 dampnentur,
2122 2853 2160 2888 (ἶς’
2174 2857 2240 2893 Regi
2252 2859 2282 2885 in

1230 2885 1365 2924 Angliam
1381 2884 1607 2924 transmittantur
1667 2896 1727 2917 rout
1746 2892 1775 2918 in
1790 2889 1877 2919 literis
1899 2891 2009 2930 inferius
2029 2891 2199 2931 irrotulatis,
2217 2902 2286 2934 quai·

1231 2927 1291 2970 Rex
1302 2925 1521 2992 pertprajdiaeffum
1535 2911 1630 2955 Arta?
1646 2936 1689 2955 um
1709 2925 1778 2969 mifit
1793 2930 1932 2968 praedic‘iis
1946 2933 2043 2960 Comiti
2061 2928 2100 2965 ὠ·
2114 2932 2215 2971 Petro,
2227 2931 2285 2971 ple-

1230 2974 1290 2994 nius
1302 2974 1347 2993 con
1362 2973 1404 2992 ine
1419 2973 1460 2993 ur.

1233 3087 1283 3119 De
1305 3088 1433 3120 Mimas
1455 3086 1500 3120 ad
1521 3089 1691 3123 Romanam
1718 3092 1844 3125 Curiam
1859 3092 1950 3140 stiper
1966 3098 2077 3141 negotio
2095 3096 2199 3129 Sicilia
2213 3100 2289 3129 mit-

1705 3138 1811 3173 tendis.

1232 3219 1482 3288 RE{-Simoni
1495 3220 1531 3251 de
1546 3220 1746 3269 Monte-forti,
1759 3225 1793 3256 ·&
1806 3224 1890 3257 Petro
1899 3226 1938 3258 de
1950 3227 2084 3272 Sabaudia
2093 3251 2103 3267 ,
2116 3228 2237 3273 salutem.

1360 3269 1415 3290 icet
1428 3261 1573 3300 diligenter
1586 3261 1763 3305 institerimus
1775 3275 1828 3302 pro
1844 3265 1986 3297 Maoistris
2000 3267 2043 3297 N.
2065 3267 2101 3298 de
2121 3267 2283 3307 Plimpton,

1232 3297 1266 3327 &
1276 3296 1406 3334 Jolianne
1418 3298 1524 3336 Clarel,
1542 3300 1687 3330 vobiscum
1702 3303 1842 3334 mittendis
1856 3305 1888 3334 ad
1898 3306 2014 3336 spuriam
2022 3304 2136 3335 Roman
2143 3316 2183 3334 im
2191 3328 2201 3344 ,
2216 3315 2286 3349 neu-

1232 3343 1308 3365 trum
1321 3344 1414 3366 tamen
1428 3338 1566 3377 ipsorum,
1582 3338 1627 3369 seu
1640 3339 1723 3371 alium
1744 3340 1890 3374 Clericum
1903 3342 2038 3374 idoneum
2056 3345 2198 3382 potuimus
2210 3353 2286 3382 opti—

1233 3383 1315 3412 nere,

2299 2294 2435 2336 *12633*

2305 3233 2383 3265 Anni
2395 3232 2439 3266 D.

2305 3282 2390 3313 1257o

2304 3318 2339 3340 A.
2356 3322 2404 3348 4¹·

2303 3356 2340 3380 H.
2360 3360 2385 3388 3.

2301 3393 2359 3417 Pat.
2375 3396 2409 3425 4}

1273 3412 1378 3451 Unde,
1396 3423 1444 3457 per
1459 3413 1594 3459 diled‘mm
1614 3414 1761 3460 Clericum
1779 3418 1912 3450 nostrum
1927 3444 1935 3458 ,
1958 3419 2104 3450 Artaldum
2123 3420 2159 3450 de
2176 3420 2281 3452 saneto
2301 3433 2334 3455 Η,
2347 3424 2443 3464 3·⁷¹-3³

1233 3449 1386 3495 Romano,
1405 3452 1508 3497 diversa
1520 3463 1591 3490 paria
1605 3454 1755 3486 litterarum
1772 3460 1926 3495 patentium
1938 3482 1947 3496 ,
1972 3468 2004 3488 ex
2024 3459 2199 3489 ordinatione
2213 3459 2281 3490 Ma·
2299 3468 2328 3493 421
2337 3465 2411 3493 sche-

1232 3488 1308 3528 gistri
1323 3488 1463 3520 Rostandi
1476 3491 1623 3531 confecta,
1641 3491 1774 3524 Domino
1792 3495 1891 3539 Papio,
1906 3498 1939 3527 ὃς
1958 3495 2150 3527 Cardinalibus
2163 3497 2283 3533 similiter
2305 3503 2377 3533 auli,
2409 3497 2412 3500 ⁴

1233 3529 1362 3558 universis
1376 3529 1557 3568 directarum,
1575 3529 1633 3560 tam
1645 3531 1722 3569 super
1737 3533 1930 3564 melioratione
1948 3535 2146 3565 conditionum
2163 3534 2229 3567 fasti
2242 3537 2287 3568 Si-

1235 3566 1306 3596 cilioe
1355 3568 1439 3605 qnam
1457 3566 1534 3610 super
1545 3571 1755 3601 renunciatione
1772 3571 1891 3609 ejusdem
1912 3572 2006 3612 Regni
2020 3596 2029 3611 ,
2054 3582 2087 3603 eit
2104 3582 2182 3612 parte
2195 3575 2290 3610 nostra

1236 3604 1269 3634 ὅ(
1283 3589 1425 3635 Edmundi
1439 3604 1487 3634 filii
1501 3605 1589 3636 nostri
1603 3608 1743 3647 facienda,
1760 3610 1840 3641 vobis
1852 3612 2003 3650 mittimus,
2020 3613 2073 3642 una
2087 3621 2156 3643 cum
2169 3615 2289 3652 quadam

1235 3644 1410 3682 provisione,
1429 3642 1516 3683 figillo
1531 3643 1629 3676 nostro
1648 3646 1747 3686 signata
1763 3670 1771 3685 ,
1795 3657 1880 3686 quarn
1900 3648 1976 3678 idem
1999 3647 2136 3689 Magister
2155 3651 2234 3693 super
2249 3653 2291 3683 di-
2348 3677 2349 3680 η

1236 3681 1315 3711 versis
1327 3682 1447 3712 articulis
1458 3682 1614 3723 ordinavit,
1635 3685 1734 3724 quibus
1747 3687 1878 3716 omnibus
1891 3686 2018 3726 inspeetis
2032 3690 2066 3719 δε
2084 3688 2232 3730 diligenter
2248 3693 2292 3722 in‹

1236 3720 1367 3762 tellectis,
1385 3722 1599 3751 communicato
1610 3724 1694 3753 etiam
1707 3724 1824 3754 consilio
1839 3723 1971 3764 Episcopi
1985 3725 2202 3768 &Vigornienliffi
2221 3739 2293 3769 prae-

1235 3757 1304 3788 diffi
1314 3758 1458 3797 Magistri,
1476 3760 1508 3789 &
1522 3760 1639 3790 aliorum
1657 3761 1692 3791 de
1707 3762 1824 3792 consilio
1837 3762 1935 3793 nostro
1949 3776 1962 3795 a
1985 3765 2020 3795 ud
2033 3775 2085 3796 vos
2100 3766 2293 3807 existentium,

1238 3796 1341 3826 faciatis
1352 3797 1430 3833 super
1442 3796 1492 3826 hiis
1505 3806 1588 3835 prout
1601 3798 1716 3837 honori,
1737 3800 1770 3830 &
1791 3801 1899 3831 utilitati
1916 3813 1956 3833 no
1983 3812 2038 3842 rae,
2056 3805 2089 3835 ὃ(
2110 3805 2189 3844 hujus
2204 3815 2293 3838 necro-

1238 3835 1457 3878 tii-expeditioni
1476 3836 1595 3879 videritis
1614 3838 1711 3868 melius
1730 3839 1880 3878 expedire,
1906 3843 1971 3882 quia
1994 3843 2058 3873 haec
2076 3846 2172 3875 omnia
2195 3832 2294 3876 vesi-'rm

1239 3872 1396 3903 discretioni
1411 3873 1530 3904 totaliter
1546 3876 1757 3907 committimus.

1276 3911 1323 3940 Ad
1340 3911 1403 3953 haec
1423 3912 1561 3942 mittimus
1580 3914 1662 3943 vobis
1675 3915 1777 3954 viginti
1794 3915 1903 3947 cedulas
1921 3917 1994 3950 albas
2012 3920 2046 3952 &
2060 3929 2158 3951 vacuas
2208 3919 2295 3961 sigillo

1240 3949 1337 3994 nostro
1352 3952 1478 3994 signam,
1497 3951 1530 3980 &
1544 3951 1614 3982 oeto
1626 3954 1699 3989 paria
1712 3952 1871 3984 cedularum
1888 3956 2011 3988 albarum
2028 3984 2038 3997 ,
2059 3959 2146 3998 sigillo
2166 3943 2294 3989 Edwardi

1241 3987 1289 4031 filii
1303 3987 1390 4018 nostri
1406 3987 1589 4031 signatarum,
1614 3992 1669 4021 una
1682 4001 1750 4022 cum
1762 3992 1863 4023 decem
1876 3994 1942 4026 albis
1956 3997 2035 4027 cartis
2046 3998 2140 4027 vacuis
2152 4007 2219 4027 auro
2234 3998 2295 4027 bul-

1240 4027 1298 4057 latis
1306 4049 1315 4064 ,
1330 4026 1379 4070 sub
1392 4035 1509 4069 nomine
1520 4026 1666 4061 Edmundi
1677 4029 1727 4060 filii
1740 4030 1843 4070 nostri,
1858 4032 1927 4066 sicut
1940 4044 2046 4076 nuper,
2063 4036 2143 4068 vobis
2157 4035 2298 4076 praesenti„

1243 4065 1313 4104 bus,
1330 4064 1383 4095 fuit
1394 4065 1552 4107 provisum,
1730 4103 1762 4138 D

1783 4114 1798 4147 3
2220 4111 2299 4150 Qu·
