2570 4261
733 200 848 246 ET
931 207 1201 253 ACTA
1283 203 1769 254 PUssLiCA„

2268 233 2280 258 ¹¹
2293 233 2312 272 3
2324 235 2346 271 5

21 281 99 313 Atm-
111 281 152 318 D.
168 296 222 333 qua
240 295 468 325 commemorare
485 290 645 334 processum
655 301 667 334 q:
694 290 859 334 Set-sufficit
881 301 945 329 quae
964 291 1026 324 sunt
1048 292 1233 331 postmodum
2355 301 2431 332 Ann,
2449 302 2489 332 D.

20 329 131 388 εὲἰῖξ-
173 329 273 397 εκιὲπάε
283 329 428 374 subsecuta
439 339 496 360 tuae
511 329 661 383 celiitudini
674 337 809 382 nuntiate.
906 369 911 373 ¹
975 370 979 374 Ι
1145 382 1148 386 ¹
1218 378 1232 392 .·.
1285 340 1289 342 ·
2081 347 2132 358 ⁴—
2282 353 2340 359 -ἢ
2376 349 2460 385 {273-

42 392 46 397 .
59 393 62 396 .
235 376 246 398 t
259 368 374 407 quidem
390 377 559 398 memoratus
575 367 691 405 Gurdo,
709 375 820 406 magua:
834 376 1007 406 poenitentiae
1023 369 1097 413 signa
1111 376 1216 407 praeten
2356 381 2425 407 Ede.
2443 387 2463 405 i.

1278 401 1436 435 Convenae
1459 406 1679 451 erqgi·izpl]izt.z
1698 412 1775 440 intr?
1799 413 1906 455 Regem'
1925 408 2041 445 Anglii:
2057 438 2067 455 ‚
2099 414 2135 450 εξ*
2162 414 2208 446 H.
2227 404 2335 459 Regem

1322 450 1476 484 Navarrae
1487 454 1578 498 stipor
1596 460 1787 488 matrimonio
1808 448 2004 492 ιὐηιῑιῑῦεῑῐιςῖο
2023 465 2100 493 inter
2120 462 2215 494 Henri
2232 460 2340 505 fillum

1326 500 1414 545 Regis
1432 502 1547 546 Angliae
1560 528 1569 542 ,
1595 506 1631 540 &⁸
1647 502 1828 549 Jolmmmm
1837 506 1942 548 filiam
1958 511 2044 555 Regis
2059 511 2224 542 Navarraes

1370 595 1503 627 Nomine
1520 597 1619 636 Patris,
1637 596 1669 630 St
1686 598 1765 637 Filii,
1784 601 1817 631 ἃ
1831 601 1945 641 Spirith
1960 603 2054 635 Sanc'ti
2070 605 2173 636 Amen.
2357 617 2408 642 An.
2427 623 2451 644 2c

1278 593 1307 652 I
1352 633 1419 664 Nos
1431 634 1599 676 Edwardus,
1618 637 1678 680 Dei
1691 638 1790 676 tyratia,
1807 639 1872 669 Rex
1886 641 2012 681 Angliae,
2029 644 2174 674 Dominus
2188 643 2336 676 Hibemiae
2354 657 2383 680 E.
2403 663 2425 679 1.

1276 671 1310 706 ὃς
1324 670 1392 701 Dux
1409 674 1566 712 Aquitani-ie
1583 688 1592 713 3
1616 675 1648 705 δε
1669 682 1691 705 i*
1702 676 1809 723 enricus
1820 701 1830 716 ,
1852 678 1951 709 eadem
1966 681 2050 719 gratia
2063 705 2072 719 ,
2096 681 2161 712 Rex
2176 682 2335 722 Navarrae,
2355 690 2413 718 Lib.
2428 693 2465 717 A.

1278 707 1444 750 Campaniae
1460 713 1491 742 ὅτ
1513 712 1581 757 Bri-„e
1599 712 1707 756 Comes
1722 714 1834 758 Palatio.
1849 726 1951 747 notum
1970 719 2086 749 facimus
2100 721 2229 751 universis
2242 722 2336 760 quud,
2355 728 2403 765 fol.
2429 738 2490 763 129-

1274 748 1308 777 ad
1328 747 1468 780 honorem
1494 751 1548 782 Dei
1598 753 1768 783 conlidertita
1790 755 1874 785 etiam
1897 759 2047 787 communi
2067 758 2181 789 utilitate
2203 768 2337 790 terrarum
2359 760 2430 793 Penes

167 404 253 444 dens,
271 406 420 445 postquam
436 406 608 436 Florentiam
620 407 764 442 venimus,
784 407 876 435 uxoris
887 406 941 437 suae
957 405 1098 445 praesentia
1111 408 1144 437 &
1159 407 1233 437 mul-

168 444 296 481 tiplicatis
309 444 365 474 aliis
380 445 490 473 nunciis
505 444 604 474 institit
618 466 628 482 ,
654 444 798 481 multaque
820 454 852 474 ac
874 444 958 483 longa
979 445 1113 476 instancia
1130 445 1232 484 suppli-¹

165 483 258 520 cavit,
276 481 352 512 ut'ad
368 478 493 512 nostram
506 483 711 520 permitteretur
726 483 820 512 venire
835 483 1023 523 praesentiam,
1042 493 1149 523 paratus
1162 484 1230 513 sim-⁴

165 521 289 560 pliciter,
311 529 341 550 ut
355 519 483 557 dicebat,
501 519 601 550 nostris
611 518 726 550 obedire
738 520 881 550 mandatis

179 592 182 593 ⁷
202 558 250 588 Set
261 557 410 595 multiplici
423 560 480 597 ejus
492 558 628 589 instantiae
641 558 827 598 multiplicem
840 559 968 597 opposuit
983 570 1043 590 non
1056 559 1145 590 solum
1160 570 1229 598 qua-

166 596 225 626 litas
239 595 373 635 offensae,
391 597 483 628 saltem
497 597 526 626 in
540 597 634 634 magni
648 597 782 633 temporis
795 596 944 636 dilatione,
962 598 1112 637 repulsam,
1129 608 1229 629 verum

166 635 249 664 etiam
265 634 409 673 cujusdam
423 635 526 665 nostrae
541 634 746 665 deliberationis
765 645 881 666 examen
895 659 905 674 ,
930 647 987 675 quo
1007 637 1229 676 investigandum

166 672 226 702 sore
242 673 417 712 providimus
428 684 464 704 an
477 673 592 703 contriti
607 673 640 704 &
656 672 791 704 humiliati
806 675 899 705 cordis
921 675 1023 711 indicia
1039 697 1049 713 ,
1071 685 1135 715 quae
1155 684 1229 706 tanta

166 714 280 750 tamque
301 710 403 742 assidua
422 708 543 750 ejusdem
566 710 711 741 Guidonis
736 707 862 743 instantia
880 713 1058 743 verisimiliter
1077 714 1206 752 arguebat
1220 736 1230 751 ‚

166 750 285 780 veritatis
301 751 458 780 munimine
475 749 637 780 fulcirentur
649 772 660 789 ,
685 760 720 780 an
733 749 822 781 effent
836 751 973 781 velamine
987 751 1164 782 simulationis
1176 752 1231 781 ob-

167 787 259 819 dueta.

206 826 285 857 Cum
305 836 339 856 ue
353 825 538 867 postmodum
554 836 607 857 nos
625 827 800 868 contingeret
820 827 975 858 Civitatem
991 827 1229 858 Florentinensem

167 866 258 903 exire,
277 866 285 894 i
305 874 352 894 em
367 865 468 896 Guido
480 887 490 903 ,
505 865 590 905 *quasi
609 865 643 896 ad
662 865 721 896 duo
743 866 855 896 miliaria
868 889 878 904 ,
903 875 977 896 extra
993 865 1147 896 Civitatem
1165 875 1231 895 ean-

167 903 251 941 dem,
268 908 382 934 necnon
398 905 431 935 &
464 904 559 934 uidam
574 903 634 941 alii,
648 914 717 942 quos
732 902 834 934 adhoc
849 904 898 934 sibi
907 904 1036 935 Comites
1051 905 1162 941 habuit,
1181 904 1231 933 de-

167 942 260 980 positis
275 943 408 972 omnibus
422 913 609 972 cgiciamenris
624 943 657 973 δε
673 942 794 973 vestibus
808 965 818 981 ,
845 951 943 980 praeter
957 943 1126 974 camisias&
1139 943 1232 972 femo-

166 980 248 1017 ralia,
266 989 334 1011 cum
348 980 440 1011 cordis
451 980 486 1011 ad
498 980 570 1011 colla
583 1003 593 1018 ,
618 980 799 1020 prostratique
814 982 843 1011 in
857 990 956 1011 terram
971 1004 981 1018 ,
1004 980 1030 1011 se
1045 981 1126 1010 ndbis
1139 982 1170 1011 in
1185 979 1231 1010 via

127 1016 129 1019 ’
167 1018 319 1049 exhibuere
331 1028 399 1050 cum
410 1019 545 1055 lacrimis3
567 1019 617 1056 &,
635 1018 838 1050 subsistentibus
850 1029 934 1060 quam
955 1017 1074 1057 luribus,
1091 1019 1140 1058 qui
1153 1027 1232 1049 erant

9 2501 129 2532 011.18·

8 2624 146 2658 AnnD.

167 1058 199 1087 in
212 1056 310 1088 nostro
322 1064 391 1088 tunc
412 1058 562 1096 temporis,
580 1059 734 1096 comitatu,
753 1066 923 1088 memoratus
969 1057 1057 1095 uido,
1081 1066 1150 1101 cum
1171 1057 1229 1100 eju-

166 1095 222 1126 latu
237 1105 297 1126 non
313 1096 431 1127 modico
443 1121 453 1134 ‚
498 1096 594 1127 rofusis
611 1097 730 1126 lacrimis
744 1119 753 1135 ,
777 1095 902 1127 instantis
921 1095 1127 1139 supplicationis
1141 1096 1232 1125 verbis

165 1133 260 1164 effufis
271 1157 282 1173 ,
309 1133 337 1165 se
355 1132 399 1164 alt
413 1133 451 1170 όν
490 1145 522 1164 as
534 1158 544 1173 ,
569 1136 625 1166 sine
639 1143 735 1165 tenore
748 1157 759 1173 ,
782 1135 873 1165 modo
886 1133 931 1165 vel
945 1133 1110 1164 conditione
1124 1132 1212 1173 aliqua
1221 1155 1232 1172 ,

165 1171 268 1203 nostris
281 1170 414 1204 mandatis
426 1180 568 1214 exponens
576 1197 586 1213 ,
603 1174 714 1213 petebat
726 1172 869 1203 humiliter
884 1195 894 1211 ,
916 1170 1085 1212 supplicabat
1095 1171 1231 1216 instanter

164 1210 278 1249 saltem,
292 1211 464 1251 ubicumque
477 1213 560 1242 nobis
575 1212 695 1250 placeret
712 1234 722 1249 ,
748 1212 777 1240 in
790 1219 933 1241 carcerem
951 1210 978 1240 se
992 1209 1101 1241 detrudi
1119 1232 1129 1247 ,
1150 1210 1184 1240 &
1201 1219 1231 1253 ¹i¹¹

163 1249 344 1281 absolutionis
357 1248 499 1281 beneficio
512 1249 708 1281 misericordiae
722 1249 773 1279 sibi
783 1246 898 1287 januam
913 1248 1010 1317 aperiri
1023 1255 1033 1286 3
1058 1248 1136 1292 nullo
1150 1256 1230 1287 peni-

162 1295 206 1319 tus
219 1288 329 1327 adjesto
342 1289 372 1319 in
391 1286 443 1320 suis
455 1289 700 1329 supplicationibus
715 1309 725 1325 ,
750 1286 872 1317 mediate
891 1294 927 1317 ve
950 1285 1114 1331 immediate
1127 1308 1138 1324 ,
1162 1295 1231 1325 por·-

163 1326 265 1366 redtis,
282 1336 331 1367 per
343 1326 421 1367 quod
431 1327 493 1358 alias
506 1325 630 1366 derogari
644 1325 757 1364 posset,
779 1326 810 1355 in
823 1324 938 1363 aliquo,
961 1324 1100 1364 praedieto
1115 1334 1230 1362 proces⁴

163 1363 202 1395 sui
236 1365 333 1396 habito
346 1371 444 1396 contra
458 1364 556 1403 ipsum.
996 1401 1002 1407 ι

199 1388 249 1434 §et
263 1410 318 1434 nec
332 1411 401 1434 tunc
412 1401 572 1442 hujusmodi
583 1400 816 1441 supplicationem
831 1400 914 1445 ipsius
936 1400 1067 1432 duximus
1079 1399 1232 1432 admittena

163 1440 247 1481 dam,
265 1448 319 1472 nec
334 1441 494 1479 responsum
508 1440 563 1481 ipse
578 1450 594 1470 a
608 1440 690 1470 nobis
707 1439 804 1470 habuit
823 1440 859 1470 ali
879 1439 937 1470 uod
951 1450 961 1478 3
984 1440 1077 1470 immo
1091 1440 1232 1480 redargui-

162 1490 228 1512 mus
238 1481 330 1520 potius
342 1481 409 1510 alios
421 1479 572 1510 assistentes
583 1477 693 1518 eidem,
710 1477 787 1518 quod
800 1479 828 1507 in
842 1486 868 1509 ta
879 1477 940 1508 ibus
951 1487 1005 1508 nec
1020 1478 1078 1509 loci
1091 1488 1146 1509 nec
1159 1487 1232 1510 tern-

203 1519 237 1549 ris
261 1519 484 1558 competentiam
505 1516 706 1548 observatam:
734 1515 842 1547 Verum
857 1540 866 1555 ‚
891 1524 1008 1556 urgente
1029 1516 1142 1547 tandem
1158 1526 1231 1548 con-

161 1529 275 1589 scientia
288 1566 325 1587 ne
336 1556 427 1588 deesse
437 1556 552 1595 justitiae
565 1555 724 1587 videremur
743 1572 746 1574 -
771 1550 804 1586 ὃς
823 1563 922 1586 contra
942 1555 1024 1594 ipsius
1039 1554 1167 1586 debitum
1184 1565 1233 1586 ec-

159 1594 253 1626 clefiae
266 1595 394 1626 claudere
416 1595 555 1635 gremium
574 1594 714 1631 redeunti,
730 1577 766 1623 de
786 1593 901 1624 fratrum
920 1593 1084 1624 nostrorum
1099 1594 1236 1633 consilio,

161 1635 193 1664 in
208 1633 267 1664 hoc
279 1633 532 1666 condescendimus
545 1631 685 1675 instantiae
699 1631 880 1672 supplicantis.
1149 1671 1154 1676 ⁴

206 1671 409 1704 Mandavimus
420 1671 554 1712 quidem,
570 1681 622 1715 per
634 1669 751 1700 dilectos
764 1669 836 1700 filios
850 1669 962 1701 nostros
975 1694 985 1709 ,
1007 1666 1047 1701 R.
1061 1670 1156 1701 Sant‘h
1172 1669 1235 1700 An-

181 1710 241 1750 eli,
252 1710 286 1742 &
317 1734 325 1741 .
338 1710 436 1743 Sanffl
447 1709 577 1741 Nicolaii
593 1710 622 1738 in
636 1708 763 1739 Carcere
777 1709 912 1739 Tulliano
931 1709 1078 1740 Diaconos
1096 1709 1234 1740 Cardina-

172 1759 218 1787 es,
235 1749 266 1779 in
315 1747 365 1779 rbe
379 1755 536 1786 morantes,
556 1746 689 1777 Guidoni
702 1747 820 1786 praefato
834 1747 959 1778 inTerra
973 1747 1105 1778 Ecclesiae
1121 1748 1234 1778 Roma-

160 1797 224 1826 nae,
238 1787 269 1816 in
282 1786 371 1826 aliqua
383 1796 449 1817 arce
460 1785 538 1824 tuta,
555 1785 661 1816 locum·
677 1786 795 1816 carceris
810 1785 950 1825 assignari,
970 1788 1021 1825 &,
1041 1794 1153 1827 propter
1167 1797 1233 1817 nos-

161 1833 235 1856 tram
248 1823 283 1854 de
298 1825 426 1864 partibus,
434 1825 487 1855 illis
497 1823 669 1862 absentiam,
687 1824 778 1868 ipsum
794 1824 961 1855 Guidonem
984 1836 1031 1865 per
1046 1824 1231 1855 Cariffimum

161 1864 197 1894 in·
205 1856 324 1894 Christo
337 1863 427 1894 filium
445 1862 575 1894 nostrum
620 1884 622 1886 -
639 1862 784 1893 .2aeSiciliae
802 1863 850 1893 R-
869 1870 915 1894 em
937 1864 1070 1895 illustrem
1083 1887 1094 1902 ,
1117 1864 1151 1895 &
1171 1864 1233 1894 alias

161 1901 292 1941 personas
304 1901 426 1943 ydoneas
438 1900 508 1932 inibi
523 1911 593 1933 cum
606 1899 748 1941 diligentia
763 1900 846 1932 custo
868 1903 901 1932 iri
916 1913 925 1941 3
948 1903 1018 1933 sicut
1031 1902 1148 1940 dileclus
1162 1902 1233 1932 filius

165 1938 309 1971 Gerardus
329 1940 366 1971 de
384 1940 571 1979 Roscillone,
595 1938 690 1970 noster
710 1939 847 1970 familiaris
869 1941 903 1972 &
923 1941 1038 1972 clericus
1052 1965 1062 1980 ,
1084 1943 1134 1971 cui
1154 1941 1233 1978 super

164 1979 234 2018 hiis,
252 1989 317 2027 quae
330 1979 382 2012 tibi
395 1988 431 2017 ex
442 1987 518 2020 parte
537 1978 631 2010 nostra
651 1978 760 2008 duxerit
779 1979 944 2018 exponenda
956 2003 967 2019 ,
994 1979 1079 2010 fidem
1095 1980 1235 2010 indubita-

161 2025 221 2049 tam
236 2016 338 2048 habere
347 2018 471 2058 :poteris-3
485 2015 597 2056 plenius
611 2017 729 2048 oraculo
743 2017 818 2049 vivae
831 2020 911 2050 vocis
923 2027 1056 2056 exponet.
1075 2024 1077 2026 ’
1105 2048 1109 2051 ⁴

196 2056 284 2095 v(Quid
296 2064 390 2095 autem
400 2057 479 2087 'circa
494 2057 551 2087 hoc
565 2055 752 2095 postmodum
766 2055 917 2088 aditum'sit
929 2057 1060 2088 nondum
1075 2054 1176 2089 adrnos
1190 2067 1234 2087 re-

159 2094 231 2126 latio
239 2102 318 2127 certa
331 2094 474 2133 perduxit:
494 2094 572 2133 Haec
587 2102 687 2126 tamert
694 2090 765 2127 ideo,
772 2095 824 2126 tibi
846 2095 883 2126 sic
899 2095 1002 2126 seriose
1018 2096 1172 2127 intimanda
1184 2095 1234 2126 de-

160 2134 320 2173 crevimus,
339 2144 376 2164 ne
390 2133 554 2164 nostrorum
568 2133 748 2172 processuum
762 2134 912 2172 puritatem
932 2136 1020 2166 tertiae
1037 2135 1141 2174 linguae
1154 2134 1235 2164 mali-

160 2172 198 2203 tia
210 2172 240 2202 in
253 2179 311 2203 tuae
327 2171 506 2204 Celsitudiiiis
521 2173 630 2203 auribus
646 2172 835 2203 fermentaret.

162 2229 469 2320 seclggktlbliugduri:3.¹
484 2249 608 2282 Kalend.
622 2227 795 2284 Decembris
808 2270 819 2290 ,
844 2250 1030 2285 Pontificatfis
1049 2251 1139 2300 nostri
1156 2262 1233 2284 anno

867 2361 922 2392 Sub
923 2361 978 2405 filo
993 2361 1118 2393 canabei).v

1145 2435 1152 2439 ‘
1177 2436 1233 2443 —-

163 2485 191 2513 *ἴ
210 2483 301 2522 Bulla
319 2491 413 2535 Regi,
439 2489 476 2522 de
494 2491 681 2536 Benignitate
695 2489 757 2534 fha
780 2486 825 2521 ad
843 2487 1043 2522 Edmundum
1066 2490 1230 2533 Fratrem,

333 2540 373 2591 &¹
389 2537 626 2583 Honortficentia
641 2536 686 2570 ad
701 2538 887 2571 Alianoram
903 2540 1058 2572 Matrem.

169 2624 382 2686 GRegorius
397 2624 570 2669 Episcopus,
588 2623 680 2657 servus
696 2626 842 2658 servorum
856 2624 932 2663 Dei,
948 2625 1090 2657 carissimo
1103 2627 1131 2657 in
1146 2625 1233 2657 Chri—

1275 785 1452 826 confinium,
1473 791 1499 819 in
1515 775 1629 828 quibus,
1644 798 1756 830 propter
1771 794 1903 824 malitiam
1916 796 2004 834 gentis
2019 819 2027 832 ,
2054 796 2140 827 multa
2160 798 2230 827 mala
2244 798 2339 828 haere·
2358 808 2489 832 cumeram

1276 833 1328 853 nus
1341 834 1491 870 perpetrata
1505 829 1583 859 fuiise
1597 832 1748 860 noscuntur
1756 853 1766 868 ,
1785 831 1818 861 ad
1831 832 1886 871 ipsa
1905 833 2034 864 radicitus
2047 834 2205 874 extirpanda
2218 859 2227 873 ,
2257 836 2290 867 &
2304 836 2338 867 ad

1275 863 1482 908 providendum
1495 867 1531 896 ne
1543 867 1674 905 deinceps
1687 867 1736 898 hiis
1748 870 1842 900 similia
1859 873 2073 903 committantur
2086 896 2096 911 ,
2122 873 2185 904 tales
2200 875 2271 904 inter
2285 884 2340 906 nos

1276 910 1409 931 inivunus
1421 904 1579 943 pactiones,
1600 905 1744 943 videlicet,
1843 937 1845 940 ,

1315 939 1404 983 Qod
1427 951 1495 980 nos,
1514 944 1661 980 praedictus
1680 944 1819 975 Henricus
1837 945 1903 976 Rex
1924 947 2078 987 Navarrae,
2098 950 2285 987 promittimus
2304 948 2337 982 δὲ

1277 985 1463 1020 convenimus
1475 981 1590 1019 praefato
1605 981 1679 1021 Regi
1694 982 1852 1022 Eduvardo,
1871 985 1934 1015 dare
1947 987 1981 1016 &
1996 988 2288 1026 :raderejohannam,
2305 988 2339 1018 fi-

1277 1014 1342 1044 liam
1356 1015 1479 1046 nostram
1498 1019 1531 1048 ὃ(
1552 1014 1708 1058 haeredem,
1726 1021 1854 1051 Henrico
1869 1045 1879 1060 ,
1899 1023 1957 1053 filio
1977 1027 2165 1062 primogenito
2184 1028 2217 1057 &c
2234 1027 2338 1057 :iaerodi

1275 1053 1383 1091 praefati
1397 1053 1527 1085 Edwardi
1549 1055 1637 1095 Regis
1652 1058 1763 1096 Arigiiae
1778 1081 1788 1096 ,
1813 1061 1841 1088 in
1857 1061 1980 1097 sponsam
2001 1065 2033 1094 ε(
2048 1056 2165 1094 :risorem
2183 1064 2335 1104 legitimam

1274 1091 1512 1134 desponsandam,
1533 1095 1566 1124 ὃς
1581 1095 1738 1125 ducendam
1752 1099 1925 1136 temporibus
1944 1099 2084 1136 praefinitis
2099 1103 2113 1132 {i
2131 1103 2192 1140 jure
2207 1103 2241 1133 ad
2255 1103 2339 1143 spon-³

1275 1128 1338 1160 salia
1351 1131 1384 1161 ὃς
1400 1133 1579 1163 matrimonia
1593 1129 1791 1165 contrahenda.

1299 1166 1352 1212 'Et
1371 1179 1440 1207 nos,
1477 1168 1776 1203 raediCtusEdwardus
1794 1174 1983 1212 promittimus
2003 1176 2037 1206 &
2059 1180 2245 1213 convenimus
2265 1187 2338 1217 praez

1276 1205 1356 1237 dieto
1368 1206 1442 1247 Regi
1494 1219 1596 1239 avarrae
1611 1233 1621 1248 ,
1643 1210 1708 1240 dare
1729 1211 1761 1241 &
1776 1211 1882 1242 tradere
1900 1212 2062 1244 Henricum
2078 1237 2087 1253 ,
2113 1215 2338 1255 PrIniogenitum

1277 1244 1406 1275 nostrum
1427 1246 1516 1277 filiurn
1538 1248 1571 1278 &
1589 1248 1730 1279 hae‘redem
1745 1272 1755 1288 ,
1777 1249 1918 1288 Johannae
1933 1273 1942 1289 ,
1968 1250 2031 1281 filiae
2048 1253 2082 1283 &
2096 1253 2199 1283 haeredi
2212 1256 2339 1293 praedieti

1276 1282 1366 1322 Regis
1379 1284 1535 1328 Navarrae,
1552 1288 1582 1316 in
1595 1287 1688 1317 virum
1700 1288 1855 1327 legitimum
1874 1288 2112 1329 desponsandum,
2129 1292 2162 1322 &
2176 1292 2338 1324 ducendum

1273 1322 1448 1361 temporibus
1461 1324 1603 1364 praefinitis
1615 1326 1630 1355 a
1644 1327 1702 1363 jure
1717 1326 1752 1357 ad
1771 1326 1901 1366 sponsalia
1921 1328 1954 1358 ὃς
1972 1329 2150 1360 matrimonia
2170 1332 2338 1362 contrahen-

1276 1359 1312 1390 da
1347 1361 1416 1392 sicut
1427 1363 1595 1401 praedictum
1608 1363 1657 1394 est.

1312 1382 1386 1442 stem
1398 1410 1466 1439 nos,
1481 1400 1623 1432 Henricus
1631 1402 1694 1433 Rex
1701 1401 1840 1434 Navarrae
1851 1403 2016 1444 praedietus,
2031 1407 2207 1444 promisimus
2218 1408 2252 1438 &
2267 1415 2340 1440 con'-

1276 1446 1405 1468 venimus
1416 1439 1554 1478 praedicffw
1570 1440 1646 1471 Reoi
1659 1441 1799 1473 Edwardo
1814 1465 1823 1480 ,
1848 1442 1925 1480 quod
1938 1443 1957 1473 si
1972 1443 2074 1483 absque
2092 1446 2144 1476 aiiii
2158 1447 2237 1483 prole
2249 1447 2339 1487 legiti-

1277 1475 1340 1514 ma,
1359 1484 1393 1505 ex
1411 1478 1492 1508 nobis
1513 1467 1699 1510 descendente
1713 1502 1722 1518 ,
1746 1480 1881 1511 decedere
1900 1491 1952 1511 nos
1973 1484 2118 1523 contingat
2141 1485 2148 1521 (
2180 1485 2235 1515 uod
2248 1487 2336 1524 abiit)

1277 1514 1357 1582 {uod
1373 1516 1485 1552 praefata
1499 1516 1630 1554 Johanna
1644 1517 1698 1549 filia
1718 1517 1813 1549 nostra
1828 1520 1911 1549 nobis
1929 1520 2056 1552 succedat
2068 1545 2078 1560 ,
2101 1523 2134 1553 &
2164 1532 2185 1553 it
2205 1523 2294 1555 haeres
2307 1526 2337 1555 in

1300 1562 1385 1596 *egno
1401 1554 1436 1584 N
1438 1565 1558 1593 avarrae,
1576 1555 1768 1588 Comitatibus
1785 1557 1951 1595 Campaniae
1970 1560 2003 1589 &
2018 1559 2106 1598 Briae,
2122 1562 2197 1592 &in
2212 1562 2268 1592 aliis
2281 1564 2337 1593 bo-

1277 1591 1433 1635 nis—nostris
1449 1603 1454 1622 :
1479 1594 1509 1623 Si
1523 1601 1617 1624 autern
1635 1605 1687 1625 nos
1707 1596 1852 1635 contingat
1871 1597 1973 1627 habere
1989 1597 2053 1629 filias
2074 1609 2160 1629 unam
2180 1601 2224 1631 vel
2245 1601 2337 1641 plures

1276 1629 1426 1670 legitimas,
1444 1632 1500 1661 una
1514 1642 1581 1662 curri
1596 1634 1706 1673 praelata
1722 1634 1851 1673 Johanna
1865 1657 1875 1673 ,
1899 1636 1918 1655 *²
1934 1635 2035 1675 absque
2048 1636 2107 1667 filio
2123 1639 2263 1678 masculo,
2282 1650 2335 1671 vo-

1277 1668 1369 1711 lumus
1384 1671 1417 1700 ὃς
1430 1672 1619 1710 promittimus
1637 1672 1754 1712 praefato
1774 1672 1850 1712 Regi
1868 1673 1979 1713 Angliae
1993 1698 2002 1713 ,
2028 1676 2105 1713 quod
2119 1677 2336 1715 di&aJ0hanna

1278 1709 1310 1737 iit
1324 1707 1411 1738 haeres
1427 1731 1436 1745 ,
1456 1709 1490 1739 &
1508 1710 1590 1740 nobis
1612 1710 1739 1742 succedat
1761 1712 1790 1741 in
1813 1713 1917 1742 Reono
1936 1712 2072 1743 Navarrae
2092 1716 2124 1745 ὅ(
2145 1715 2336 1748 Comitatibus

1278 1746 1490 1791 praediffisffiita
1507 1756 1602 1779 tamen
1615 1749 1691 1788 quod
1706 1750 1735 1779 in
1748 1750 1837 1780 feodis
1852 1737 2038 1782 sscclesiarum
2051 1754 2084 1783 &
2097 1754 2219 1794 allodiis,
2233 1765 2266 1785 ac
2281 1756 2338 1786 aliis

1277 1785 1518 1828 acquisitionibus,
1538 1797 1586 1824 per
1598 1798 1650 1818 nos
1670 1788 1713 1819 vel
1729 1789 1910 1820 antecessores
1928 1789 2038 1820 nostros
2051 1792 2145 1830 factis,
2161 1802 2261 1830 praeter
2275 1794 2338 1825 Co-

1277 1826 1389 1854 miratus
1403 1824 1551 1864 praedffios
1570 1826 1604 1857 &
1619 1826 1774 1866 Regnum,
1791 1828 1889 1858 eadem
1899 1828 2028 1866 Johanna
2042 1851 2051 1866 ‚
2077 1840 2144 1860 cum
2164 1833 2271 1862 caeteris
2285 1833 2338 1864 suis

1278 1861 1436 1901 sororibus,
1455 1862 1614 1894 admittetur
1631 1864 1664 1894 ad
1682 1866 1788 1896 virilem
1808 1868 1970 1905 portionem
1983 1867 2137 1898 secundum
2158 1870 2337 1902 consuetudi-

1278 1910 1347 1931 nem
1362 1902 1395 1931 &
1409 1902 1505 1932 forum
1519 1903 1631 1942 patriae,
1651 1912 1786 1934 caeterum
1805 1906 1824 1935 fi
1839 1915 1905 1944 nOS,
1924 1904 1989 1936 Rex
2012 1906 2152 1937 Navarra:
2173 1909 2340 1950 praedidius,

1277 1939 1393 1970 auctore
1407 1939 1557 1979 Domino,
1575 1940 1664 1972 filium
1678 1942 1861 1974 masculinum
1872 1944 2030 1983 legitimum
2040 1944 2237 1984 susceperimus
2249 1958 2339 1980 unum

1278 1978 1324 2008 vel
1335 1978 1424 2018 plures
1438 2002 1447 2017 ,
1471 1980 1519 2017 qui
1538 1980 1619 2009 nobis
1632 1980 1745 2018 supersit
1766 1990 1895 2022 tempore
1908 1983 2005 2014 mortis
2019 1983 2123 2014 nostrae
2138 2007 2147 2022 ,
2172 1993 2239 2016 tunc
2254 1987 2338 2018 volu-

1278 2025 1341 2047 mus
1352 2017 1385 2048 &
1400 2018 1589 2055 promittimus
1602 2018 1681 2050 dicito
1701 2019 1776 2060 Regi
1796 2020 1908 2089 Angliae
1920 2042 1930 2060 ,
1952 2020 2141 2061 Qadraginta
2161 2024 2245 2054 millia
2258 2025 2340 2056 libra-

1276 2065 1342 2085 rum
1354 2056 1564 2088 Turonensium
1579 2055 1644 2088 dare
1657 2058 1691 2089 ὅ(
1706 2058 1811 2090 solvere
1825 2060 1844 2090 si
1866 2060 1873 2089 i
1888 2060 1918 2090 in
1930 2058 2095 2098 dotempro
2104 2060 2168 2092 filia
2181 2062 2276 2093 nostrii
2286 2063 2342 2103 J0⁴

1276 2093 1370 2125 hanna
1381 2094 1534 2135 praedicta,
1549 2095 1681 2127 videlicet
1695 2096 1802 2136 Viginti
1815 2098 1891 2129 milia
1909 2098 2042 2130 librarum
2062 2099 2273 2132 Turonenfium
2294 2102 2342 2134 die

1276 2134 1451 2164 matrimonii
1464 2134 1618 2173 contracti,
1636 2135 1670 2166 ὃς
1683 2135 1733 2166 alia
1752 2136 1850 2176 viginti
1864 2137 1938 2168 milia
1951 2137 2085 2169 librarum
2097 2137 2308 2171 Turonenfium
2323 2142 2341 2173 a

1275 2170 1321 2202 die
1334 2173 1509 2203 matrimonii
1523 2173 1662 2204 contradit
1673 2174 1702 2203 in
1715 2183 1805 2204 unum
1819 2184 1935 2206 annum.
2135 2182 2137 2185 '

1280 2230 1283 2231 ν
1317 2208 1500 2241 Promisimus
1514 2211 1597 2241 etiam
1610 2212 1844 2243 &convenimus
1861 2223 1913 2243 nos
1926 2235 1936 2250 ,
1959 2212 2026 2244 Rex
2044 2213 2158 2254 Angliae
2176 2216 2342 2257 praedietusi·

1275 2248 1356 2279 dieto
1366 2247 1443 2288 Regi
1457 2248 1614 2288 Navarrae,
1630 2249 1707 2289 quod
1715 2274 1726 2289 ,
1745 2260 1813 2281 cum
1826 2250 2048 2282 Matrimonium
2062 2253 2144 2284 fuerit
2155 2256 2339 2287 contraitum

1275 2287 1349 2317 inter
1363 2287 1510 2325 praefatum
1524 2287 1614 2318 filium
1625 2287 1754 2319 nostrum
1767 2289 1931 2320 Henricum
1944 2290 2149 2328 &Johannam
2162 2289 2247 2324 filiam
2262 2303 2337 2334 prae⁴

1277 2325 1386 2356 dietam
1406 2325 1494 2366 Regis
1513 2326 1651 2358 Navarrae
1699 2326 1892 2367 assignabimus
1913 2329 1947 2360 &
1968 2328 2107 2360 trademus
2127 2338 2216 2361 totam
2236 2340 2339 2364 terram

1274 2363 1399 2394 nostram
1421 2364 1569 2395 Vasconiae
1591 2350 1731 2404 praesidio
1756 2366 1815 2397 filio
1835 2366 1934 2396 nostro
1956 2366 2107 2405 Henrico,
2133 2369 2282 2401 tenendam
2301 2381 2340 2401 eo

1279 2402 1370 2433 modo
1389 2412 1464 2442 quo,
1482 2403 1581 2433 faelicis
1593 2404 1812 2443 recordationis,
1837 2404 1979 2435 Henricus
1993 2404 2074 2436 Pater
2094 2407 2188 2438 noster
2201 2417 2264 2439 eam
2282 2419 2338 2440 no-

1276 2441 1318 2471 bis
1330 2441 1441 2472 tradidit
1453 2441 1486 2472 &
1499 2441 1644 2473 conceffin

1312 2479 1417 2510 Rursus
1442 2480 1617 2518 promisimus
1641 2480 1674 2511 &
1699 2483 1884 2512 convenimus
1908 2481 2064 2521 supradicto
2083 2482 2159 2523 Regi
2181 2484 2338 2525 Navarrae,

1275 2517 1372 2556 quod,
1386 2518 1450 2558 post
1460 2518 1640 2549 contractum
1655 2517 1875 2550 Matrimonium
1896 2520 2062 2557 praedictum
2082 2522 2153 2551 inter
2172 2521 2336 2556 Henricum

1277 2555 1367 2589 filium
1386 2555 1515 2586 nostrum
1542 2557 1712 2595 praedit‘tum
1736 2558 1770 2588 δε
1788 2558 1948 2596 Joliannam
1970 2558 2056 2588 filism
2080 2563 2226 2592 memorati
2248 2562 2337 2603 Regis

1275 2593 1436 2633 Navarrae,
1461 2594 1590 2624 dabimus
1609 2595 1642 2625 &
1663 2595 1857 2634 assignabimus
1873 2597 1903 2626 in
1925 2596 2107 2627 donationem
2124 2594 2173 2628 fibi
2187 2622 2197 2637 ,
2221 2610 2336 2641 propter

1275 2632 1384 2676 nuptias
1390 2641 1448 2676 ¹pro
1460 2631 1587 2665 Johanna
1599 2633 1654 2670 ejus
1667 2632 1722 2664 filia
1754 2635 1867 2664 raedicta
1875 2657 1885 2672 ,
1903 2634 1963 2664 duo
1976 2636 2052 2665 milia
2061 2635 2224 2667 Marcarum
2236 2648 2337 2679 argen-

29 2649 113 2703 127⁹3.
244 2663 362 2708 s'to'filio
475 2660 552 2703 Regi
571 2664 683 2704 Angliae
702 2665 820 2705 illustri,
848 2665 962 2696 salutern
982 2666 1016 2696 ὃς
1036 2664 1232 2704 Apostoiieam
1276 2678 1396 2714 tiannui
1409 2665 1549 2706 redditfis;
1568 2670 1717 2710 videlicet,
1776 2673 1820 2702 'ille
1838 2672 1977 2717 asiarcatas
1990 2675 2019 2703 in
2039 2674 2175 2718 custumis
2191 2676 2235 2706 seu
2305 2689 2335 2709 a-

7 2707 58 2731 An.
75 2713 101 2732 2.
162 2701 402 2732 benedictionem.
745 2743 750 2748 ,
1213 2742 1217 2747 ,
1306 2718 1325 2738 o
1337 2708 1436 2740 nostro
1449 2709 1607 2748 Burdegalae
1622 2732 1632 2747 ,
1655 2719 1723 2741 cum
1743 2709 1853 2742 duobus
1872 2710 1975 2742 Castris
1989 2712 2090 2742 nostris
2107 2713 2143 2744 de
2163 2713 2255 2746 Castei
2269 2717 2335 2747 ’one

7 2745 37 2769 E·
59 2750 81 2768 ¹·
93 2782 99 2787 ·
201 2740 352 2789 Qatnu-m
363 2740 478 2778 deceat,
490 2749 633 2786 'quantu-m
652 2742 796 2782 expediat,
814 2749 846 2772 ut
860 2742 1031 2786 fraternum,
1046 2751 1132 2781 quem
1143 2740 1178 2772 ad
1190 2740 1233 2771 dl·-
1311 2748 1420 2778 iocoesis
1432 2746 1648 2791 Burdegalensis,
1668 2749 1701 2779 &
1715 2748 1750 2779 de
1765 2749 1886 2794 Millano
1901 2749 2044 2780 Diocoesis
2058 2750 2221 2783 Vasatensis:
2240 2753 2280 2785 lta
2293 2763 2334 2785 tri-³

6 2782 46 2807 Ex
53 2783 125 2817 Orzg.
160 2778 268 2810 leftum
283 2778 390 2817 filium,
409 2777 555 2809 Nobilem
575 2789 670 2811 virum
685 2805 694 2820 ,
718 2779 920 2811 Eadmundum
942 2779 1092 2811 Comitem
1112 2779 1233 2820 Leyces-
1275 2795 1341 2816 men
1355 2786 1432 2824 quod
1447 2785 1566 2816 redditus
1581 2787 1779 2824 &proventus
1792 2788 1934 2818 dictorum
1951 2788 2119 2819 Castrorum
2133 2799 2338 2830 computentur,

160 2818 237 2855 triae,
257 2813 438 2848 Germanum
455 2825 537 2847 tuum
550 2839 561 2855 ,
584 2825 682 2849 mente
695 2820 766 2859 geris
781 2841 791 2858 ,
815 2820 905 2859 operis
923 2818 1062 2850 evidentia
1076 2819 1234 2849 manifestes

159 2855 295 2886 affectum
304 2879 314 2894 ,
331 2865 391 2886 non
403 2855 585 2895 exprimimus
598 2857 710 2896 litteris,
727 2859 860 2888 novimus
874 2858 980 2887 etenim
999 2856 1077 2896 quod
1091 2858 1174 2897 plene
1186 2858 1230 2887 in-

161 2894 265 2934 dustria
279 2894 374 2934 regalis
387 2893 647 2932 circumspectionis
660 2896 803 2935 advertet,
815 2896 835 2925 fi
849 2903 945 2925 tamen
956 2895 991 2927 ad
1003 2896 1032 2927 id
1047 2896 1146 2926 oculos
1161 2905 1231 2926 con-

160 2931 331 2965 siderationis
344 2941 450 2964 attente
464 2941 620 2964 convertat.
1026 2934 1028 2941 ¹

196 2971 323 3010 Ideoque
333 2971 506 3002 serenitatem
521 2971 663 3011 Regiam,
682 2972 712 3002 in
729 2970 794 3001 zelo
808 2979 931 3010 paternae
941 2971 1112 3012 dulcedinis,
1130 2974 1230 3004 sollici-

159 3009 275 3040 tandam
293 3009 423 3040 duximus
435 3032 446 3048 ,
469 3009 503 3040 &
522 3008 678 3041 affestuos‘e
699 3010 852 3049 rogandam
867 3034 876 3049 ,
902 3012 1030 3049 quatinus
1047 3012 1082 3041 ad
1104 3013 1226 3043 eundem

159 3047 340 3078 Germanum
355 3055 436 3078 tuum
449 3046 479 3076 in
492 3049 625 3079 omnibus
639 3071 649 3093 ,
673 3049 706 3079 &
719 3049 869 3086 specialiter
885 3049 914 3079 in
928 3050 1044 3089 negotio
1057 3050 1195 3089 decimae,
1213 3053 1228 3081 a

160 3086 279 3125 praelatis
291 3084 389 3124 Regni
403 3085 445 3115 tui
459 3094 512 3122 pro
525 3084 573 3116 tua
589 3086 623 3116 &
638 3087 719 3126 ipsius
734 3087 919 3118 subventione
939 3087 1080 3129 concessas
1095 3113 1105 3128 ,
1129 3091 1165 3120 sic
1178 3091 1227 3120 be-·

161 3125 250 3164 nigne
270 3132 299 3155 te
317 3123 442 3167 habeas,
465 3122 543 3162 quod
563 3123 681 3156 fraterna
701 3126 798 3157 caritas
817 3135 935 3157 omnem
954 3127 1024 3157 inter
1042 3132 1071 3158 te
1085 3138 1119 3159 ac
1137 3127 1226 3169 ipsum

159 3171 276 3202 operam
290 3161 450 3192 mediatoris
463 3161 599 3192 excludat.

198 3201 313 3232 Gratius
325 3201 431 3231 etenim
443 3200 495 3230 erit
508 3199 606 3238 nobb,
621 3199 655 3232 δε
668 3201 840 3234 excellentiae
854 3211 911 3234 tuae
922 3203 1085 3244 decentius,
1102 3213 1133 3236 ut
1145 3205 1226 3243 quic-

161 3239 231 3280 quid
245 3238 280 3270 de
294 3238 406 3270 decima
418 3237 554 3276 praedieta
568 3238 662 3269 eidem
675 3240 824 3273 obvenerit
832 3264 842 3280 ,
858 3242 895 3273 de
908 3242 1026 3275 fraterna
1039 3245 1161 3275 videatur
1175 3242 1226 3272 be-

162 3278 300 3318 nignitate
308 3286 348 3308 ‘ac
358 3277 520 3308 liberalitate
532 3277 686 3315 procedere
700 3281 783 3316 quam
798 3280 835 3311 de
853 3281 1012 3312 necessitate
1032 3281 1141 3321 justitiae
1159 3289 1226 3320 pro-

161 3317 274 3354 venire,
291 3315 361 3346 ficut
374 3315 438 3345 haec
452 3315 616 3358 omnia-per
631 3315 765 3347 dilectum
779 3317 871 3349 filium
891 3319 1046 3351 Girardum
1064 3321 1100 3351 de
1114 3320 1226 3351 Ruscil-

161 3356 246 3394 lone,
264 3353 414 3384 Clericum
428 3353 462 3384 &
476 3353 639 3384 familiarem
653 3353 782 3385 nostrum
797 3357 855 3394 (cui
869 3358 896 3388 su
917 3368 946 3388 er
960 3359 1027 3398 hiis,
1045 3369 1109 3399 quae
1122 3360 1175 3390 tibi
1192 3367 1226 3388 ex

159 3402 249 3463 parte1
258 3392 354 3423 nostra
371 3399 495 3435 exponet
507 3414 517 3430 ,
547 3391 634 3423 fidem
655 3392 840 3425 indubitatam
861 3396 896 3427 ha
918 3407 963 3428 ere
982 3399 1097 3439 poteris)
1120 3398 1225 3436 plenius

162 3442 229 3464 man
250 3441 327 3462 amus
341 3439 376 3462 ex
416 3439 455 3460 ni.

198 3469 347 3502 Caeterum
390 3479 406 3499 e
426 3465 500 3512 filiali
520 3466 625 3512 afflictu
640 3491 651 3509 ,
674 3479 761 3509 quem
772 3473 905 3508 operibus
926 3475 1056 3506 exhibere
1073 3475 1172 3505 diceris
1191 3473 1224 3504 ad

161 3508 332 3540 carissimam
344 3507 373 3537 in
383 3504 502 3551 Cliristo
512 3505 598 3536 filiam
620 3507 746 3539 nostram
760 3532 771 3547 ,
790 3510 924 3542 illustrem
936 3513 1081 3554 Reginam
1096 3513 1205 3552 Angliae
1215 3535 1225 3550 ,

161 3554 280 3578 matrem
294 3554 372 3578 tuam
385 3569 395 3584 ,
420 3544 507 3584 ipsam
520 3545 553 3576 ὃς
568 3544 613 3588 sua
630 3547 716 3576 etiarn
736 3549 847 3587 negotia
869 3550 992 3591 benigne
1007 3552 1169 3589 tranando,
1187 3551 1220 3581 &

164 3585 326 3618 mandando
338 3584 447 3615 mitari
457 3606 467 3622 ,
484 3582 701 3628 magnificentiae
712 3592 768 3615 tuae
782 3586 933 3625 plurimum
948 3591 1166 3629 congaudemus.

199 3623 320 3665 Expedit
333 3623 411 3653 enim
430 3622 464 3653 &
479 3621 648 3659 spiritualiter
661 3630 718 3653 tuae
739 3622 813 3654 saluti
830 3648 839 3664 ,
865 3627 899 3657 ὃς
921 3629 1108 3669 temporaliter
1128 3628 1223 3667 regalis

164 3662 283 3694 honoris
295 3673 311 3693 a
349 3668 448 3691 mento
478 3668 511 3691 ut
525 3660 643 3691 eandem
663 3669 782 3691 matrem
797 3670 891 3703 tuam²
908 3667 981 3703 juxta
995 3667 1124 3699 divinum
1137 3668 1224 3697 bene-

162 3701 298 3741 placitum
304 3669 550 3740 fiionorifi’centia
565 3698 660 3730 debita
674 3699 851 3740 prosequaris.

165 3779 272 3850 agag.
293 3779 425 3829 Lugdun.
447 3788 475 3810 2.
498 3777 564 3812 Kal.
576 3778 769 3819 Decembris,
783 3779 969 3814 Pontificatfis
988 3785 1078 3816 nostri
1095 3795 1170 3817 anno
1185 3784 1225 3816 se-

842 3887 897 3918 Sub
902 3887 956 3930 filo
968 3891 1092 3923 canabeo.

1276 2825 1304 2854 i'n
1319 2823 1400 2856 dietis
1417 2824 1494 2854 mille
1506 2825 1646 2855 marcatis:
1667 2825 1741 2856 Alias
1754 2828 1825 2857 vero
1847 2827 1923 2856 mille
1938 2826 2076 2858 Marcatas
2095 2828 2290 2868 assignabimus
2304 2832 2334 2862 in

1275 2863 1382 2902 Regno
1393 2861 1491 2893 nostro
1506 2862 1631 2902 Angliae,
1648 2862 1677 2893 in
1690 2863 1759 2895 locis
1779 2866 2005 2902 competentibus
2015 2889 2026 2904 ,
2052 2866 2086 2897 ad
2105 2868 2196 2898 visum
2213 2868 2247 2899 &
2263 2869 2335 2901 arbi⁶

1274 2903 1359 2933 trium
1374 2902 1516 2932 bonorum
1528 2903 1662 2932 virorum.

1312 2940 1385 2970 Sane
1398 2964 1408 2978 ,
1435 2941 1504 2969 inter
1526 2948 1577 2969 nos
1592 2963 1602 2977 ,
1623 2941 1651 2970 in
1678 2935 1822 2980 specialem
1844 2942 2066 2972 conventionem
2087 2940 2138 2973 fuit
2157 2943 2338 2986 deducitumf

1274 2979 1351 3019 quod
1367 2979 1386 3010 fi
1399 2978 1468 3009 infra
1480 2979 1653 3016 septennium
1670 2979 1757 3018 (quod
1772 2980 1814 3010 est
1826 2986 1937 3017 tempus
1948 2989 2045 3018 aptum
2057 2980 2091 3012 ad
2107 2982 2248 3022 Sponsalia
2260 2993 2334 3016 con-

1272 3017 1413 3053 trahenda)
1430 3017 1465 3047 de
1480 3016 1561 3046 disto
1575 3016 1706 3047 Henrico
1720 3017 1776 3047 filio
1791 3018 1888 3048 nostro
1900 3018 2012 3058 aliquod
2031 3019 2188 3050 humanum
2202 3024 2332 3063 contige-

1271 3055 1306 3086 rit
1323 3056 1411 3096 (quod
1425 3055 1503 3091 absit)
1518 3054 1594 3094 quod
1614 3056 1727 3092 piaefiita
1740 3056 1871 3094 Johanna
1886 3056 2003 3087 Alfonso
2020 3057 2078 3088 filio
2093 3058 2191 3089 nostro
2204 3059 2333 3100 legitimo

1269 3102 1392 3133 nuptum
1406 3093 1579 3131 collocetur,
1597 3094 1647 3123 sub
1660 3094 1760 3124 elidem
1774 3095 1859 3133 paens
1877 3096 1910 3126 &
1923 3097 2159 3129 conventionibus
2172 3108 2221 3138 per
2236 3101 2333 3131 omnia

1267 3132 1388 3170 superius
1400 3133 1548 3163 annotatis:

1308 3171 1407 3210 Qam
1421 3171 1644 3201 conventionem
1659 3181 1712 3202 nos
1723 3194 1733 3209 ,
1757 3171 1905 3209 praedi‘ctus
1918 3171 1985 3203 Rex
2003 3172 2143 3205 Navarrae
2157 3191 2167 3214 ,
2191 3172 2333 3207 laudamus

1269 3210 1303 3240 δε
1315 3210 1514 3247 approbamus,
1530 3209 1562 3239 &
1573 3207 1665 3239 eidem
1682 3209 1803 3250 expreffe
1814 3212 1943 3242 nostrum
1955 3213 2131 3250 impertimur
2141 3213 2283 3244 assensum.

1305 3247 1487 3286 Noviffime,
1515 3246 1611 3277 rovida
1623 3247 1823 3279 deliberatione
1836 3250 1976 3290 pensantes
1990 3251 2023 3281 ὃς
2035 3251 2330 3290 confideranre1·qiiali-·

1268 3293 1309 3316 ter
1316 3287 1415 3317 statum
1422 3296 1479 3324 prae
1500 3286 1616 3316 terarum
1624 3293 1758 3317 terrarum
1764 3285 1922 3319 nostrarum
1930 3289 2099 3327 confinium,
2107 3290 2212 3328 (multis
2219 3290 2341 3319 dudum²

1269 3334 1444 3364 guerrarum,
1463 3325 1644 3362 seditionum,
1662 3323 1870 3357 tribulationum
1884 3326 2015 3357 fluCtibus
2032 3328 2176 3367 agitatum)
2193 3327 2330 3366 ponimus

1268 3366 1298 3394 in
1314 3364 1493 3403 tranquillum
1508 3363 1663 3402 deducere,
1682 3362 1715 3394 δε
1730 3363 1765 3394 ad
1784 3365 1906 3395 formam
1925 3366 2059 3396 reducere
2073 3366 2220 3396 meliorem
2235 3388 2244 3404 ,
2269 3375 2340 3405 quo·

1268 3411 1321 3440 pax
1337 3403 1368 3433 &
1381 3402 1482 3441 justitia
1495 3401 1693 3432 conserventur
1704 3403 1735 3432 in
1751 3403 1819 3442 hiis,
1837 3402 2122 3444 promittimusvobis
2136 3425 2145 3441 ,
2169 3404 2203 3434 &
2217 3405 2341 3437 conve-,³

1267 3442 1359 3471 nimus
1377 3440 1536 3471 adinvicem
1559 3440 1633 3470 bona
1653 3439 1707 3471 fide
1723 3464 1732 3479 ,
1753 3442 1830 3481 quod
1849 3452 1902 3473 nos
1916 3465 1925 3481 ,
1950 3442 2097 3481 praedifflis
2112 3441 2184 3472 'Rex
2197 3441 2327 3487 Angliae,

1287 3478 1434 3510 raedid'tum
1446 3479 1556 3517 Regem
1568 3477 1706 3509 Navarrae
1716 3480 1876 3517 juvabimus
1889 3490 1987 3511 contra
2000 3488 2099 3513 omnes
2113 3480 2260 3520 homines,
2275 3482 2342 3521 qur'

1266 3488 1401 3548 iiostiliter
1415 3517 1574 3548 invaderent
1588 3515 1687 3548 Terras
1701 3518 1773 3556 suaS,
1791 3519 1836 3549 vel
1848 3519 1923 3549 bona
1937 3519 2002 3557 sua,
2029 3518 2103 3556 qnod
2117 3518 2233 3556 quidem
2243 3520 2330 3557 juva<

1267 3567 1333 3587 men
1350 3556 1399 3586 sibi
1410 3556 1557 3591 faciemus,
1575 3554 1608 3584 &
1623 3564 1672 3594 per
1684 3565 1799 3596 gentem
1822 3556 1947 3588 nostram
1963 3557 2020 3586 sieri
2041 3556 2161 3586 similiter
2178 3556 2329 3596 iaciemus,

1264 3595 1391 3633 quotiens
1406 3604 1453 3632 per
1468 3593 1635 3633 praedietum
1648 3594 1760 3634 Regem
1775 3594 1912 3624 Navarrae
1926 3618 1937 3634 ,
1961 3594 2009 3625 vel
2019 3593 2104 3625 alium
2118 3596 2192 3625 vices
2204 3596 2261 3633 ejus
2274 3605 2323 3635 ge-

1266 3640 1374 3663 rentem
1384 3656 1393 3671 ,
1411 3642 1461 3662 nos
1470 3655 1479 3670 ‚
1494 3631 1538 3662 vel
1550 3630 1715 3663 Senescallus
1726 3632 1821 3663 noster
1829 3633 1992 3671 Vasconiae,
2009 3632 2055 3663 scu
2067 3633 2142 3663 vices
2154 3633 2259 3665 nostras
2275 3643 2327 3674 ge*

1265 3682 1326 3703 rens
1340 3671 1474 3701 fuerimus
1486 3669 1614 3708 requisiti.

1304 3709 1348 3739 Ad
1363 3709 1455 3748 quod,
1475 3708 1539 3738 vice
1557 3707 1633 3738 versfi
1644 3730 1654 3745 ,
1681 3718 1732 3738 nos
1746 3732 1754 3747 ,
1778 3709 1905 3747 praesatus
1919 3708 2060 3740 Henricus
2081 3708 2147 3740 Rex
2166 3709 2326 3751 Navarrae,

1266 3748 1427 3779 faciendum
1442 3747 1474 3778 δε
1488 3745 1675 3786 praestandum
1697 3747 1833 3786 praedicto
1854 3747 1927 3786 Regi
1943 3748 2055 3787 Angliae
2067 3771 2078 3786 ,
2102 3748 2146 3778 vel
2167 3748 2324 3780 Senescallo

1266 3788 1315 3817 suo
1329 3784 1495 3822 Vasconiae,
1509 3784 1554 3814 vel
1568 3785 1644 3814 vices
1653 3785 1709 3822 ejus
1721 3786 1845 3824 gerenti,
1860 3786 1874 3815 a
1887 3783 1969 3815 nobis
1982 3809 1992 3824 ,
2015 3786 2085 3816 dum
2094 3788 2127 3816 in
2139 3786 2248 3827 'Regno
2262 3789 2324 3818 fue-

1267 3827 1352 3856 rimus
1361 3848 1370 3864 ,
1386 3824 1429 3854 vel
1441 3822 1619 3853 ”aScnescallo
1630 3822 1731 3853 nostro
1761 3824 1805 3854 seu
1817 3825 1893 3854 vices
1904 3823 2009 3854 nostras
2021 3833 2149 3864 gerente,
2165 3835 2217 3856 nos
2226 3826 2327 3856 astrin-

1267 3866 1358 3903 gimus
1372 3863 1404 3893 ὃς
1418 3860 1572 3900 obligamus
1608 3862 1722 3901 quotien
1734 3870 1858 3900 cumque
1870 3871 1917 3901 per
1930 3862 2052 3893 eundern
2067 3863 2196 3903 Regem,
2211 3864 2256 3894 vel
2271 3864 2323 3893 Se-

1267 3901 1414 3932 nescalliini
1428 3900 1507 3930 suum
1521 3883 1684 3937 Vaissoniae,
1699 3899 1744 3930 seu
1757 3908 1899 3939 gerentem
1912 3901 1988 3931 vices
2001 3902 2059 3940 ejus
2069 3925 2080 3940 ,
2102 3911 2170 3941 nos,
2183 3901 2324 3933 Senescal-

1267 3942 1307 3972 lus
1322 3935 1417 3969 noster
1425 3961 1435 3976 ,
1452 3937 1496 3968 vel
1509 3938 1585 3968 vices
1595 3938 1701 3968 nostras
1712 3946 1827 3977 gerens,
1844 3939 1976 3970 flierimus
1987 3941 2115 3979 requisitis

1306 3977 1475 4008 Praedisstum
1494 3985 1587 4006 autem
1603 3975 1734 4014 juvamen
1754 3976 1836 4006 nobis
1856 3977 2014 4009 adinvicem
2035 3978 2240 4020 praestabimus,
2255 3977 2324 4009 sicut

1270 4016 1435 4057 praedit‘liim
1451 4014 1505 4051 cst,
1523 4023 1621 4045 contra
1639 4024 1737 4045 omnes
1751 4014 1879 4046 homines
1889 4039 1900 4054 ,
1926 4024 2109 4057 praeterquam
2131 4024 2227 4047 contra
2242 4015 2324 4047 Sere-

1268 4055 1411 4086 niisinium
1433 4052 1596 4090 Principem
1614 4052 1777 4084 Dominum
1795 4053 1923 4085 nostrum
1944 4053 2056 4095 Regem
2074 4055 2199 4085 Franciae
2210 4076 2221 4093 ,
2244 4055 2328 4098 cujus

1268 4093 1402 4125 assensum
1418 4092 1451 4124 ὃς
1465 4091 1640 4124 voluntatem
1653 4093 1802 4127 communi
1815 4091 1920 4126 assensu
1929 4094 1960 4126 in
1973 4092 2167 4127 contrahendo
2177 4100 2324 4159 mamnssss

2350 1651 2473 1689 *liw-
