2570 4261
791 218 893 271 'ET
949 229 1189 273 ACTA
1243 227 1657 272 PussticA.

9 310 86 342 Ann-
101 305 144 338 D·
163 319 327 351 turbationis
350 319 461 350 materia
482 317 630 357 suscitata,
651 316 787 360 quodque
806 316 853 360 illa
870 316 982 354 possunt
1023 317 1146 349 raedictae
1168 314 1225 345 sedi

32 347 118 385 1264·
161 359 307 399 multiplex
319 369 448 399 generare
463 358 674 396 praejudicium,
691 357 724 386 &
738 355 855 385 libertati
868 353 989 386 Ecclesia
1017 359 1068 387 icae
1085 366 1144 386 non
1159 363 1223 384 mo-

11 392 74 418 Hm·
88 395 115 424 3·
162 396 258 428 dicum
272 398 487 428 detrimentum:

196 436 350 475 Cupientes
378 445 492 478 quoque
511 441 542 463 ut
564 433 699 472 Regnum
720 432 808 470 ipsum
823 455 833 471 ,
852 433 978 463 extinCto
1002 432 1172 464 dissensionis
1189 431 1223 462 &

158 474 277 506 scandali
300 474 401 504 fomite
445 483 474 502 in
496 472 677 511 tranquilitate
698 471 819 510 persistat
841 472 874 502 ὃς
889 473 961 509 pacis
974 473 1067 503 affluat
1080 471 1224 508 ubertate,

160 513 346 552 provisiones,
367 496 570 548 ordinationes,
589 509 703 547 statuta,
717 510 919 549 obligationes,
933 508 1224 549 conjurationes,coi-

159 552 304 591 ligationes
316 551 349 583 &
361 550 578 589 conspirationes
593 547 768 586 hujusmodi,
783 558 950 593 quocunque
964 551 1081 579 nomine
1096 547 1227 577 censean-

161 597 208 621 tur
249 588 285 619 de
304 588 447 626 potestatis
466 586 643 626 Apostolicae
665 586 836 625 plenitudine
862 588 996 618 cassamus
1017 589 1050 618 ὃς
1072 587 1226 623 irritamus,

161 637 196 659 ca
253 627 287 658 &
307 628 379 658 irrita
399 628 432 658 ὃς
451 627 550 656 nullius
568 624 702 655 firmitatis
715 624 830 655 existere
843 627 1018 663 nuntiamus3
1035 635 1133 664 poenas
1148 624 1226 663 quas-

161 675 277 704 cunque
295 665 374 704 super
391 667 448 696 hoc
467 664 583 702 adieetas
598 687 608 703 ,
626 664 660 694 &
679 665 830 701 juramenta
849 664 966 701 prcestita
981 688 990 703 ,
1010 665 1174 701 relaxantes,
1193 673 1227 693 ac

163 704 347 735 decernentes
359 704 541 742 quoscunque
560 701 594 731 ad
612 701 835 733 observationem
846 704 1068 741 juramentorum
1087 702 1228 740 hujusmo-

164 743 196 774 di
231 744 266 774 &
281 743 315 774 ad
331 743 438 773 easdem
453 751 550 781 poenas
563 741 730 778 aliquatenus
742 750 800 770 non
818 742 912 771 teneri.

203 767 292 812 Nulli
305 790 373 820 ergo
385 782 506 810 omnino
520 779 673 809 hominum
695 779 775 810 liceat
797 779 869 809 hanc
884 781 1013 819 paginam
1027 778 1132 809 nostrae
1145 778 1231 809 casla-

166 820 269 860 tionis,
286 819 458 857 irritationis,
473 818 670 856 nuntiationis,
687 817 857 848 relaxationis
869 819 902 848 &
918 817 1124 848 constitutionis
1132 817 1233 847 infrin-

164 868 249 898 gere,
269 858 314 888 vel
329 859 354 888 ei
367 858 430 888 ausu
443 857 594 887 temerario
607 857 762 893 contraire;

207 896 298 936 Siquis
309 903 404 926 autem
418 896 475 926 hoc
487 903 651 933 attemptare
667 894 864 934 praesumpserit
878 918 887 933 ,
906 895 964 925 indi
984 894 1127 925 nationem
1139 894 1234 924 omni-

166 935 291 974 potentis
313 933 371 965 Dei
391 935 425 966 &
447 935 593 964 beatorum
616 932 691 963 Petri
712 934 746 964 δε
768 932 862 972 Pauli,
887 933 953 971 Apo
978 933 1091 963 olorum
1106 934 1183 971 ejus,
1207 933 1235 963 se

172 973 286 1005 noverit
295 973 480 1004 incursurum.

207 1052 277 1084 Dat.
296 1052 368 1092 apud
383 1052 500 1084 Urbem
515 1060 656 1091 veterem,
670 1052 786 1084 decimo
809 1051 929 1085 Kalend.
951 1050 1070 1089 Aprilis,
1085 1050 1237 1083 Pontifica-

173 1090 219 1124 tfis
232 1090 322 1122 nostri
338 1102 412 1124 anno
425 1093 517 1123 tertio.

886 1171 979 1211 sigillo
993 1171 1098 1213 avulffi.

25 1316 77 1346 01.
92 1314 160 1353 73⁷7,
233 1300 261 1328 ’ἒ
287 1304 378 1337 Bulla
389 1314 444 1350 pro
460 1306 613 1337 Conventa
632 1303 745 1335 Σαπίθα
764 1302 926 1335 Trinitatis
944 1302 1076 1337 London.
1089 1302 1186 1350 snper

469 1350 622 1397 Hospitali
640 1350 750 1383 Sanffae
769 1348 953 1385 Katharinae.

24 1440 106 1472 'Ann.
120 1438 162 1469 D.
180 1441 374 1504 URbanus
386 1439 556 1485 EpiscopuS,
574 1437 664 1483 servus
674 1438 818 1482 servorum
833 1437 909 1477 Dei,
924 1439 1036 1484 diledtis
1047 1440 1116 1485 siliis.

57 1480 142 1517 1264.
306 1481 412 1511 Abbati
425 1480 459 1510 &
563 1477 654 1508 Priori
669 1476 836 1508 Gloverniae
849 1500 858 1516 ,
876 1478 1057 1517 Wigornien.
1075 1479 1164 1511 Dioc.
1177 1478 1247 1510 salu-

27 1523 80 1547 An.
95 1519 142 1554 48.
181 1526 241 1549 tem
253 1520 287 1550 ὃς
305 1517 501 1556 Apostolicam
515 1516 754 1546 benedietionem.

29 1562 64 1585 H.
86 1566 112 1593 3.
129 1611 140 1617 -
220 1557 329 1602 Dileeti
345 1556 394 1587 filii
438 1595 442 1600 ³
468 1594 473 1599 .
499 1554 581 1585 Prior
594 1553 1089 1625 ⁶&ACOniiissiiuiasogssdgiifflbffffecff
1100 1556 1248 1626 {rigtattis

23 1598 111 1671 ‘ligr-A
179 1593 801 1673 ggddgigffgnoieiffritdlrsiaesairifaeilexuffihgliae,
821 1633 855 1663 &
877 1631 923 1662 M.
935 1603 1055 1678 pRegina
1068 1606 1249 1674 utiliorvipsigs:

180 1682 343 1713 perpetuam
366 1671 524 1703 custodiam
538 1693 549 1709 ,
567 1671 601 1701 &
615 1670 757 1713 'quicquid
777 1671 842 1708 juris
861 1671 1002 1702 habebant
1013 1683 1042 1703 in
1058 1672 1184 1710 hospitali
1199 1684 1248 1704 eo-

179 1722 244 1742 rum
266 1711 378 1742 SanCtae
399 1709 563 1740 Katherinae
577 1731 586 1747 ,
623 1716 685 1738 uxta
706 1709 823 1739 Turrim
845 1708 1025 1741 Londonien.
1044 1711 1151 1751 posito,
1170 1712 1248 1750 quod

180 1751 191 1780 i
212 1751 231 1780 fi
251 1750 288 1780 de
302 1750 393 1779 bonis
407 1748 523 1787 propriis
542 1757 600 1777 con
628 1755 754 1778 ruxerant
767 1771 777 1786 ,
803 1748 836 1778 &
851 1747 998 1788 dotfirant,
1012 1749 1094 1780 dietis
1108 1749 1199 1781 Priori
1214 1752 1249 1782 &

179 1761 365 1826 (gouventui,
382 1796 415 1817 ac
428 1795 528 1817 eorum
548 1785 682 1816 Ecclesiae
703 1786 814 1817 Sanetae
827 1786 972 1818 Trinitatis
986 1788 1132 1820 liberaliter
1146 1797 1250 1820 contu-

180 1827 288 1858 lerunt·

217 1863 256 1895 Et
269 1850 457 1905 postmodum
470 1862 585 1901 quidam
600 1862 694 1903 Reges
711 1862 756 1894 An
777 1863 838 1901 liae,
857 1865 903 1904 qui
916 1864 981 1903 post
994 1865 1065 1904 ipsos
1080 1865 1252 1906 fuerunt,&

180 1903 265 1934 etiam
279 1901 430 1934 cariffimus
444 1903 475 1932 in
490 1901 608 1932 Christo
624 1901 692 1932 filius
706 1912 745 1932 no
773 1912 802 1932 er
914 1904 980 1934 Rex
999 1905 1112 1943 Angliae
1125 1905 1250 1946 illustris,

180 1942 363 1973 collationem
378 1940 535 1980 hujusmodi
549 1940 703 1971 habuerunt
714 1950 800 1971 ratam
815 1941 849 1972 ὃς
862 1941 971 1972 firmam
980 1965 989 1981 ,

220 1980 317 2019 Aliqui
328 1981 413 2010 etiam
428 1979 608 2010 Londonien.
624 1979 772 2018 Episcopi,
793 1980 829 2010 de
843 1980 977 2011 consensu
990 1980 1115 2019 Capituli
1131 1981 1251 2013 Londo-

184 2020 261 2050 nien.
285 2019 431 2059 praefatum
452 2017 596 2056 Hospitale
611 2040 622 2057 ,
641 2028 709 2049 cum
729 2019 863 2048 omnibus
880 2021 1050 2058 pertinentiis
1070 2019 1120 2051 suis
1134 2044 1145 2060 ,
1169 2021 1252 2052 dictis

185 2058 277 2089 Priori
291 2059 324 2089 &
338 2056 504 2089 Conventui
516 2057 550 2088 ὅτ,
563 2055 695 2087 Ecclesiae
707 2057 918 2088 concesserunt·

225 2096 262 2127 Et
277 2098 335 2126 tam
349 2096 417 2136 ipsi,
432 2096 518 2134 quam
534 2095 647 2134 quidam
667 2095 876 2136 Archiepiscopi
900 2081 1079 2127 Cantuarien.
1100 2096 1254 2138 Metropo—

186 2135 262 2166 litan.
281 2135 356 2174 loci,
372 2134 552 2165 collationem
572 2133 617 2165 seu
638 2134 824 2165 donationem
847 2136 1004 2173 hujusmodi
1022 2136 1225 2168 confirmarunt
1243 2160 1254 2176 ,

184 2181 270 2213 prout
285 2175 314 2203 in
328 2173 411 2204 literis
424 2173 489 2203 inde
501 2172 637 2203 confettis
651 2173 754 2203 dicitur
767 2173 871 2210 plenius
886 2175 1040 2205 contineri:

226 2211 366 2250 Distique
380 2211 461 2242 Prior
474 2212 508 2242 &
521 2210 689 2242 Conventus
700 2211 847 2251 Hospitale
859 2212 1006 2249 praefatum
1019 2214 1144 2253 ,ejusque
1159 2213 1255 2244 custo-

188 2250 264 2281 diam
280 2273 290 2290 ,
314 2261 382 2281 cum
400 2251 533 2280 omnibus
547 2250 718 2287 pertinentiis
731 2250 798 2289 suis,
813 2261 829 2281 a
844 2259 961 2282 centum
975 2253 1051 2283 annis
1066 2254 1153 2292 citra,
1171 2253 1257 2291 usque

187 2289 223 2320 ad
237 2289 301 2320 haec
318 2297 464 2329 tempora,
501 2289 598 2320 acifice
614 2289 809 2329 possederunt,

227 2326 405 2359 Instituentes
421 2329 455 2360 &
490 2327 649 2358 estituentes
662 2327 756 2358 fratres
770 2327 892 2367 ibidem,
909 2329 958 2366 qui
972 2329 1157 2370 suscipiebant
1170 2330 1206 2360 ab
1222 2331 1260 2360 eis

211 2366 392 2397 rofesfionem
408 2390 417 2405 ,
435 2367 562 2397 habitum
577 2389 586 2405 ‚
611 2367 646 2398 δε
668 2366 782 2397 vivendi
803 2367 924 2397 modum
938 2390 949 2406 ,
965 2368 1119 2399 secundum
1136 2369 1260 2408 regulam

188 2376 288 2436 {aneti
303 2405 470 2445 Augustini,
485 2405 520 2436 &
533 2405 736 2444 promittebant
758 2406 931 2442 'urament0,
945 2406 1025 2444 super
1049 2407 1107 2437 hoc
1120 2407 1261 2448 praestito,

191 2444 242 2475 sub
257 2454 357 2474 eorum
372 2444 531 2474 obedientia
542 2444 653 2481 vivere,
673 2444 707 2473 δε
719 2445 747 2482 ip
758 2453 779 2473 is
794 2444 854 2474 tam
868 2442 903 2472 de
918 2443 1114 2485 spiritualibus,
1131 2446 1216 2486 quam
1223 2445 1259 2476 de

192 2483 394 2522 temporalibus
407 2482 527 2520 plenarie
539 2480 718 2521 respondere:

186 2521 188 2523 ’
228 2520 284 2550 Sed
299 2520 461 2551 venerabilis
475 2520 556 2549 frater
570 2517 665 2549 noster
772 2518 954 2551 Londonien.
973 2520 1145 2561 Episcopus,
1164 2529 1261 2552 contra

197 2558 379 2589 collationem
395 2559 429 2589 &
452 2557 701 2589 confirmationem
721 2557 878 2595 hujusmodi
892 2560 1022 2598 veniens,
1041 2561 1111 2601 ipsos
1124 2559 1264 2598 Hospitali

193 2597 350 2638 praeditff’to,
367 2596 476 2636 ejusque
488 2596 591 2634 juribus
606 2597 640 2627 &
652 2596 823 2636 pertinentiis
835 2595 886 2627 suis
899 2596 1034 2637 spolians,
1051 2609 1111 2629 non
1126 2599 1262 2638 permittit:

194 2638 290 2668 fratres
314 2643 523 2666 commorantes
547 2633 654 2664 ibidem
681 2635 849 2664 canonicam
870 2636 908 2666 eis
933 2636 967 2667 &
989 2636 1113 2669 debitam
1135 2637 1266 2667 exhibere

194 2674 404 2713 obedientiam,
418 2672 452 2703 ad
466 2682 566 2703 eorum
581 2673 675 2703 venire
689 2672 872 2711 Capitulum,
889 2674 923 2705 ὃς
937 2675 988 2705 fibi
1000 2675 1036 2705 de
1049 2675 1266 2717 temporalibus,
1308 2688 1313 2691 ’

197 2723 279 2745 more
294 2712 374 2743 solito
381 2736 391 2752 ,
409 2711 589 2750 respondere:

234 2752 384 2791 roirca
409 2751 568 2781 discretioni
589 2748 690 2780 vestrae
713 2759 762 2788 per
792 2749 956 2790 Apostolica
983 2751 1033 2783 scri
1054 2761 1080 2783 ta
1102 2751 1266 2784 mandamus

220 2793 325 2822 uatinus
340 2813 351 2829 ,
376 2790 395 2820 si
414 2789 456 2820 est
479 2790 515 2819 ita
530 2812 540 2828 ,
562 2787 672 2819 dietum
693 2787 865 2830 Episcopum
877 2812 887 2827 ,
902 2789 979 2829 quod
998 2793 1024 2822 ei
1035 2791 1102 2823 dem
1119 2791 1210 2822 Priori
1232 2793 1266 2823 &

198 2801 367 2860 Conventui
382 2828 533 2866 liospitalei
554 2827 630 2866 sum,
648 2836 715 2857 cum
727 2828 860 2858 omnibus
873 2828 923 2858 suis
936 2831 1124 2870 pertinentiis,
1143 2830 1268 2861 cumin-

198 2869 324 2908 tegritate
344 2866 481 2906 restituat,
496 2866 525 2897 di
555 2866 641 2904 osque
660 2865 755 2896 fratres
776 2867 831 2904 ejus
851 2866 939 2897 libere
953 2867 1119 2907 respondere
1130 2870 1272 2907 permittat

198 2907 236 2938 de
256 2906 361 2945 justitiis
379 2905 516 2937 consuetis
530 2929 540 2945 ,
563 2905 722 2935 monitione
741 2905 897 2945 praemiffa,
912 2906 1076 2939 auctoritate
1090 2908 1202 2947 nostra,
1220 2918 1269 2946 ap-

200 2945 351 2986 pellatione
364 2951 473 2975 remota
481 2967 491 2983 ,
509 2944 698 2982 compellatis:

241 2983 318 3013 Non
339 2982 469 3013 obstante
488 2982 507 3012 si
523 2982 616 3013 eidem
636 2981 780 3023 Episcopo
793 2992 809 3012 a
824 2982 886 3013 sede
907 2982 1073 3024 Apostolica
1085 2984 1117 3015 sit
1132 2985 1270 3016 indultum

226 3022 284 3052 uod
297 3021 555 3059 excommunicari,
572 3021 712 3061 suspendi,
728 3022 773 3052 vel
788 3021 916 3052 interdici
939 3032 999 3052 non
1064 3022 1107 3053 [Γπ
1120 3034 1170 3062 per
1184 3025 1271 3055 literas

203 3031 272 3089 pedis
285 3059 405 3096 ejusdem
416 3081 426 3097 ,
444 3068 506 3088 non
519 3059 648 3091 facientes
660 3059 773 3097 plenam
785 3061 819 3092 &
835 3060 990 3101 expressam
1028 3072 1044 3092 e
1056 3062 1167 3093 indulto
1183 3063 1273 3102 hujus-

205 3097 288 3128 modi
299 3098 495 3135 mentionem,

244 3134 354 3175 Qiod,
372 3135 391 3166 si
405 3144 464 3179 non
477 3135 565 3166 ambo
578 3134 629 3166 hiis
643 3136 811 3175 exequendis
823 3138 966 3178 potueritis
980 3138 1125 3179 interesse,
1140 3140 1206 3172 alter
1213 3150 1274 3172 ves-

207 3173 286 3206 trfim
299 3184 331 3205 ea
345 3173 544 3205 nichilominus
558 3182 714 3213 exequatur.

245 3252 316 3298 Dat.
338 3253 412 3294 apud
434 3252 554 3298 Urbem
575 3261 699 3285 veterem
713 3278 723 3294 ,
746 3257 848 3296 quinto
870 3256 936 3288 Kal.
958 3256 1075 3298 Aprilis,
1090 3257 1275 3291 pontificatus

212 3292 302 3323 nostri
315 3302 393 3322 anno
407 3300 501 3323 tertio.

706 3371 833 3405 Plumbeo
846 3375 936 3414 sigillo
950 3389 969 3406 a
976 3376 1029 3420 filo
1040 3379 1167 3409 canabeo.

217 3502 306 3538 Bulla
325 3513 380 3550 pro
403 3504 508 3536 Priore
526 3505 563 3541 (ῤ’
583 3504 736 3537 Conventa
761 3506 872 3539 SanHae
887 3507 1067 3554 Trinitatis,
1096 3523 1156 3557 quae
1173 3510 1282 3557 dirigi-

326 3563 379 3585 tur
395 3554 507 3598 Reginae
526 3552 643 3598 Angliae
656 3563 712 3599 pro
725 3554 878 3600 Hospitali
891 3558 1000 3590 Sanaae
1018 3563 1168 3593 Caterinae.

68 3637 148 3670 'Arm-
161 3635 204 3668 D.
302 3642 421 3686 Rbanus
434 3640 605 3686 Episcopus,
624 3639 714 3685 servus
724 3641 868 3686 servorum
881 3644 957 3685 Dei,
965 3648 1112 3679 cariffimae
1124 3649 1154 3678 in
1167 3647 1284 3679 Christo

69 3674 154 3751 Aizi
173 3699 183 3743 .-
226 3681 463 3750 bencdfilgssssem-
485 3680 607 3720 Reginae
623 3679 737 3720 Anghae
759 3679 856 3712 illustri
868 3705 879 3721 ‚
902 3683 1017 3717 salutern
1035 3688 1069 3718 &
1092 3686 1287 3728 Apostolicam

70 3758 112 3818 Izi}
125 3763 185 3819 {w-
227 3794 246 3826 d
264 3757 430 3826 Diledtifiliii
447 3797 451 3802 ι
480 3756 794 3826 ΞΡτὲῗςῗΟοηγεῃωε
803 3757 936 3826 {eclesiae
942 3761 1203 3796 sanetaeTrinitatis
1209 3764 1289 3812 Lon-

71 3835 136 3867 ngr·
226 3806 472 3867 Εὲῗὲῃὼὲὧὲὲἓ
485 3806 534 3864 ἐι]
545 3806 612 3864 Riex
709 3806 756 3834 ni,
772 3806 812 3826 no
833 3806 1008 3838 isexponere
1016 3802 1286 3843 curaverunt‚quod

429 3875 433 3880 ι
625 3874 630 3879 -
692 3835 788 3878 'liaenac'
803 3833 850 3864 M.
861 3835 973 3876 Regina
983 3849 1058 3883 uxor
1074 3842 1173 3881 ipsius,
1189 3851 1289 3883 perpe-

225 3879 303 3903 tuam
324 3874 481 3906 custodiam
496 3896 506 3912 ,
528 3873 561 3904 &
583 3883 650 3911 quic
670 3872 720 3916 uid
739 3882 803 3911 luris
823 3873 962 3907 habebant
980 3887 1010 3908 in
1029 3879 1168 3919 Hospitali
1189 3890 1291 3911 eorum

226 3909 339 3943 Sanstae
360 3913 505 3944 Katerinae
543 3914 620 3951 juxta
666 3921 753 3942 umm
769 3911 949 3943 Londonien.
968 3917 1058 3955 posito
1098 3919 1177 3957 quod
1189 3919 1238 3957 ipsi
1255 3918 1291 3948 de

226 3947 310 3979 bonis
322 3953 439 3990 propriis
451 3935 660 3995 construxerant
672 3949 861 3994 &.dotarant‚
881 3950 1017 3986 duxerunt
1029 3941 1117 3989 eis'&
1130 3957 1218 3988 dietae
1233 3957 1292 3988 Ec-

227 3986 318 4018 clefiae
333 3990 446 4021 Sanetae
459 3991 603 4021 Trinitatis
615 3988 761 4019 liberaliter
774 3989 952 4020 conferenda.

269 4027 284 4043 *
300 4025 338 4070 Et
351 4028 537 4066 postmodum
551 4028 664 4069 quidam
673 4027 773 4072 Reges
788 4027 899 4067 Angliae
908 4051 918 4066 ,
933 4029 983 4068 qui
995 4031 1059 4069 post
1072 4034 1146 4073 ipsos
1161 4035 1273 4065 fuerunt
1282 4057 1293 4073 ‚

228 4063 264 4094 &
282 4072 366 4095 etiam
379 4067 540 4106 carissimus
556 4070 588 4107 in
608 4066 725 4097 Christo
748 4066 819 4096 filius
833 4065 929 4098 noster
936 4089 952 4106 ,A
965 4066 1030 4100 Rex
1041 4071 1154 4112 Angliae
1167 4072 1293 4112 illustris,

227 4101 412 4151 collationem
424 4104 582 4145 hujusmodi
594 4105 750 4138 habuerunt
764 4113 850 4138 ratam
870 4106 905 4138 ὃς
919 4102 1038 4139 firmam.

75 4028 93 4047 ε*
107 4025 204 4063 ωδε.

2271 231 2325 285 87

1302 315 1398 354 Aliqui
1411 317 1495 346 etiam
1507 316 1641 354 Episcopi
1662 315 1841 348 Londonien.
1856 316 1893 348 de
1910 316 2044 349 consensu
2058 317 2184 356 Capituli
2199 316 2319 348 Londo-
2337 322 2412 353 Ann.
2425 321 2468 355 D:

1260 356 1334 385 nien.
1362 354 1508 391 praefatum
1530 354 1676 392 Hospitale
1691 379 1700 394 ,
1723 365 1790 385 cum
1815 357 1947 386 omnibus
1968 358 2139 394 pertinentiis
2164 356 2215 386 suis
2240 356 2322 387 dietis
2362 362 2444 398 1264.

1262 394 1354 423 Priori
1375 394 1409 423 &
1428 392 1647 435 Conventuilac
1661 393 1793 424 Ecclesiae
1808 395 2018 433 concesserunt,
2036 396 2069 426 &
2084 397 2141 426 tarn
2156 395 2206 432 ipsi
2211 418 2222 433 ,
2237 396 2322 434 quam
2342 404 2403 428 Hen.
2424 409 2449 436 3-
2465 413 2468 416 Δ

1261 432 1375 472 quidam
1395 430 1609 473 Archiepiscopi
1633 431 1839 462 Cantuarienses
1865 432 2079 470 Metropolitani
2097 434 2154 464 loci
2169 456 2179 471 ,
2197 433 2324 464 collatio-

1264 480 1332 500 nem
1353 468 1510 506 hujusmodi
1533 468 1751 508 confirmarunt,
1770 478 1853 508 prout
1867 472 1897 501 in
1917 471 2011 502 litteris
2026 472 2090 501 inde
2103 472 2239 503 confectis
2253 471 2324 502 dici-

1263 517 1308 540 tur
1322 507 1428 546 plenius
1441 508 1589 537 contineri.

1300 547 1439 584 Didtique
1454 544 1535 575 Prior
1546 546 1580 576 &
1597 544 1762 577 Conventus
1774 545 1920 584 Hospitale
1932 547 2099 585 praedietum
2108 572 2117 587 ,
2136 548 2245 593 ejusque
2259 558 2323 579 cus-

1263 585 1368 617 todiam
1383 594 1450 614 cum
1462 584 1595 613 omnibus
1608 586 1780 621 pertinentiis
1794 585 1844 614 suis
1858 607 1867 621 ,
1886 596 1901 615 a
1915 595 2029 616 centum
2044 589 2120 617 annis
2133 589 2166 618 &
2180 597 2265 625 eitra,
2281 588 2323 617 us-

1264 634 1320 664 que
1334 623 1367 653 ad
1380 623 1442 652 haec
1457 630 1582 660 tempora
1596 623 1712 660 pacifice
1725 623 1901 661 possederunt
1909 646 1919 661 ,
1939 625 2108 655 instituentes
2126 627 2159 656 δε
2172 624 2348 660 destituem-

1266 671 1306 693 tes
1324 662 1417 692 fratres
1437 661 1542 691 ibidem
1554 683 1564 698 ,
1582 662 1630 699 qui
1653 662 1689 691 ab
1708 663 1745 692 eis
1765 660 1979 700 professionem,
1998 663 2138 701 habitum,
2155 664 2189 694 &
2211 663 2324 694 vivendi

1267 701 1404 737 modum,
1422 699 1574 729 secundum
1589 700 1711 738 regulam
1730 701 1803 731 beati
1818 700 1966 738 Augustini
1988 701 2185 740 suscipiebant,
2202 701 2325 732 vivendo

1267 739 1316 769 sub
1328 738 1448 776 ipsorum
1466 737 1641 775 obedientia,
1665 739 1698 769 &
1711 738 1773 776 ipsis
1785 748 1841 769 tam
1855 742 1890 768 de
1905 739 2100 778 spiritualibus,
2117 749 2201 780 quam
2215 748 2328 777 tempo-

1269 777 1367 807 ralibus
1386 777 1504 814 plenarie
1518 777 1718 816 respondendo.

1305 815 1361 845 Sed
1377 825 1454 845 nunc
1468 816 1616 844 memorati
1632 814 1753 846 Prior&
1765 815 1932 848 Conventus
1946 814 2091 855 Hospitale
2106 815 2244 853 praedicto
2257 817 2330 853 ejus-

1268 863 1324 893 que
1343 854 1511 890 pertinentiis
1531 853 1566 883 de
1587 854 1718 884 mandato
1738 863 1788 885 tuo
1801 879 1811 894 ,
1827 855 1903 893 quod
1922 855 1968 885 vix
1986 854 2123 884 credimus
2140 877 2149 892 ,
2166 854 2272 891 spoliati
2288 854 2330 884 di-

1274 899 1375 922 cuntur
1415 901 1468 921 nec
1492 893 1651 931 permittant
1672 893 1781 931 fratres,
1795 901 2005 924 commorantes
2019 893 2142 931 ibidem,
2161 894 2329 923 canonicam

1272 930 1311 959 eis
1327 930 1360 960 &
1375 913 1499 959 debitam
1512 930 1643 960 exbibete
1656 931 1843 962 obedientiam
1853 955 1862 970 ,
1880 932 1913 962 ad
1929 940 2027 961 eorum
2044 933 2140 962 venire
2155 931 2329 970 capitulum,

1271 969 1304 999 &
1319 968 1368 998 sibi
1383 967 1564 1006 respondere,
1578 967 1613 997 de
1624 971 1837 1009 temporalibus,
1854 979 1885 1000 ut
1899 969 2034 999 solebant:

1312 1005 1428 1044 Propter
1439 1006 1516 1044 quod
1530 1007 1618 1036 iidem
1636 1006 1715 1037 Prior
1729 1008 1762 1038 ὃ(
1774 1008 1942 1039 Conventus
1955 1007 1989 1037 ad
2004 1006 2175 1044 Apostolicae
2189 1006 2255 1036 sedis
2269 1015 2335 1044 pro-

1274 1043 1426 1075 videntiam
1442 1053 1631 1074 recurrerunt:

1315 1082 1391 1121 Qia
1411 1084 1482 1113 vero
1501 1082 1584 1112 decet
1604 1081 1742 1112 honorem
1763 1090 1846 1112 tuum
1861 1105 1871 1120 ,
1889 1091 1920 1113 ut
1939 1083 2095 1120 hujusmodi
2113 1083 2221 1113 salubris
2240 1083 2273 1114 &
2292 1083 2337 1120 pia

1275 1120 1438 1159 conceffio,
1456 1130 1505 1158 per
1518 1128 1561 1151 tot
1579 1120 1693 1159 Reges,
1713 1129 1811 1160 totque
1831 1120 1979 1151 Pontifices
1995 1122 2140 1158 roborata,
2159 1121 2337 1151 conservetur

1276 1159 1373 1198 illaesa,
1393 1159 1595 1190 Excellentiam
1610 1167 1687 1189 tuam
1698 1168 1844 1197 rogamuS,
1859 1168 2009 1189 monemus
2024 1159 2057 1189 &
2068 1159 2211 1189 hortamur
2219 1161 2335 1197 attente,

1277 1199 1406 1236 quatinus
1425 1197 1573 1236 Hospitale
1592 1197 1700 1236 ipsum,
1718 1198 1751 1228 ὃς
1771 1207 1870 1228 omnes
1886 1199 2061 1234 pertinentias
2075 1199 2147 1234 ejus,
2164 1199 2270 1236 quaein
2284 1198 2338 1228 tuis

1279 1236 1408 1267 manibus
1422 1235 1537 1266 detineri
1551 1236 1681 1266 dicuntur
1690 1259 1700 1274 ,
1717 1235 1818 1266 eisdem
1834 1233 1925 1265 Priori
1939 1236 1972 1266 δε
1988 1234 2168 1273 Conventui,
2185 1245 2237 1274 pro
2244 1234 2340 1265 nostri

1279 1275 1313 1306 ὃς
1330 1273 1505 1312 Apostolicae
1519 1274 1588 1304 sedis
1602 1274 1773 1312 reverentia,
1787 1275 1868 1305 facias
1901 1274 2011 1314 rompta
2031 1273 2200 1312 benignitate
2220 1273 2341 1310 restitui,

1280 1323 1313 1344 ac
1336 1312 1405 1351 ipsos
1428 1311 1543 1351 pacifica
1562 1312 1763 1352 praedieiorum
1786 1313 1864 1351 posse
1888 1322 1953 1342 ione
1973 1313 2112 1352 gaudere,
2136 1312 2173 1340 ita
2187 1311 2264 1348 quod
2277 1312 2343 1348 tibi²

1282 1360 1400 1394 propter.
1409 1351 1466 1382 hoc
1502 1361 1518 1381 a
1531 1350 1600 1382 Deo
1613 1352 1679 1382 vitae
1694 1352 1820 1389 perennis
1833 1353 1982 1389 praemium
1991 1374 2000 1389 ,
2018 1352 2051 1382 &
2065 1360 2080 1380 a
2100 1349 2183 1380 nobis
2198 1349 2341 1388 condigna

1283 1398 1429 1430 proveniat
1444 1392 1478 1421 ac
1501 1400 1520 1420 o
1533 1391 1690 1428 gratiarum.

1321 1470 1388 1502 Dat.
1402 1468 1605 1514 apud'Urbem
1624 1478 1765 1510 veterem,
1784 1470 1903 1502 Kalend.
1925 1469 2044 1509 Aprilis,
2060 1466 2243 1500 Pontificatfis
2258 1466 2346 1498 nostri

1283 1519 1362 1541 anno
1377 1517 1468 1540 tertio.

2013 1587 2067 1619 Sub
2082 1586 2128 1627 filo
2142 1588 2249 1618 canabi.

1354 1724 1445 1757 Bulla
1457 1735 1513 1770 pro
1531 1725 1685 1757 Conventa
1701 1721 1847 1755 antedifio
1866 1720 1910 1755 'de
1929 1720 2088 1765 testimonio
2099 1720 2278 1769 perhibendo

1683 1776 1714 1805 in
1732 1772 1823 1814 causis
1829 1774 1968 1818 propriis.

1287 1858 1481 1922 URbanus
1495 1860 1664 1901 Episcopus,
1681 1860 1772 1891 servus
1790 1860 1933 1891 servorum
1949 1859 2023 1898 Dei,
2040 1859 2147 1891 dilectis
2158 1859 2219 1891 filiis
2370 1860 2444 1890 Ann.
2460 1859 2501 1890 D.

1376 1898 1466 1929 Priori
1488 1900 1521 1930 &
1542 1899 1709 1931 Conventui
1729 1898 1862 1930 Ecclesiae
1881 1899 1993 1929 Sanciae
2007 1899 2153 1929 Trinitatis
2168 1898 2349 1928 Londonien.
2391 1901 2473 1938 1264.

1288 1936 1393 1967 ordinis
1406 1937 1500 1968 Sancti
1514 1937 1682 1977 Augustini,
1696 1937 1809 1968 salutem
1825 1939 1857 1968 ὃς
1880 1936 2075 1975 Apostolicam
2089 1937 2328 1967 benediCtionem.
2370 1941 2421 1965 An.
2437 1938 2483 1971 48.

1326 1974 1384 2005 Etsi
1397 1976 1565 2016 superfluum
1581 1977 1705 2007 videatur
1719 1976 1848 2013 precibus
1861 1976 1992 2014 postulari
2009 1976 2086 2013 quod
2098 1987 2114 2006 a
2128 1976 2186 2014 jure
2201 1976 2350 2006 communi
2370 1981 2406 2003 H.
2426 1986 2449 2011 3.

1291 2013 1456 2046 conceditur
1469 2037 1478 2052 ,
1499 2014 1640 2045 interdum
1661 2022 1755 2044 tamen
1775 2014 1830 2054 ipsa
1844 2024 1958 2054 quoque
1970 2013 2069 2051 justitia
2083 2024 2142 2044 non
2158 2015 2289 2044 inutiliter
2308 2015 2350 2044 in-
2370 2018 2409 2041 Ex
2421 2017 2480 2041 Au-

1291 2051 1420 2092 dulgetur
1432 2076 1442 2092 ,
1465 2060 1496 2083 ut
1516 2063 1552 2083 eo
1572 2053 1604 2084 sit
1615 2064 1630 2083 a
1646 2054 1781 2084 contraria
1794 2054 1918 2093 potentia
1931 2054 2033 2091 tutior,
2048 2062 2106 2092 quo
2120 2053 2203 2084 fuerit
2217 2052 2252 2083 de
2264 2054 2351 2093 gratia
2367 2061 2430 2089 iogr.

1292 2091 1401 2129 speciali
1411 2091 1550 2122 concessa.

1327 2129 1409 2160 Hinc
1430 2130 1471 2160 est
1488 2129 1565 2169 quod
1579 2140 1647 2169 nos,
1662 2130 1822 2161 devotionis
1835 2128 1935 2160 vestrae
1954 2129 2083 2166 precibus
2095 2130 2236 2169 inclinati,
2255 2130 2355 2168 vobis,

1292 2168 1456 2200 audieritate
1476 2169 1654 2208 praesentium
1669 2192 1679 2207 ,
1696 2168 1872 2207 indulgemus
1892 2176 1924 2198 ut
1946 2169 2026 2198 licent
2042 2170 2139 2206 vobis,
2156 2171 2185 2199 in
2201 2170 2284 2199 causis
2299 2168 2357 2199 Ec-

1294 2207 1384 2237 clesiae
1397 2207 1513 2246 vestrae,
1531 2218 1630 2239 verum
1645 2207 1839 2239 testimonium
1853 2207 1938 2243 ferre,
1955 2206 2117 2237 dummodo
2131 2217 2216 2245 unus,
2233 2208 2278 2238 vel
2298 2208 2358 2238 duo

1294 2254 1329 2275 ex
1352 2247 1433 2276 vobis
1454 2246 1488 2276 ad
1507 2247 1646 2286 agendum
1667 2247 1701 2277 ὃς
1723 2245 1947 2285 respondendum
1970 2245 2071 2276 fuerint
2085 2245 2218 2283 instituti,
2236 2256 2359 2285 quorum

1296 2283 1491 2316 testimonium
1505 2286 1615 2316 admitti
1629 2295 1689 2316 non
1705 2283 1789 2315 debet
1801 2285 1831 2315 in
1845 2283 1946 2321 causiS,
1961 2284 1991 2314 in
2005 2284 2104 2324 quibus
2124 2284 2250 2315 auitores
2263 2286 2360 2315 exnte-

1295 2325 1352 2354 rint
1386 2325 1431 2355 vel
1445 2325 1530 2355 etiam
1544 2325 1716 2363 responsales.

1335 2347 1419 2393 Nulli
1435 2370 1502 2402 ergo
1517 2366 1638 2395 omnino
1655 2363 1808 2393 hominum
1828 2362 1909 2393 liceat
1930 2361 2003 2393 hanc
2025 2363 2153 2403 paginam
2172 2360 2278 2392 nostrae
2293 2372 2363 2393 con«

1300 2400 1427 2432 cessionis
1443 2402 1608 2443 infringere,
1629 2402 1674 2433 vel
1690 2403 1715 2432 ei
1730 2401 1794 2432 ausu
1809 2401 1957 2431 temerario
1971 2403 2126 2438 contraire,

1338 2439 1429 2479 Siquis
1446 2448 1540 2470 autem
1553 2442 1610 2472 hoc
1623 2448 1785 2479 attemptare
1800 2435 2018 2478 praesumpserit,
2036 2439 2258 2477 indignationem
2269 2439 2364 2469 omni-

1301 2479 1423 2515 potentis
1435 2478 1501 2521 ’Dei
1517 2502 1526 2518 ,
1543 2481 1577 2510 ὃς
1599 2480 1745 2509 beatorum
1766 2478 1842 2509 Petri
1859 2478 1892 2508 &
1908 2476 1985 2507 Pauli
2001 2500 2011 2516 ,
2029 2477 2233 2515 Apostolorum
2248 2479 2321 2516 eJus,
2337 2476 2364 2508 se

1301 2518 1416 2548 noverit
1432 2518 1616 2549 incursurum.
1651 2520 1653 2522 '

1303 2594 1408 2666 anffgtt'
1425 2597 1499 2640 apud
1513 2597 1632 2629 Urbem
1645 2604 1786 2635 veterem,
1799 2594 1919 2627 Kalend.
1940 2596 2058 2636 Aprilis,
2078 2594 2260 2627 pontificatus
2273 2594 2362 2627 no‘stti

1410 2645 1488 2666 ertio.

1638 2715 1692 2746 Sub
1701 2715 1824 2755 plumbeo
1839 2715 1929 2753 Sigillo
1936 2717 2068 2755 pendente
2080 2726 2098 2744 a
2104 2713 2260 2756 filisserici5

1728 2755 1810 2795 flavi
1823 2755 1948 2796 rubeique
1962 2754 2060 2785 coloris.

1354 2896 1376 2918 *
1392 2897 1611 2941 Aequietantia
1619 2905 1674 2941 pro
1692 2897 1768 2942 Rege
1782 2898 1913 2928 Fransiae
1925 2921 1935 2937 ‚
1961 2897 1997 2933 ὠ·
2017 2893 2054 2927 de
2062 2898 2189 2940 pecunia
2209 2904 2325 2943 recepta
2389 2888 2405 2906 ²
2417 2889 2440 2917 1·
2457 2886 2520 2924 739-

1467 2946 1498 2976 in
1515 2943 1683 2976 utilitatem
1702 2946 1796 2990 Regni
1815 2947 1851 2982 ὠ·
1870 2944 1995 2987 Ecclestae
2013 2942 2212 2989 expendenda.

1311 3031 1439 3088 REX
1456 3032 1608 3072 omnibus,
1625 3033 1685 3064 &c.
1698 3033 1819 3065 salutem.
2390 3040 2466 3069 Αῃῃ,
2482 3037 2524 3069 D,

1421 3070 1569 3103 Noveritis
1589 3072 1665 3112 quod
1678 3095 1687 3111 ,
1710 3082 1777 3103 cum
1797 3081 1847 3112 per
1859 3069 2093 3109 compositionem
2107 3071 2141 3103 ὃς
2155 3072 2256 3110 pacem
2271 3094 2281 3111 ,
2299 3073 2371 3103 inter
2410 3080 2497 3116 1264,

1310 3107 1483 3140 karissimum
1503 3110 1666 3141 Dominum
1683 3134 1692 3149 ‚
1718 3111 1751 3141 &
1772 3110 2007 3148 consanguineum
2028 3109 2158 3141 nostrum
2172 3110 2372 3148 Ludovicum,
2389 3120 2441 3144 An.
2456 3117 2503 3151 48.

1311 3147 1447 3179 illustrem
1467 3149 1578 3188 Regem
1598 3149 1724 3180 Franciae
1739 3172 1748 3187 ,
1769 3149 1802 3179 &
1822 3157 1873 3177 nos
1896 3148 1993 3178 initam
2006 3170 2016 3185 ,
2034 3155 2172 3180 teneretur
2195 3150 2276 3179 nobis
2293 3149 2368 3179 idem
2387 3159 2422 3182 H.
2443 3164 2468 3190 3.

1313 3185 1379 3216 Rex
1399 3186 1464 3217 dare
1485 3187 1512 3217 id
1528 3187 1604 3226 quod
1619 3188 1762 3227 quingenti
1785 3186 1891 3217 Milites
1907 3186 2015 3217 custare
2028 3187 2164 3218 deberent
2177 3187 2371 3218 rationabiliter
2390 3197 2450 3221 Par.
2460 3191 2509 3227 48.

1312 3224 1347 3255 ad
1359 3226 1513 3256 tenendum
1529 3235 1577 3265 per
1593 3226 1665 3256 duos
1678 3235 1780 3256 annos:
1799 3225 1953 3256 secundum
1974 3226 2052 3264 quod
2072 3227 2102 3255 in
2117 3227 2207 3256 forma
2220 3226 2293 3264 pacis
2305 3224 2372 3263 ejus-
2392 3236 2426 3259 fl.
2445 3240 2470 3266 3.

1313 3264 1380 3294 dem
1392 3264 1497 3302 plenius
1509 3265 1677 3295 continetur.
2393 3280 2418 3298 n.
2443 3275 2491 3304 5¹·

1351 3301 1471 3343 Nosque
1484 3325 1494 3341 ,
1511 3302 1630 3332 aliorum
1649 3303 1795 3333 arbitrium
1817 3311 1877 3332 non
1898 3310 2023 3333 curantes
2042 3303 2120 3343 super
2140 3302 2197 3333 hoc
2213 3301 2376 3342 exped’mre,

1315 3340 1350 3371 de
1360 3341 1503 3371 bonorum
1517 3341 1634 3371 consilio
1649 3342 1682 3372 &
1702 3341 1850 3371 communi
1869 3340 1973 3371 assensu
2007 3341 2041 3371 ad
2055 3342 2132 3371 hunc
2147 3341 2324 3371 amicabilem
2342 3340 2375 3369 fi-

1316 3390 1383 3410 nem
1396 3378 1612 3417 devenissemus,
1630 3379 1707 3417 quod
1721 3381 1797 3410 idem
1812 3378 1958 3409 Dominus
1972 3364 2054 3417 Rex,
2071 3389 2122 3417 pro
2135 3389 2170 3408 eo
2185 3378 2263 3416 quod
2278 3377 2371 3409 custa-

1316 3428 1346 3448 re
1358 3418 1491 3448 deberent
1505 3419 1649 3456 quingenti
1669 3417 1779 3449 Milites
1801 3418 1931 3456 tenendi,
1950 3427 1981 3448 ut
1996 3418 2162 3455 praediffitum
2177 3418 2233 3455 est,
2247 3417 2329 3447 nobis
2344 3418 2374 3447 in·

1317 3465 1450 3494 centurn,
1465 3457 1590 3496 triginta,
1607 3465 1727 3495 quatuor
1741 3456 1860 3487 millibus
1872 3456 2004 3486 librarum
2017 3456 2129 3486 Turon.
2146 3463 2304 3493 teneretur3

1360 3494 1427 3524 Nos
1441 3493 1624 3532 postmodum
1634 3496 1790 3535 recepimus
1803 3495 1838 3525 ab
1853 3493 1913 3531 ipso
1927 3494 2059 3524 Domino
2079 3494 2160 3532 Rege
2174 3492 2298 3525 Franciae
2309 3502 2380 3534 prae-

1319 3532 1394 3563 dieta
1417 3542 1532 3564 centum
1551 3533 1662 3571 triginta
1683 3542 1802 3573 quatuor
1823 3532 1908 3562 millia
1926 3532 2060 3563 librarum
2077 3532 2188 3561 Turon.
2213 3533 2242 3562 in
2262 3534 2381 3573 pecunia

1319 3579 1480 3610 numerata,
1497 3572 1531 3601 &
1546 3571 1581 3601 de
1601 3571 1652 3601 hiis
1671 3571 1898 3612 recognoscimus
1911 3572 1946 3601 ab
1961 3571 2062 3601 eodem
2080 3569 2214 3600 Domino
2235 3570 2316 3611 Rege
2328 3581 2381 3601 no-

1322 3610 1364 3640 bis
1382 3609 1546 3649 integraliter
1567 3609 1733 3641 fiitisfa&um
1753 3608 1853 3640 fuisse:
1871 3610 2022 3646 quietantes
2040 3610 2247 3648 imperpetuum
2258 3619 2311 3651 pro
2329 3620 2382 3640 no-

1323 3649 1383 3686 bis,
1398 3648 1570 3685 haeredibus,
1587 3658 1620 3678 ac
1634 3648 1834 3679 successoribus
1847 3647 1963 3685 nostris,
1980 3646 2069 3684 ipsum
2083 3647 2248 3678 Dominum
2268 3648 2384 3688 Regem

1326 3686 1350 3717 F
1351 3688 1470 3725 ranciae,
1485 3696 1517 3716 ac
1530 3686 1669 3725 haeredes,
1683 3688 1717 3718 ὃ(
1732 3685 1897 3717 successores
1909 3686 1985 3724 suos,
2000 3684 2036 3715 de
2049 3685 2181 3724 praedieta
2193 3686 2301 3718 summa
2315 3697 2384 3718 cen-

1326 3734 1408 3764 tum,
1425 3725 1553 3763 triginta,
1590 3733 1689 3755 uatuoi·
1711 3725 1828 3755 millium
1850 3723 1981 3754 librarum
2001 3723 2115 3754 Turon.
2133 3723 2167 3754 &
2187 3725 2224 3756 de
2241 3735 2296 3764 eo,
2312 3724 2389 3765 quod

1330 3774 1381 3794 nos
1396 3788 1405 3800 ,
1427 3764 1470 3794 vel
1492 3734 1613 3793 haeredes
1625 3786 1635 3801 ,
1654 3771 1700 3793 aut
1720 3762 1885 3794 succesibres
1906 3761 1994 3792 nostri
2012 3770 2105 3799 petere
2123 3762 2266 3801 possemus
2284 3763 2320 3794 ab
2333 3763 2391 3803 ipso

1329 3802 1462 3832 Domino
1482 3801 1562 3841 Rege
1582 3801 1707 3832 Franciae
1720 3825 1730 3840 ,
1745 3802 1790 3833 vel
1806 3799 1976 3838 haeredibus,
1995 3809 2041 3831 aut
2060 3801 2258 3833 successoribus
2272 3802 2323 3832 suis
2338 3811 2390 3841 pro

1329 3851 1365 3871 eo
1384 3840 1460 3880 quod
1482 3839 1610 3870 constare
1631 3840 1743 3879 possent
1764 3838 1893 3878 praedieti
1915 3840 2060 3878 quingenti
2080 3839 2190 3872 Milites
2211 3841 2324 3871 tenendi
2342 3849 2391 3877 per

1331 3880 1401 3910 duos
1415 3888 1517 3916 annOS,
1536 3879 1604 3909 sicut
1617 3879 1725 3917 plenius
1740 3878 1904 3918 exprimitur
1918 3878 1948 3908 in
1960 3877 2051 3909 forma
2063 3879 2140 3918 pacis
2153 3879 2283 3918 ejusdem.

1370 3917 1496 3955 Verum,
1514 3926 1581 3947 cum
1592 3927 1643 3947 nos
1658 3926 1789 3956 magnam
1803 3923 1912 3956 partem
1925 3916 2070 3956 praedie‘tae
2085 3917 2176 3949 totalis
2190 3918 2307 3948 summae
2320 3926 2389 3946 cen-

1330 3965 1391 3987 tum
1430 3957 1556 3995 triginta,
1570 3963 1688 3995 quatuor
1700 3955 1821 3986 millium
1837 3954 1972 3986 librarum
1986 3955 2098 3987 Turon.
2111 3958 2141 3987 in
2153 3956 2298 3987 utilitatem
2313 3953 2392 3993 Reg-

1332 3996 1362 4025 ni
1385 3979 1494 4034 Angliae
1509 3996 1568 4034 jam
1589 3993 1798 4032 expenderimus
1811 4016 1822 4032 ,
1869 3994 2038 4026 romittimus
2060 3995 2139 4034 quod
2158 3994 2296 4024 residuum
2313 3993 2393 4033 ipsius

1333 4034 1462 4074 pecunia:
1483 4033 1512 4062 iri
1533 4033 1674 4064 servitium
1692 4032 1765 4071 Dei,
1782 4040 1828 4063 aut
1844 4002 1993 4073 Ecclesiae,
2017 4033 2063 4064 vel
2082 4035 2112 4063 in
2133 4033 2278 4063 utilitatem
2298 4030 2394 4070 Regni

1334 4072 1445 4115 Angliae
1466 4071 1655 4109 expendemus
1670 4093 1680 4111 ‚
1705 4079 1790 4111 prout
1810 4079 1939 4104 tenemur
1952 4094 1963 4111 ,
1988 4071 2023 4105 ὃς
2041 4073 2071 4103 in
2092 4072 2183 4103 forma
2200 4070 2275 4111 pacis
2289 4070 2396 4109 plenius

1335 4117 1503 4142 COntlnetur.
2362 4142 2396 4173 ID
