2570 4261
202 148 255 195 76

60 231 128 262 ann.
143 227 181 259 D.
203 225 338 260 Edwardi
347 249 357 264 ,
374 223 424 255 sub
436 223 545 261 privato
558 218 658 257 Sigillo
676 216 725 247 suo
745 216 875 252 signatas,
892 213 1005 256 recepit⁴
1020 212 1049 255 in
1065 210 1218 248 mandatis,
1235 218 1267 240 ut

51 255 158 307 ⁴1307.
205 266 336 303 Sigillum
356 262 428 292 dicti
446 260 525 298 patris
545 257 585 288 sui
605 257 655 286 sibi
677 254 816 298 deferret,
834 252 878 283 vel
896 251 969 282 ahud
989 252 1055 288 libi,
1078 249 1128 279 sub
1144 248 1217 280 salva
1234 249 1268 280 &

204 303 299 337 secura
314 299 457 337 custodia,
474 298 522 328 sub
531 294 631 332 Sigillo
646 293 695 323 suo
709 299 844 322 mitteret:
1058 324 1066 335 Ἰ
1108 327 1113 331 .

244 338 437 372 Postmodum
452 346 501 374 per
518 334 682 364 Dominum
694 330 853 368 Hugonem
866 328 902 358 de
908 327 1003 364 Burgo
1012 349 1021 364 ,
1038 325 1184 356 clericum
1193 324 1272 354 Can-

209 380 344 414 cellariae,
361 377 394 407 &
408 374 572 405 Dominum
588 369 749 401 Ricardum
764 368 801 398 de
824 366 1047 408 Lughteburgb,
1063 365 1096 395 &
1111 363 1273 407 johannem

211 419 246 449 de
263 415 410 451 Mundeii,
429 412 557 442 Clericos
574 409 655 447 ipsius
668 407 803 446 Episcopi
816 406 861 436 die
879 406 909 435 in
932 403 1068 447 Crastino
1083 402 1181 446 Sancti
1197 400 1274 444 Petri

211 457 244 487 ad
266 453 395 490 vincula,
419 451 468 481 sub
487 448 588 486 sigillo
608 447 688 485 ipsius
711 445 863 484 Episcopi,
880 444 913 474 &
935 442 1037 485 Sigillo
1060 441 1132 471 ἀιᾶι
1149 440 1275 470 Domini

210 491 363 525 wiliielmi
377 491 413 520 de
427 489 558 525 Bliburg,
576 485 660 525 usque
674 484 831 516 Karliolum
848 482 962 513 missum
979 480 1039 510 fuit.

250 616 326 653 Quae
341 613 488 652 sequuntur
506 611 592 643 Bullae
610 611 718 649 scriptae
738 607 837 646 (inscio
854 605 938 643 Papa)
958 602 1102 635 Edwardo
1120 603 1215 640 primo
1230 601 1279 632 de-

212 663 333 685 mortuo.

235 735 356 766 Litterae
379 734 460 777 Papa:
483 729 527 762 ad
549 731 656 774 Regem
683 727 834 765 quciae,
852 723 943 768 sitpcr
960 720 1069 765 forma
1090 718 1249 752 conductus

452 780 582 811 Nunciis
603 777 690 821 Regis
718 773 831 820 Angliae
853 768 1036 803 concedendi.

63 874 139 906 Αῃῃ,
154 871 193 902 D·
280 865 402 896 Lemens
416 861 587 900 Episcopus,
605 860 696 891 servus
710 858 852 889 sei-vorum
867 855 941 898 Dei,
959 853 1100 886 carissimo
1115 856 1144 884 in
1164 853 1280 884 Chi-isto

85 921 169 944 1³0⁷.
215 873 276 936 C
297 903 355 933 filio
370 901 520 940 Philippo,
540 900 620 938 Regi
637 899 762 929 Fraiiciae
778 896 892 934 illustri,
908 896 1022 925 salutem
1036 894 1069 924 &
1085 892 1280 931 Apostolicam

62 934 117 979 An?
135 936 179 986 3²5.
216 942 454 984 benedixitioriem.
568 978 573 982 -
683 978 687 982 ·
785 975 789 980 ι

64 993 86 1018 ,Ε
119 998 144 1015 i.
251 980 364 1011 Piidem
381 977 545 1008 Carissimus
566 987 596 1006 m
619 975 735 1006 Chi-isto
754 974 823 1004 filius
843 971 937 1003 noster
959 970 1118 1015 Edvardus,
1136 969 1199 1000 Rex
1219 969 1279 999 Aii-

65 1032 106 1054 Ex
116 1030 172 1053 Aa-
215 1019 280 1058 gliae
294 1017 402 1049 illustris
436 1017 469 1047 ad
485 1026 536 1046 nos
551 1015 611 1045 suos
632 1015 783 1046 Nuiicium
798 1013 831 1043 ὅ(
852 1011 950 1041 litteras
965 1009 1122 1047 distinaVit,
1143 1019 1191 1047 per
1209 1018 1279 1046 quos

62 1073 128 1102 ngr,
214 1058 295 1087 nobis
307 1040 462 1094 fignifidare
476 1056 584 1085 curavit
599 1054 676 1091 quod
691 1052 747 1090 ipse
761 1050 821 1082 suos
835 1050 960 1081 solennes
975 1057 1066 1079 certos
1080 1048 1230 1084 Nuncios,
1249 1048 1279 1076 in

214 1097 335 1126 termino
349 1094 474 1125 instantis
488 1092 549 1123 festi
565 1092 723 1122 Nativitatis
737 1092 824 1121 beatae
839 1088 939 1119 Mariae
954 1087 1092 1126 Virginis,
1113 1097 1163 1124 pto
1179 1085 1280 1116 tr26ta-

215 1143 245 1165 tu
283 1135 340 1164 acis
354 1135 426 1164 inter
439 1141 483 1169 te,
503 1130 639 1162 carisiime
655 1130 711 1168 sili,
731 1130 764 1160 ὅ(
785 1128 876 1166 ipsum
894 1126 1008 1163 Regem
1019 1126 1165 1163 invicem,
1183 1125 1281 1166 autito-

218 1183 248 1203 re
262 1144 415 1210 YDomino,
433 1169 619 1201 reformandae
635 1168 752 1204 statuto,
770 1176 800 1198 ut
814 1166 927 1204 Regalis
939 1165 1021 1195 novit
1033 1163 1202 1194 Excellentia
1211 1162 1282 1201 ,dii-

217 1211 308 1249 msuit
322 1210 357 1241 ad
373 1209 496 1240 nostram
511 1208 685 1247 praesentiam
697 1206 887 1238 destinandos:
1242 1241 1247 1245 ²

251 1249 307 1279 Sed
322 1258 452 1287 proceres
465 1250 497 1279 &
514 1247 716 1278 Communitas
730 1246 828 1282 Regni
847 1243 959 1282 Angiiae
975 1241 1127 1280 nolebant,
1147 1240 1224 1279 quod
1240 1250 1283 1277 ip-

218 1288 239 1320 si
254 1288 365 1319 Nuiicii
380 1287 563 1325 procederent
578 1287 607 1315 in
623 1286 720 1315 itinere
734 1282 884 1322 veniendi,
903 1281 954 1312 iiiii
967 1280 1071 1311 nostras
1084 1281 1117 1310 &
1128 1287 1186 1310 tuas
1199 1279 1284 1309 habe-

220 1335 280 1357 rent
296 1326 440 1364 primitus,
457 1325 505 1355 sub
518 1323 593 1354 certa
603 1324 713 1361 forma,
731 1323 832 1353 litteras
845 1321 881 1352 de
893 1318 1059 1356 condukh,

254 1365 373 1402 Propter
392 1363 467 1403 quod
481 1363 612 1393 instanter
631 1363 645 1392 ὲ
664 1363 747 1393 nobis
764 1361 842 1399 petiit
861 1359 923 1390 Rex
942 1357 1108 1397 praedictus,
1130 1365 1161 1387 ut
1178 1355 1284 1399 nostras

220 1405 409 1441 mitteremus,
432 1403 465 1432 &
483 1412 531 1440 per
549 1411 575 1432 te
613 1400 652 1431 fili
667 1400 863 1438 dileetiffime‚
889 1398 964 1429 mitti
983 1405 1193 1436 procuraremus
1211 1395 1285 1425 litte-

219 1453 261 1473 ras
279 1440 439 1480 hujusmodi
455 1440 492 1471 de
511 1423 668 1471 conrsudtu.
1103 1473 1107 1478 ⁸

255 1480 320 1510 No<
338 1481 433 1519 igitur,
474 1480 501 1509 ui
517 1478 551 1509 ad
569 1479 716 1524 negotium
735 1478 810 1515 pacis
829 1474 973 1514 praedietae
990 1473 1161 1504 ferventibus
1180 1471 1286 1516 deside-

217 1520 262 1550 riis
279 1518 439 1556 afficimur,
469 1518 506 1548 ub
524 1516 622 1548 forma
641 1515 727 1554 petit-5.
745 1515 851 1546 nostras
870 1512 1058 1545 concessimus
1079 1513 1113 1542 ὃς
1134 1510 1286 1547 affignaVi-

221 1568 283 1588 mus
300 1558 419 1588 Nuncio
434 1555 571 1594 praedicsto
584 1555 733 1593 duplicatas
746 1555 845 1584 litteras
857 1553 937 1590 super
951 1550 1098 1583 conduzstu
1118 1549 1285 1588 hujusmodi.

114 1606 129 1620 ⁸
147 1605 185 1631 11.
264 1599 282 1615 ἶ
292 1596 328 1626 Et
343 1595 563 1633 nichilominus,
579 1593 782 1624 deliberatione
796 1593 904 1623 matura
918 1590 1040 1629 praevia,
1058 1589 1211 1619 litterarum
1227 1586 1285 1618 Re-

76 1644 155 1673 1060,
221 1636 299 1672 giam
314 1658 324 1673 ,
350 1634 428 1672 super
452 1633 555 1663 eodem
571 1631 832 1669 conficiendarum,
850 1630 974 1660 formam
997 1627 1123 1659 ordinari
1145 1626 1284 1664 fecimus,

218 1683 304 1713 quam
323 1672 420 1703 cedula
438 1673 565 1702 continet
583 1671 757 1709 praesentibus
775 1668 929 1700 interclusa.

258 1711 506 1749 Magnificentiam
531 1710 657 1746 Regiam
683 1709 809 1739 attentius
832 1707 1012 1745 deprecantes
1037 1705 1163 1747 quatinus
1187 1704 1285 1734 litteras

219 1751 392 1788 hujusmodi,
411 1748 567 1780 secundum
583 1748 708 1778 formam
725 1746 910 1785 praedietam,
929 1745 989 1776 fieri
1002 1746 1035 1776 &
1051 1744 1181 1781 aflignari
1197 1742 1285 1773 Nun-

221 1790 288 1827 cio,
311 1789 464 1820 exhibitori
488 1787 679 1826 praesentium,
705 1785 805 1824 Sigillo
830 1795 957 1823 magno,
981 1783 1170 1814 communitas
1188 1780 1285 1819 Regio

547 125 1344 176 CONVENTIONES‚

1400 120 1791 166 LI'TERAE‚
1849 123 1920 161 &c.

1307 210 1398 248 (quia,
1418 216 1449 238 ut
1462 215 1496 237 ex
1510 214 1586 245 parte
1605 204 1795 236 Nunciorum
1811 203 2015 245 praedictorum
2031 201 2172 243 asseritur,
2190 211 2242 242 pei·
2263 203 2382 244 litteras,
2402 201 2478 235 Ann.
2492 201 2534 234 D.

1308 257 1396 286 parvo
1410 245 1512 281 Sigillo
1533 244 1673 282 sigillatas,
1691 244 1729 273 eis
1742 252 1804 273 non
1818 243 1956 273 videretur
1971 241 2140 274 sufficienter
2156 242 2312 282 provisum)
2334 254 2382 275 ce-
2423 250 2509 282 1307.

1309 287 1397 317 leriter
1409 285 1503 323 jubeat
1519 282 1610 322 Regia
1625 280 1777 312 Celsitudo.

1347 323 1510 359 Caeterum,
1529 332 1600 352 curn
1619 320 1671 359 ipsi
1692 319 1822 357 Nuncii,
1841 318 1990 357 postquam
2010 318 2111 350 litteras
2128 319 2312 359 supradietis,
2330 331 2384 352 rio-

1312 362 1376 392 stras
1390 362 1423 392 &
1442 360 1564 398 Regias,
1581 359 1747 396 habuerint,
1763 368 1824 388 non
1840 357 1950 395 possent
1964 368 2063 388 coram
2080 359 2160 389 nobis
2175 359 2383 391 ineodemter-

1314 401 1396 430 mino
1409 398 1568 430 commode
1584 395 1727 435 interesse,
1745 396 1848 437 placuit
1863 397 1946 426 nobis
1959 396 1993 427 &
2014 396 2105 434 placet
2127 398 2203 436 (quia
2224 398 2282 428 hoc
2303 398 2384 430 idern

1313 439 1462 469 Serenitati
1477 446 1532 468 tuae
1556 436 1656 467 Reffiae
1681 435 1790 473 placere
1813 433 1994 472 confidimus)
2015 435 2092 472 quod
2111 436 2194 474 usque
2211 436 2245 467 ad
2264 437 2384 476 quinde-

1315 479 1376 508 cim
1391 477 1465 514 dies,
1484 474 1549 513 post
1564 460 1674 518 (ligi-um
1689 473 1810 511 festum,
1821 473 1963 517 'terminus
1975 471 2135 511 hujusmodi
2151 485 2332 513 prorogetur.

1356 515 1561 554 Quamobrem
1586 513 1715 550 precibus
1741 511 1840 542 nostris
1856 511 2012 550 adicimus,
2031 520 2060 542 ut
2078 512 2139 543 suos
2155 513 2279 544 solennes
2296 513 2385 546 Nun-

1317 553 1395 591 cios,
1413 552 1493 591 super
1513 551 1674 590 praedietis,
1697 549 1845 580 sufficienti
1865 549 1998 587 potestate
2017 547 2161 590 suffultos,
2178 553 2210 582 in
2229 551 2308 583 ditsto
2327 562 2384 584 ter-

1316 594 1400 661 minio
1417 615 1426 630 ,
1450 590 1484 622 ad
1510 589 1634 621 nostram
1652 587 1824 627 praesentiam
1842 588 1978 619 destinare
1995 598 2125 627 procuret
2143 599 2188 621 tua
2206 589 2300 629 Regia
2317 590 2387 623 Cei-

1317 634 1367 662 iitu
1388 641 1417 661 ο.

1356 707 1423 752 Dat.
1447 705 1520 752 apud
1544 705 1652 750 Villam
1669 714 1776 735 novam
1791 727 1801 742 ,
1829 704 2001 736 Avinionen.
2025 704 2117 737 Dioc.
2141 715 2169 746 7.
2187 705 2230 738 Id.
2249 705 2389 747 Augusti,

1318 745 1505 778 Pontificatus
1524 744 1612 775 nostri
1626 753 1701 775 anno
1719 742 1851 774 secundo.

1995 819 2087 858 Sigillo
2104 821 2210 862 avulsit.

1318 945 1376 980 Ad
1399 946 1619 979 Cancellarium
1643 947 1772 1002 francie
1786 945 1877 1002 ficper
1900 946 2007 980 litteris
2030 946 2066 981 de
2093 947 2265 993 eandam,
2287 956 2390 1000 Mag-

1672 1007 1708 1026 no
1732 995 1836 1041 sigillo
1859 993 2042 1030 roborandis.

1321 1080 1502 1142 CLerriens
1519 1080 1689 1124 EpiscopuS,
1708 1080 1798 1111 servus
1814 1080 1957 1112 servorum
1978 1080 2052 1121 Dei,
2076 1082 2183 1115 dileeto
2200 1083 2272 1115 Filio
2290 1084 2389 1116 Nobi-
2408 1093 2473 1125 Am,
2499 1093 2531 1124 D

1335 1159 1339 1163 Ι
1397 1120 1445 1150 bili
1464 1122 1540 1159 viro,
1559 1119 1729 1150 Guillielmo
1745 1118 1842 1157 Flore,
1868 1118 2001 1150 Domino
2019 1121 2057 1151 de
2078 1121 2216 1163 Revello,
2242 1123 2390 1156 Cancena—
2433 1142 2446 1163 1
2469 1118 2488 1163 ᾧ
2534 1116 2541 1124 ”

1319 1168 1363 1189 rio
1381 1158 1505 1201 Francie
1515 1182 1525 1197 ,
1544 1158 1657 1189 salutem
1675 1158 1707 1188 ὅ(
1727 1157 1921 1196 Apostolicam
1935 1159 2177 1192 benedictionem.
2408 1142 2466 1199 „47¹3
2491 1142 2520 1172 7'

1358 1196 1389 1227 Si
1403 1197 1495 1227 fori-an
1507 1207 1562 1228 tuae
1575 1196 1729 1235 prudenti-ae
1744 1196 1885 1228 videretur
1896 1197 1996 1229 litteras
2010 1198 2046 1229 de
2061 1199 2206 1232 condutitu
2215 1223 2224 1239 ‚
2243 1201 2389 1239 proNun-
2411 1214 2432 1237 E
2455 1182 2517 1237 ’ἶς’

1320 1237 1365 1267 tiis
1378 1235 1510 1266 cariffimi
1530 1237 1558 1266 in
1576 1235 1695 1266 Christo
1713 1234 1761 1265 filii
1780 1234 1867 1266 nostri
1885 1235 2033 1276 Edwardi,
2050 1236 2139 1275 Regis
2147 1240 2260 1280 Angliae
2273 1240 2391 1280 illustris,
2412 1233 2451 1276 Ea·
2465 1232 2524 1276 A'u-

1321 1274 1489 1318 dcstinandis
1508 1285 1559 1312 pro
1578 1274 1694 1305 traCtatu
1713 1275 1787 1312 pacis
1802 1297 1813 1313 ,
1834 1274 1869 1305 ad
1893 1274 2016 1306 nostram
2037 1277 2214 1314 praesentiam
2237 1278 2274 1309 de
2293 1280 2392 1318 quibus
2412 1296 2438 1315 ta
2455 1298 2467 1314 r

1322 1314 1373 1344 tibi
1391 1323 1438 1351 per
1453 1314 1515 1343 alias
1532 1312 1680 1344 scribimus
1689 1312 1806 1350 litteras,
1823 1321 1851 1343 te
1866 1323 1924 1344 non
1941 1313 2019 1352 posse
2034 1316 2193 1347 commode
2206 1317 2308 1356 absque
2320 1328 2392 1349 con·
2436 1299 2453 1325 g
2470 1311 2477 1316 ⁸

1321 1351 1437 1383 scientia
1456 1352 1551 1387 Regia
1566 1352 1717 1382 exhibitori
1735 1351 1913 1389 praesentium
1931 1352 2081 1389 assignare:

1361 1390 1473 1430 Magno
1490 1390 1609 1432 sigillo,
1623 1389 1711 1434 'quod
1727 1399 1826 1420 tecum
1838 1390 1944 1431 *habere
1958 1391 2059 1422 diceris
2071 1414 2081 1430 ,
2104 1402 2148 1423 eas
2166 1393 2277 1431 sigillari
2304 1394 2391 1427 facias

1323 1429 1508 1468 dupplicatas,
1526 1430 1559 1459 δε
1578 1428 1705 1466 sigillatas
1723 1427 1819 1459 eidem
1838 1428 1916 1467 Regi
1939 1430 2120 1469 transmittas,
2145 1442 2195 1470 per
2211 1442 2295 1472 eum,
2313 1434 2332 1465 fi
2355 1436 2390 1466 fi-

1323 1470 1353 1498 bi
1389 1468 1521 1506 lacuerit‚
1540 1467 1617 1506 quod
1632 1467 1746 1497 indubie
1763 1467 1963 1508 supponimus,
1980 1469 2161 1506 assignandas.

1361 1478 1456 1546 (pLuia,
1481 1516 1510 1537 ut
1532 1506 1619 1543 Regis
1638 1505 1769 1544 praedieti
1787 1505 1902 1542 Angiiae
1919 1506 2052 1538 Nuncius
2067 1507 2175 1547 asserit,
2199 1509 2275 1541 nullo
2301 1512 2392 1543 modo

1323 1545 1483 1576 viderentur
1500 1547 1526 1575 ei
1543 1545 1640 1575 litterae
1657 1543 1818 1582 hujusmodi
1835 1544 1980 1585 sufficere,
2005 1546 2056 1577 nisi
2074 1556 2182 1586 magno
2199 1548 2301 1587 sigillo
2318 1561 2393 1589 prae-

1323 1584 1402 1615 dicto
1421 1583 1569 1614 existerent
1586 1583 1785 1614 communitae.

1366 1662 1433 1706 Dat.
1455 1661 1528 1708 apud
1553 1660 1661 1706 Villam
1683 1670 1791 1691 novam
1805 1682 1815 1698 ,
1841 1660 2015 1693 Avinionen.
2041 1661 2131 1694 Dioc.
2148 1673 2175 1703 7.
2193 1664 2235 1696 Id.
2253 1664 2394 1706 Augusti,

1324 1700 1400 1732 Pont
1410 1700 1517 1731 ificatus
1534 1699 1623 1731 nostri
1640 1709 1715 1730 anno
1733 1698 1866 1730 secundo.

2000 1778 2092 1816 sigillo
2107 1779 2214 1819 avulsi).

220 1866 2376 1943 w&wwamma&wfflwwfflfflffiwwmwwfflwfflwwwwwfflwwwffi

493 2015 743 2057 OMISSA
781 2012 855 2055 IN
893 2010 1099 2054 TOMO
1136 2010 1193 2050 ΙΙ.
1223 2005 1597 2048 EDITIONIS
1627 2005 2121 2049 LONDINENSIS.

256 2222 375 2254 Littera
399 2232 419 2252 a
442 2220 570 2265 Adajore
592 2224 628 2259 &-
654 2223 877 2253 Communitate
901 2218 938 2251 de
960 2218 1146 2266 Cragfergus
1162 2218 1254 2265 fitper

523 2267 685 2302 Rebellione
707 2267 818 2301 ibidem
834 2269 876 2314 fia
891 2272 997 2301 citata.

77 2375 152 2406 Arm.
165 2373 206 2405 D.

224 2352 435 2425 MAgnifico
454 2352 583 2393 Principi
601 2355 633 2386 &
652 2354 806 2392 Domino,
828 2354 848 2384 si
866 2353 955 2391 placet
975 2351 1164 2390 Reverendo,
1184 2350 1293 2381 Domi-

100 2423 152 2453 ¹27

247 2433 252 2438 ,
316 2403 354 2423 ¹10
372 2391 535 2437 Edwardp,
562 2393 621 2438 Dei
638 2393 853 2438 gratia-,U‘Regi
870 2393 986 2436 ‘Angliae
1017 2391 1163 2435 'Domino
1187 2389 1293 2433 Hiber-

76 2457 120 2481 Aa
155 2422 181 2479 5:
224 2442 281 2463 ¹¹¹ae
315 2432 349 2463 ὃ(
368 2431 527 2469 Aqfflfflmae
544 2431 640 2476 Dum>
658 2432 940 2476 sul'lign-hormnes,
958 2414 1057 2474 M'ajor
1070 2430 1103 2474 ᾃε
1117 2427 1293 2459 Communi-

77 2496 108 2519 E.
127 2463 168 2519 1-3
225 2479 262 2502 tas
279 2454 506 2514 ‹ie'Cragfergus
521 2481 583 2515 >..¹¹¹
603 2471 727 2502 Ultonia
740 2494 750 2509 ,
772 2470 887 2502 ialutem
912 2470 945 2501 &
967 2468 1101 2508 quicquid
1122 2465 1233 2506 possunt
1250 2476 1294 2497 re-

78 2534 118 2557 Ex
125 2536 182 2560 Aa·
226 2518 358 2541 verentiae
376 2509 409 2539 &
426 2508 560 2547 obsequii.

77 2577 103 2596 ,ο
269 2548 393 2591 Noverit
417 2547 578 2578 excellentia
602 2547 690 2579 vestra
715 2547 794 2587 quod
822 2557 910 2586 nuper
937 2556 1036 2585 guerra
1060 2546 1090 2575 in
1115 2543 1187 2575 terra
1202 2542 1295 2575 vestra

100 2581 142 2607 gr.
225 2587 356 2619 Ultoniae
372 2593 449 2617 mota
467 2585 520 2617 fuit
537 2597 587 2625 per

264 2664 319 2693 od.
337 2666 363 2693 O
383 2661 462 2691 Neill
476 2665 572 2700 Regem
590 2664 622 2693 de
641 2663 776 2704 Kenelyon
792 2687 802 2702 ,
828 2662 867 2698 όν
886 2666 1005 2703 Commoy
1028 2665 1055 2692 0
1081 2659 1217 2692 Kathran
1240 2662 1294 2690 Re-

221 2714 281 2741 gem
299 2701 344 2733 del
358 2701 489 2740 Kenach,
507 2703 555 2741 qui
574 2713 643 2733 cum
661 2711 722 2734 toto
744 2703 825 2741 posse
842 2701 901 2740 suo,

262 2779 308 2811 Ad
326 2778 481 2811 instantiam
499 2779 696 2811 Dominorum
705 2802 715 2818 ,

265 2859 338 2887 Hen.
356 2858 388 2887 de
412 2856 607 2895 filaundevr'll,

267 2896 377 2925 Roberti
395 2896 426 2925 de
445 2894 643 2934 M'aundevill,
663 2894 808 2925 Militum:

266 2934 373 2964 Thomae
384 2934 443 2974 filii
461 2935 606 2971 Richardi,

266 2972 373 3001 Thomae
389 2974 421 3002 de
439 2971 637 3009 Maundevill,

274 3014 397 3040 Martini
416 3013 448 3041 de
468 3009 662 3049 Maundevi‘ll‚

272 3048 410 3079 Willielmi
428 3050 458 3079 de
475 3054 570 3086 Corrs,

246 3166 251 3170 ι
272 3122 308 3156 Et
322 3125 441 3156 aliorum
457 3125 597 3165 filiorum,
616 3126 785 3163 Parentum,
803 3125 837 3156 δε
851 3125 1011 3154 amicorum
1026 3121 1229 3161 praedietorum
1236 3119 1300 3151 Mi-

244 3173 315 3194 itum

273 3202 305 3232 In
324 3187 413 3232 'Terra
432 3201 520 3233 vestra
538 3202 673 3240 praeditsta
691 3201 825 3232 hostiliter
845 3202 1016 3231 intraverunt
1023 3222 1034 3238 ,
1058 3197 1232 3237 homicidia,
1257 3199 1301 3228 in-

236 3242 354 3279 cendia,
373 3241 493 3271 roberias
510 3242 542 3271 &
560 3241 623 3271 alias
639 3240 857 3277 transgressiones
874 3239 1035 3269 inferentes:

275 3279 310 3310 Et
326 3281 448 3310 maxime
473 3279 603 3309 Domino
626 3279 786 3309 Willielmo
806 3278 864 3307 filio
884 3278 999 3308 Warini
1026 3274 1192 3307 Seneschall.
1209 3274 1301 3305 vestro

239 3318 387 3357 Ultoniae,
405 3319 452 3348 cui
466 3319 589 3355 quinque
603 3317 706 3353 Villas,
726 3327 792 3346 cum
808 3316 915 3346 duobus
936 3316 1056 3347 Milibus
1071 3313 1229 3344 Crannocis
1243 3313 1303 3343 bla-

240 3356 287 3394 di,
305 3357 391 3387 tribus
414 3356 599 3392 molendinis,
617 3355 846 3392 combusserunt,
871 3364 918 3391 per
939 3354 1014 3393 quod
1058 3351 1242 3382 rosternentur
1263 3353 1303 3381 ei-

241 3394 309 3424 dem
321 3395 476 3425 Senescallo
489 3396 630 3424 annuatim
644 3394 845 3432 quinquaginta
866 3393 899 3423 &
915 3392 1018 3430 septem
1035 3363 1145 3421 {slarcae
1166 3389 1304 3428 redditus,

243 3433 584 3502 23351‘03503532233333
605 3427 1306 3505 {3⁶5fflissffiffffin22³¹ss³e⁸cffun¹ss⁴353ssffl20p‘32¹5

245 3495 316 3545 ipso}
329 3510 466 3547 Anglicos
481 3509 629 3547 medidies
643 3518 693 3546 pro
706 3502 805 3538 debitis
816 3506 911 3537 vestris
917 3507 1039 3538 levandis
1045 3489 1306 3542 distrinitit,&non

247 3547 300 3576 aliti
311 3548 416 3578 ratione
451 3556 532 3585 prout
546 3557 598 3585 pro
611 3556 690 3577 certo
704 3546 863 3576 didicimus.

285 3583 319 3614 Et
333 3585 382 3622 ipsi
396 3571 594 3616 Maiefaetores
607 3585 715 3615 obfides
728 3584 764 3614 de
778 3584 901 3614 fidelibus
909 3582 1038 3620 Anglicis
1052 3581 1149 3614 vestris
1163 3588 1307 3619 ceperunt,

249 3631 434 3665 proponentes
448 3633 550 3654 terram
563 3623 684 3654 vestram
700 3622 865 3660 praedictam
878 3621 1017 3651 destruere
1031 3622 1064 3652 &
1077 3618 1235 3655 devastare,
1252 3618 1289 3648 set
1298 3641 1307 3656 ,

250 3660 352 3690 auxilio
364 3661 486 3692 Domini
499 3663 701 3699 praeveniente,
720 3671 768 3698 per
783 3660 907 3690 valorem
921 3660 954 3690 &
970 3659 1131 3690 industriam
1150 3657 1308 3687 Seneschal-

252 3697 272 3727 li
288 3698 370 3728 vestri
384 3700 527 3738 praedicti,
543 3700 576 3730 &
591 3699 724 3737 Hugonis
739 3698 832 3739 Byset,
850 3708 917 3728 cum
933 3697 1099 3728 eorumdem
1114 3696 1230 3733 amicis,
1248 3704 1308 3724 ma-

251 3735 397 3766 refactores
417 3738 542 3774 praediCti
564 3737 598 3768 ad
618 3737 812 3768 confusionem
830 3736 939 3767 fuerunt
963 3736 1083 3766 redaffl:
1120 3733 1310 3772 Quamplures

243 3781 348 3803 *eorum
363 3777 435 3812 capti
449 3777 648 3806 &incarcerati
664 3776 786 3806 flierunt:
806 3773 841 3805 Et
849 3775 944 3812 aliquis
956 3774 1065 3805 illorum
1081 3775 1110 3803 in
1123 3772 1203 3802 dieto
1215 3781 1310 3801 carce-

255 3820 284 3839 re
301 3821 420 3842 mortem
433 3813 531 3852 subiit,
547 3815 579 3844 &
598 3814 695 3844 residui
719 3822 817 3851 pacem
841 3812 961 3842 vestram
983 3813 1082 3843 leniori
1103 3810 1207 3849 mode,
1224 3819 1311 3848 quarn

255 3848 491 3895 deceret-talibus,
506 3860 588 3889 prout
601 3853 682 3882 nobis
695 3852 803 3882 videtur
810 3873 820 3888 ‚
836 3852 1021 3888 optinuerunt.

293 3886 382 3916 Unde
395 3888 615 3920 dominationem
633 3890 752 3920 vestram
765 3888 905 3919 humiliter
921 3889 1102 3928 deprecamur
1122 3887 1262 3925 quatinus,
1279 3894 1309 3916 ut

257 3933 308 3967 pro
329 3924 567 3969 salvationenterrae
584 3927 681 3958 vestrae
699 3927 857 3965 praedicstae,
875 3926 964 3957 vestra
988 3926 1144 3958 Consilium
1162 3925 1195 3955 &
1219 3933 1310 3954 reme-

258 3964 336 4005 dium
360 3962 502 4006 super-*biis
516 3965 678 4002 impendere
692 3966 780 3996 velitis
793 3973 948 4004 oportuna,
969 3965 1051 3995 dieto
1072 3962 1245 3994 Seneschano
1261 3972 1311 3992 ve-

261 4000 313 4029 stro
328 4009 356 4030 iri
371 4001 518 4039 omnibus,
535 4002 638 4034 dietam
652 4012 749 4035 terram
764 4003 882 4035 vestram
890 4004 1082 4041 tangentibus,
1100 4001 1202 4040 fidem,
1218 4000 1239 4031 fi
1254 4000 1311 4039 pla-

1331 2126 1401 2162 cet,
1412 2116 1545 2148 adhibere
1557 2115 1663 2156 velitis,
1680 2116 1771 2155 ipsum
1787 2126 1856 2148 cum
1870 2115 1998 2148 remedio
2020 2113 2225 2155 praemissbrum
2239 2114 2398 2146 festinanter

1331 2165 1516 2233 rensigggigletsl}
1530 2194 1607 2235 enirn
1621 2193 1793 2224 confidenter
1805 2194 2018 2231 tranquilitatem
2032 2193 2065 2224 &
2085 2193 2192 2224 bonam
2206 2201 2305 2231 pacem
2320 2193 2397 2223 obti-

1331 2244 1416 2272 nere,
1434 2233 1503 2264 dum
1520 2232 1575 2269 ipse
1586 2231 1752 2262 Senescallus
1770 2231 1858 2263 vestra
1870 2231 1997 2269 persistat.

1370 2271 1467 2303 Valeat
1480 2270 1650 2302 Excellentia
1665 2270 1753 2301 vestra
1769 2281 1818 2309 per
1831 2279 1957 2308 tempora
1971 2269 2134 2308 longinqua.

1365 2392 1470 2423 Lirem
1493 2401 1513 2421 a
1536 2387 1658 2432 diverfis
1682 2385 1821 2468 Regibusb
1831 2386 2004 2469 Ilsibernicis
2018 2387 2111 2434 fhper
2129 2384 2269 2433 praedic‘la
2292 2387 2351 2419 Re·

1823 2438 1850 2469 el
1861 2441 1934 2470 ione.

1408 2515 1543 2554 Agnifico
1557 2515 1655 2546 Princi
1677 2517 1705 2555 i,
1722 2515 1755 2546 &
1770 2514 1918 2553 Domino,
1939 2513 1959 2544 si
1979 2513 2086 2553 piacet,
2104 2513 2276 2552 reverendo,
2293 2512 2398 2544 Domi·
2418 2514 2494 2547 Ann.
2505 2514 2546 2545 D.

1332 2523 1404 2600 M
1426 2565 1466 2586 no
1479 2553 1622 2600 Edwardo
1656 2526 1717 2599 {Dei
1734 2553 1837 2592 gratia,
1856 2552 1952 2592 Regi,
1970 2553 2101 2592 Angliae,
2126 2552 2260 2584 Domino
2281 2551 2400 2593 Hyber-
2441 2562 2525 2593 1275.

1331 2603 1389 2625 niae
1403 2595 1437 2625 &
1454 2594 1614 2633 Aquitamae
1626 2577 1722 2632 buci,
2419 2596 2473 2621 An.
2493 2603 2519 2630 3.

1367 2665 1408 2694 N.
1426 2666 1452 2693 Ο
1468 2661 1529 2693 Nel
1545 2665 1604 2692 Rex
1623 2663 1654 2693 de
1674 2661 1817 2702 Yncheun,
2416 2635 2457 2696 {x
2465 2640 2525 2697 1¹12.

1368 2705 1404 2732 G.
1427 2705 1496 2731 Mac
1514 2700 1638 2731 Dunlene
1655 2704 1716 2731 Rex
1733 2701 1940 2731 Hibernicorum
1957 2698 2050 2729 Ulton.
2415 2715 2484 2744 ,ogr-

1369 2743 1415 2770 M.
1435 2743 1460 2770 0
1479 2739 1536 2770 Slin
1554 2742 1616 2769 Rex
1632 2743 1767 2770 Curcuriae
2416 2744 2488 2782 Infra

1372 2781 1409 2809 E.
1428 2782 1453 2808 Ο
1471 2778 1588 2808 Haulan
1605 2781 1665 2808 Rex
1683 2763 1827 2816 Orgelffiae,
2416 2785 2481 2812 Zur.

1370 2821 1411 2848 D.
1431 2820 1498 2847 Mac
1517 2816 1631 2846 Gilmori
1647 2820 1718 2847 Dux
1735 2817 1767 2847 de
1784 2814 1946 2852 Anderken,

1370 2859 1410 2887 D.
1428 2859 1498 2886 Mar
1516 2854 1630 2886 Karlan
1647 2858 1709 2885 Rex
1727 2856 1758 2886 de
1776 2858 1802 2886 Ο
1821 2853 1936 2892 Nelich,
1954 2852 2069 2883 Hibern.

1373 2925 1502 2957 Noverit
1513 2924 1683 2957 Excellentia
1693 2924 1781 2956 vestra
1795 2922 1870 2963 quod
1883 2932 1969 2961 nuper
1982 2921 2110 2961 quaedam
2126 2931 2221 2960 guerra
2229 2932 2316 2961 ,non
2338 2931 2402 2954 mo-

1336 2963 1420 3005 dica,
1437 2966 1467 2995 in
1483 2963 1581 2995 *terra
1594 2963 1683 2996 vestra
1692 2964 1821 2995 Ultoniae
1834 2961 1954 2992 suscitata
1962 2960 2032 3000 fuit,
2052 2971 2102 3000 per
2119 2960 2251 3000 quosdam
2266 2961 2400 2993 Hiberni-
2438 2973 2458 2993 >it
2478 2974 2518 3002 Π,
2565 2980 2568 2984 -

1336 3012 1402 3034 cos·
1423 3004 1470 3041 qui
1479 3026 1489 3042 ,
1505 3001 1567 3037 &a
1579 3010 1662 3042 prout
1675 3006 1704 3034 in
1711 3001 1847 3041 praediaefla'
1861 2999 1960 3038 literd,
1978 2998 2057 3040 usque
2066 3000 2123 3030 haec
2137 2998 2244 3038 verba,
2261 3003 2324 3030 viz.
2438 3014 2510 3043 1052

1374 3027 1411 3072 Εἴ(
1426 3043 1490 3080 quia
1503 3052 1572 3080 ηοε,
1636 3041 1660 3072 st
1683 3039 1878 3072 confusionem
1902 3038 2089 3076 Anglicorum
2114 3038 2335 3077 praedi&orum,
2353 3048 2402 3077 per
2515 3034 2524 3042 ²

1337 3079 1508 3118 praedictum
1524 3080 1579 3110 Seri
1607 3079 1710 3111 callum
1722 3078 1847 3110 vestrum
1862 3078 1895 3109 ὃ(
1907 3077 2026 3115 Hugon.
2043 3077 2135 3118 Byset,
2159 3077 2194 3108 &
2209 3087 2310 3108 eorum
2329 3078 2402 3107 ami-

1337 3129 1387 3149 cos
1399 3119 1513 3150 viriliter
1528 3118 1724 3156 contusorum,
1741 3117 1776 3148 ad
1791 3117 1951 3147 instantiam
1963 3116 2088 3155 ejusdem
2108 3114 2255 3146 Senescalli
2267 3116 2403 3146 intromi-

1337 3157 1421 3188 simus
1435 3167 1487 3196 pro
1498 3159 1578 3187 omni
1594 3155 1671 3195 posse
1684 3155 1796 3194 nostro,
1813 3156 1848 3186 ad
1867 3156 2001 3186 inimicos
2023 3153 2129 3186 vestros
2146 3153 2334 3193 Hibernicos,
2352 3155 2401 3192 qui

1338 3195 1466 3264 gandmii
1484 3195 1625 3234 praediCtis
1639 3204 1706 3226 cum
1722 3195 1833 3234 Anglic.
1855 3194 2032 3232 memoratis,
2051 3191 2254 3231 prosequendos
2273 3193 2307 3224 &
2329 3202 2402 3224 con-

1353 3245 1389 3264 un
1410 3245 1444 3264 cri
1464 3245 1508 3265 os·

1378 3258 1511 3311 Qidam’
1525 3271 1561 3302 de
1574 3271 1704 3302 Confilio
1720 3271 1813 3302 vestro
1834 3271 1981 3302 Hiberniae
2000 3280 2051 3300 nos
2066 3271 2236 3308 enormiter,
2252 3267 2288 3299 ad
2308 3268 2403 3300 falsam

1340 3310 1548 3348 suggestionem
1572 3311 1605 3341 ὃ(
1620 3312 1846 3350 procurationem
1868 3311 2053 3340 inimicorum
2073 3308 2227 3339 vestrorum
2250 3307 2407 3345 praedidto-

1341 3359 1420 3388 rum,
1439 3352 1486 3388 qui
1509 3349 1609 3378 leniori
1630 3349 1736 3388 modo,
1754 3351 1838 3388 quam
1853 3348 1992 3386 decuerit,
2010 3357 2112 3386 pacem
2135 3345 2254 3378 vestram
2274 3347 2404 3384 optinue-

1342 3395 1422 3426 runt,
1441 3398 1553 3425 gravare
1568 3397 1746 3427 proponunt,

1381 3426 1584 3456 Verumtamen
1603 3427 1666 3464 quia
1683 3425 1864 3457 inhonestum
1882 3423 1923 3456 cst
1940 3424 2051 3463 audire,
2069 3423 2147 3463 quod
2168 3423 2280 3461 aliquis,
2298 3432 2349 3461 pro
2370 3420 2404 3452 fi-

1343 3464 1399 3494 deli
1412 3464 1522 3495 servitio
1536 3464 1601 3502 suo,
1618 3466 1699 3495 vobis
1713 3465 1853 3503 praestito,
1870 3475 1917 3503 per
1932 3463 2037 3494 vestros
2050 3471 2179 3501 gravetur
2196 3461 2331 3499 Baiiivos,

1382 3503 1509 3534 Vestram
1525 3501 1761 3534 Dominationem
1776 3502 1917 3534 humiliter
1936 3511 2080 3532 exoramus
2094 3509 2243 3539 quatenus,
2260 3501 2290 3530 in
2307 3498 2402 3530 omni-

1345 3541 1396 3571 bus
1412 3540 1572 3580 praemiffis,
1590 3541 1673 3571 dietis
1687 3542 1719 3572 ὃς
1734 3541 1898 3572 testimonio
1910 3539 2055 3571 Senescalli
2069 3539 2155 3571 vestri
2174 3538 2303 3577 praedieti
2327 3537 2404 3575 (cui,

1343 3588 1475 3618 tanquam
1487 3580 1585 3617 vobis,
1601 3580 1635 3610 ad
1650 3589 1749 3611 terram
1766 3580 1886 3611 vestram
1901 3578 2057 3614 salvandam
2079 3586 2175 3608 contra
2195 3576 2330 3615 quoscum
2352 3584 2404 3613 ue,

1344 3617 1413 3648 dum
1437 3618 1603 3648 Senescallus
1623 3618 1712 3649 vester
1731 3620 1849 3649 extiterit
1871 3618 1995 3656 ibidem,
2018 3616 2136 3647 obedire
2158 3613 2296 3650 volumus)
2318 3612 2336 3642 fi
2356 3622 2403 3644 em

1344 3656 1474 3686 adhibere
1489 3656 1592 3687 velitis:
1612 3655 1768 3688 Consilium
1783 3657 1905 3688 vestrum
1921 3655 2092 3688 &auxilium
2105 3660 2292 3693 apponentes,
2312 3651 2331 3680 fi
2344 3651 2403 3689 pla-

1346 3703 1409 3732 cet,
1428 3696 1456 3724 in
1470 3694 1612 3732 praetnissis
1621 3701 1733 3733 ‚contra
1749 3695 1824 3736 quod
1837 3693 2040 3733 transgressores
2055 3694 2072 3723 a.
2083 3690 2211 3725 vindieta
2217 3689 2313 3721 talium
2321 3689 2406 3720 trans-

1347 3732 1519 3768 gressionum
1533 3734 1570 3764 ita
1581 3734 1675 3764 leniter
1691 3745 1750 3765 non
1766 3734 1914 3774 recedant,
1939 3745 1988 3772 per
2005 3731 2081 3771 quod
2102 3731 2150 3761 alii
2171 3736 2267 3759 contra
2289 3737 2338 3758 vos
2359 3729 2405 3760 in-

1347 3770 1476 3807 surgendi
1494 3771 1549 3815 sine
1569 3773 1671 3803 timore
1691 3782 1750 3803 non
1764 3772 1897 3812 existant,
1913 3772 2036 3812 alioquin
2050 3771 2182 3800 timemus
2204 3765 2279 3805 quod
2300 3766 2406 3798 exsem-

1348 3810 1425 3847 plum
1440 3818 1562 3847 capietur
1577 3810 1612 3840 de
1627 3811 1724 3847 guerra
1740 3810 1886 3849 praedicta.

1387 3847 1531 3886 Domine,
1552 3849 1684 3887 quicquid
1699 3850 1837 3880 volueritis
1855 3859 1938 3887 penes
1958 3856 2010 3877 nos
2030 3843 2133 3877 vestros
2151 3851 2200 3880 per
2220 3842 2404 3874 Senescallum

1345 3885 1513 3926 praedietum
1526 3888 1607 3916 nobis
1620 3888 1754 3918 mandare
1764 3888 1871 3926 velitis,
1888 3887 1922 3917 δε
1941 3884 2061 3916 eundem
2081 3889 2148 3911 cum
2167 3879 2341 3913 festinatione
2359 3891 2406 3911 re-

1347 3925 1458 3991 milttere
1469 3924 1574 3963 velitis,
1590 3926 1624 3956 &
1637 3935 1687 3956 nos
1701 3936 1753 3965 pro
1766 3933 1857 3956 morte
1871 3934 1930 3955 non
1938 3922 2108 3954 'omittemus
2119 3917 2240 3950 vestram
2253 3918 2408 3958 adimplere

1347 3970 1529 3994 vountatem.

1389 3999 1485 4060 ωερε
1496 4001 1530 4032 ac
1543 3990 1827 4060 creeaffioeuenua
1840 3998 1931 4032 vestra
1943 4006 1992 4037 per
2005 4001 2133 4035 tempora
2146 3995 2241 4036 longu-
2328 4036 2408 4065 Lm:
