2570 4261
82 185 158 218 Ann.
174 186 205 217 D

105 234 189 264 1277.

79 268 149 293 Eat).
170 274 194 291 i.

77 388 131 413 An.
148 394 176 420 5.

78 428 109 450 E.
132 433 155 450 1.

77 465 135 489 ΡΜ.
146 471 172 496 5.

76 503 107 526 E.
128 509 151 525 1.

76 546 103 564 m
128 546 142 571 7

76 557 206 603 Scindida.

247 104 324 143 160

360 275 465 311 Literae
482 271 517 305 de
535 253 693 303 Credentia
710 268 750 303 ab
764 269 945 303 Alexandro
961 271 1040 316 Rege
1057 272 1168 302 Scotiae.

297 358 526 394 Xcellentissimo
542 355 686 394 Principi,
705 357 739 387 &
751 354 828 386 fratri
840 356 889 386 suo
908 354 1070 392 karissimo,
1088 353 1224 385 Domino
1239 353 1297 383 Ed-

298 400 410 435 uardo,
428 397 487 427 Dei
500 394 606 435 gratia,
625 394 701 434 Regi
721 395 833 434 Angliae
854 393 970 432 illustri,
990 393 1127 423 Domino
1146 392 1296 422 Hiberniae

229 442 262 471 &
278 440 357 469 Duci
373 435 591 487 Acquitanniae,
611 433 783 471 Alexander,
805 433 905 463 eadem
920 431 1024 472 grati-sa,
1042 431 1107 461 Rex
1116 432 1238 468 Scotiae,
1257 431 1297 474 sa-

227 479 332 515 lurein,
352 477 384 507 &
399 483 565 513 perpetuum
581 473 699 502 nonoris
713 472 746 503 &
761 472 858 511 gloriae
880 472 1105 508 incrementum,
1123 480 1191 500 cum
1207 470 1297 507 pleni-

226 516 324 547 tudine
336 514 496 545 dilectionis
510 513 632 543 sincerae.

266 555 311 584 Ad
326 553 513 583 Sublimitatis
527 550 629 580 vestrae
648 549 825 587 praesentiam
846 546 1020 578 venerabiles
1039 554 1127 584 patres
1139 545 1190 576 W.
1207 546 1240 576 &
1254 544 1294 574 R.

225 592 322 624 Sancti
339 591 447 622 Andrae
461 591 494 621 δε
511 587 719 619 Dumblanens.
732 587 908 625 Episcopos,
926 586 1091 615 Robertum
1104 583 1140 615 de
1156 583 1223 614 Brus
1232 583 1295 614 Co-

224 633 324 662 mitem
339 630 374 660 de
389 630 499 660 Carric.
515 629 547 659 δε
563 626 721 658 Ricardum
735 626 770 655 de
783 626 915 664 Stratun,
929 624 1048 655 dilec‘ws
1067 624 1101 655 ὃε
1117 622 1209 653 fideles
1227 632 1294 652 nos-

220 680 278 702 tros·
291 669 480 704 destinamus,
709 703 714 707 .
1014 701 1019 706 .
1111 701 1127 706 ..
1252 700 1257 706 .

260 708 465 738 Excellentiam
479 704 601 736 vestram
615 702 749 734 attentius
764 710 926 739 exorantes,
944 709 1074 739 quatinus
1089 701 1156 738 hiis,
1171 709 1235 739 quae
1250 710 1293 737 ip-

223 748 260 786 si,
274 747 319 777 seu
333 756 434 776 eorum
448 745 545 784 aliqui,
566 744 665 773 latores
680 741 878 783 praesentium,
894 751 928 770 ex
950 749 1027 778 parte
1042 738 1140 769 nostra
1153 738 1293 782 Serenita-

223 788 257 817 tis
269 785 370 815 vestrae
381 785 494 815 auribus
507 783 696 819 intimabunt,
717 780 803 810 iidem
821 780 974 817 plenariam
988 778 1122 808 adhibere
1135 778 1232 808 velitis.

260 822 298 855 Et
312 834 362 862 per
378 823 450 861 ipsos
463 822 547 852 nobis
559 820 652 851 vestra
665 820 842 858 beneplacita
863 816 1046 856 remandare,
1064 826 1128 855 qiiae
1142 817 1230 854 parati
1249 815 1292 846 su-

223 872 286 893 mus
297 862 482 894 amicabiliter
494 859 657 898 adimplere.

259 940 348 1010 ‘lieste
368 938 476 977 meipso
495 937 569 977 apud
593 936 700 975 Cuper.
719 936 749 966 in
766 934 826 975 Fyf.
856 943 900 965 10.
919 933 967 965 die
984 933 1054 972 Julii
1066 956 1076 972 ‚
1102 942 1181 964 anno
1195 931 1291 971 Regni

223 984 275 1011 nol
290 990 313 1010 ri
328 989 376 1019 29.

220 1122 458 1168 Tranfhmptum
477 1121 654 1152 Literarum
671 1121 708 1156 (ῤ’
725 1117 929 1151 Τναὶἶαιηιινη
946 1119 1022 1148 inter
1038 1118 1207 1149 Henricum
1219 1118 1290 1150 An-

72 1272 149 1304 Ann.
164 1271 204 1303 D.

93 1321 178 1349 1277.

71 1355 122 1379 An.
146 1361 171 1385 5.

70 1394 102 1417 E.
124 1400 147 1418 i.

70 1432 112 1454 Ex
130 1431 189 1456 Au-

68 1473 134 1503 tagr-

73 2280 89 2297 ⁴'
105 2282 145 2310 11.
159 2279 206 2317 85.

263 1173 350 1219 gli-2,
374 1173 410 1208 (ῤ’
427 1167 591 1214 Alfhnshm
612 1165 737 1211 Castellae
756 1169 866 1213 Reges,
891 1164 1011 1212 missum
1028 1167 1101 1211 Regi
1119 1163 1288 1198 Edwardo.

308 1264 433 1295 Overint
446 1261 562 1293 universi
611 1261 778 1299 praesentem
801 1259 933 1298 paginam
954 1256 1124 1297 inspecturi‚
1144 1256 1221 1295 quod
1237 1266 1291 1287 nos

223 1267 298 1330 N
310 1302 402 1334 infans
416 1301 553 1331 Emanuel
567 1284 638 1330 silius
651 1300 757 1330 inclitae
776 1297 980 1341 recordationis
996 1296 1122 1326 Domini
1137 1296 1289 1339 Ferrandi,

225 1342 372 1380 quondam
391 1339 500 1370 illustris
523 1339 609 1378 Regis
627 1337 757 1368 Castellae
773 1338 806 1368 &
830 1336 964 1380 Legionis
977 1358 986 1373 ,
1010 1334 1215 1375 Raymundus,
1231 1334 1290 1365 Dei

224 1380 326 1419 gratis,
343 1380 455 1411 sanet-ae
468 1377 634 1416 Hispalensis
650 1376 785 1407 Ecclesiae
798 1374 1052 1413 Archiepiscopus‚
1065 1373 1226 1442 goliannes,
1245 1373 1291 1404 ea-

225 1418 291 1450 dem
305 1419 393 1458 gratia
426 1417 580 1457 Episcopus
597 1414 778 1453 Palentinus,
796 1413 940 1444 Gatterius
958 1412 1049 1443 Suarii
1087 1422 1136 1443 aro
1147 1411 1291 1442 iilustriffi-

225 1460 265 1488 mi
278 1458 365 1496 Regis
379 1441 510 1486 &astellae
523 1479 532 1492 ,
558 1454 642 1484 frater
662 1454 700 1484 Su
722 1455 811 1492 gei-ius
832 1452 965 1483 Ecclesiae
983 1451 1139 1482 Cauriensis
1158 1450 1291 1489 Elechs,

224 1496 380 1527 Ferranclus
395 1494 471 1525 Petri
486 1493 631 1531 Hispalen.
647 1493 680 1523 &
695 1493 707 1522 l
720 1492 832 1522 alentiii.
850 1490 999 1528 DecanuS,
1019 1489 1102 1520 frater
1116 1489 1220 1520 Gillius
1233 1489 1288 1521 fra-

223 1545 297 1567 trum
313 1536 459 1565 minorum
473 1534 503 1562 in
518 1532 639 1563 Castella
654 1530 787 1562 Minister
802 1553 812 1568 ‚
836 1531 869 1560 &
893 1529 1028 1569 Magister
1043 1528 1200 1559 Ferrandus
1215 1527 1291 1559 Gar-

221 1575 284 1611 fiae,
302 1584 334 1604 ac
354 1572 466 1604 Garsias
483 1571 609 1601 Gutterii
624 1593 634 1608 ‚
660 1571 690 1599 iri
714 1569 837 1599 Ecclesia
857 1567 939 1606 Burg.
963 1567 1186 1606 Archidiaconi‚
1201 1567 1291 1598 literas

221 1613 326 1643 nobilis
339 1612 490 1642 memoriae
504 1609 632 1640 Domini
647 1608 788 1646 Henrici‚
807 1607 953 1645 quondam
970 1605 1059 1645 Regis
1080 1606 1242 1645 Angloruni
1258 1606 1290 1636 il-

220 1651 328 1689 lustris,
347 1651 381 1681 &
396 1650 622 1680 Procuratorum
634 1657 667 1678 ac
682 1646 872 1677 Nunciorum
889 1644 1002 1674 suorum
1012 1667 1021 1682 ,
1041 1644 1166 1674 Domini
1180 1645 1212 1674 P.
1227 1644 1290 1675 He-

220 1690 326 1721 reford.
341 1689 493 1727 Episcopi,
512 1688 545 1718 &
557 1686 695 1725 Johannis
710 1684 856 1715 Maunsell.
874 1683 1016 1713 Beverlaci
1032 1682 1178 1722 Praepositi
1191 1695 1200 1722 3
1221 1693 1289 1714 nec-

221 1740 281 1760 non
297 1729 329 1759 &
344 1729 435 1758 literas
449 1727 570 1758 aliorum
589 1724 781 1755 Nunciorum
796 1722 919 1761 ejusdem
935 1721 1039 1762 Regu,
1059 1722 1190 1753 videlicet
1223 1722 1290 1752 Do-

221 1769 293 1798 mini
306 1766 469 1797 Guiiiieimi
483 1764 597 1795 Eiienfis
612 1762 773 1801 Episcopi,
793 1762 931 1801 johannis
948 1760 985 1791 dc
1005 1760 1147 1791 Caresden
1168 1745 1289 1804 ivimus,

222 1806 370 1843 videmus,
388 1815 449 1835 non
463 1804 596 1842 abolitas,
615 1812 675 1832 non
689 1802 808 1840 deletas,
821 1811 887 1844 'non
902 1799 1084 1844 cancellatas,
1105 1809 1157 1830 nec
1180 1809 1210 1829 in
1226 1810 1289 1838 par-

223 1853 250 1875 te
266 1845 303 1875 sui
319 1844 410 1882 aliqua
424 1844 554 1881 vitiatas,
579 1850 697 1880 quarum
716 1849 798 1871 tenor
819 1840 933 1870 interius
948 1837 1075 1869 scribitur
1091 1837 1126 1869 de
1144 1839 1235 1869 verbo
1254 1839 1289 1870 ad

224 1884 344 1914 verbum
358 1893 406 1921 per
419 1882 567 1919 ordinem,
582 1880 638 1910 isto
649 1878 756 1910 modo:

260 1963 314 1990 Hic
333 1963 480 1990 omittimus
502 1970 563 2000 quae
583 1961 612 1989 in
621 1960 708 1996 priori
721 1958 808 1986 Parte
822 1955 901 1993 hujus
915 1958 988 1986 Tomi
1002 1956 1078 1987 edita
1083 1956 1169 1996 sunt.-
1191 1961 1289 1986 caetera

214 2000 291 2042 fisse
304 1999 416 2030 habent.

221 2078 262 2140 S
272 2077 443 2108 Eteniffimo
458 2076 587 2113 Principi
601 2076 634 2106 &
650 2073 727 2104 affini
741 2072 791 2103 suo
804 2072 946 2103 kariffimo
961 2072 1096 2109 Alfonso,
1115 2071 1175 2102 Dei
1187 2072 1289 2112 gratia,

272 2116 369 2147 illustri
386 2115 461 2154 Regi
469 2114 616 2152 Castellae,
634 2113 731 2143 Toleti
741 2135 750 2150 ,
766 2112 913 2152 Legionis,
926 2111 1070 2150 Galeciae,
1082 2111 1292 2149 Sibiliae,Cor-

221 2155 335 2192 dubiae,
354 2154 496 2190 Murciae,
515 2152 652 2192 &Jahen
687 2150 828 2181 Henricus
849 2150 949 2180 eadem
970 2149 1060 2190 gratia
1075 2149 1140 2180 Rex
1160 2150 1292 2189 Angli-ae,

223 2194 372 2224 Dominus
386 2192 553 2229 Hiberniae,
572 2190 642 2221 Dux
655 2176 867 2226 Normanniae,
883 2189 917 2220 &
931 2189 1110 2229 Aquitaniae‚
1128 2189 1162 2219 &
1182 2188 1292 2219 Comes

223 2233 415 2269 Andecavi-22,
432 2231 561 2268 salutem,
577 2230 610 2260 δε
626 2229 739 2259 sincerae
752 2227 911 2258 dilectionis
923 2227 1031 2265 semper
1044 2236 1237 2266 augmentum.

261 2257 405 2301 Mii'timus
419 2269 454 2299 ad
469 2279 521 2298 vos
539 2268 728 2298 venerabilem
750 2275 859 2304 patrem
873 2265 1072 2297 Guillielmum
1093 2266 1235 2296 Eliensem
1250 2264 1289 2295 E-

223 2310 371 2351 piscopum
384 2309 418 2339 &
433 2308 452 2327 ²¹*
468 2307 605 2338 dilecium
625 2307 659 2337 δε
679 2305 792 2336 fidelem
807 2304 936 2335 nostrum
955 2304 1120 2343 Johannem
1139 2304 1175 2335 de
1193 2304 1292 2335 Cates-

223 2350 294 2386 den3
310 2348 408 2388 quibus
421 2356 470 2384 per
483 2345 629 2384 praesentes
643 2345 732 2374 literas
744 2344 857 2381 plenam
871 2343 970 2374 damus
985 2344 1151 2381 potestatem
1161 2367 1170 2382 ,
1185 2343 1291 2373 facien-

222 2389 252 2419 di
268 2387 348 2417 vobis
363 2386 475 2424 plenam
489 2384 574 2415 fidem
589 2383 668 2424 super
681 2383 815 2413 omnibus
829 2382 950 2412 articulis
965 2405 975 2420 ,
1000 2384 1139 2413 contentis
1160 2384 1190 2412 in
1209 2391 1293 2412 com-

222 2426 360 2467 positione
373 2427 443 2455 inter
459 2433 512 2454 nos
525 2424 559 2454 δε
570 2432 621 2452 vos
638 2423 721 2460 inita,
740 2422 775 2453 ὃς
791 2421 859 2451 hinc
879 2421 946 2451 inde
967 2420 1074 2459 scriptis
1094 2421 1194 2451 nostris
1209 2421 1293 2451 valla-

225 2474 268 2503 ta3
288 2472 378 2494 ratum
392 2464 424 2493 δε
438 2462 556 2492 firmum
572 2461 691 2492 habituri
705 2459 838 2500 quicquid
851 2469 900 2500 per
914 2459 987 2498 ipsos
1000 2460 1045 2491 vel
1060 2469 1160 2490 eorum
1175 2459 1292 2490 alterum

228 2504 344 2535 nomine
361 2500 460 2532 nostro
472 2500 568 2531 adium
582 2500 672 2530 fuerit.

256 2542 289 2573 ln
303 2542 381 2580 cujus
396 2541 435 2571 rei
447 2539 643 2571 testimonium
657 2537 788 2577 Sigillum
802 2536 933 2567 nostrum
941 2536 1289 2578 duximusapponendum.

254 2619 352 2664 'Teste
374 2617 481 2656 meipso
503 2616 577 2657 apud
598 2615 742 2656 Wynton.
763 2624 811 2655 24.
833 2613 880 2646 die
893 2614 973 2654 Junii
988 2637 998 2653 ,
1024 2625 1100 2646 anno
1114 2614 1211 2654 Regni
1231 2624 1298 2646 nos-

226 2666 261 2690 tri
278 2667 327 2697 40.
387 2667 391 2670 ’

222 2735 442 2797 HEnricus,
461 2733 520 2764 Dei
533 2734 618 2773 gratia
633 2755 642 2769 ,
667 2731 734 2762 Rex
751 2729 863 2770 Angliae

308 2774 375 2804 Dux
390 2773 563 2803 Normaniae
577 2772 610 2803 &
626 2770 787 2813 Aquitania}
808 2769 842 2799 &
863 2753 971 2798 domes
993 2768 1166 2807 Andegaviae
1181 2792 1191 2807 ‚
1217 2769 1296 2800 Uni-

223 2812 304 2842 veriis
318 2812 424 2843 Christi
440 2811 582 2849 fidelibus,
601 2810 745 2847 praesentes
759 2808 848 2838 literas
863 2807 910 2837 ins
924 2808 1042 2844 escuris,
1062 2807 1184 2837 salutem.

261 2850 387 2882 Noverit
401 2850 558 2880 universitas
578 2848 668 2878 vestra
682 2870 692 2886 ‚
718 2846 797 2890 quod
815 2856 866 2877 nos
885 2855 903 2885 p
914 2856 996 2888 enam
1013 2847 1046 2877 &
1062 2846 1178 2876 liberam
1197 2845 1296 2876 damus

224 2889 393 2930 potestatem
407 2888 567 2918 Venerabili
582 2889 651 2925 patri
673 2885 841 2916 Guillielmo
858 2884 960 2915 Elienli
980 2884 1125 2929 Episcopo
1138 2908 1148 2923 ,
1177 2885 1210 2915 &
1227 2885 1297 2914 dile-

228 2929 295 2964 610,
313 2929 346 2958 &
360 2927 433 2958 fideli
452 2926 551 2957 nostro
565 2926 690 2964 Johanni
708 2925 744 2954 de
764 2923 902 2954 Catesden
914 2946 924 2962 ,
949 2933 1021 2962 quos
1039 2923 1072 2953 ad
1088 2923 1196 2954 illustris
1211 2923 1296 2963 Regis

229 2966 360 2996 Casteiiae
374 2967 407 2996 ὃς
424 2965 557 3004 Legionis
577 2964 750 3004 praesentiam
765 2963 934 2993 destinamus
950 2985 959 3000 ‚
988 2972 1040 2999 pro
1058 2963 1177 3001 negotiis
1196 2963 1296 2992 nostris

229 3014 299 3035 cum
313 3004 430 3043 praefato
445 3003 527 3043 Rege
544 3003 723 3042 expediendis
735 3026 744 3040 ‚
768 3000 933 3039 complendi
956 3011 1058 3031 omnes
1077 3001 1294 3032 Conventiones

229 3045 301 3073 inter
316 3042 405 3080 ipsum
418 3041 531 3081 Regem
547 3043 646 3072 &iios
668 3042 746 3071 initas
760 3063 770 3079 ‚
796 3039 948 3071 secundum
970 3039 1048 3078 quod
1070 3040 1098 3069 in
1121 3040 1224 3079 scripto
1245 3050 1295 3070 eo-

233 3082 365 3112 rumdem
389 3079 626 3110 Conventionum
640 3102 649 3118 ,
674 3079 772 3118 Sigillo
791 3079 892 3109 nostro
910 3079 1016 3117 signato
1030 3101 1040 3117 ,
1067 3078 1146 3118 quod
1169 3078 1298 3115 praefatus

230 3120 297 3150 Rex
317 3129 400 3159 penes
414 3119 439 3148 se
452 3118 550 3156 habet,
569 3119 673 3158 plenius
685 3119 862 3155 continemr3
880 3117 914 3148 &
925 3117 1035 3156 jurandi
1049 3118 1078 3146 in
1093 3118 1216 3147 animam
1232 3128 1297 3147 nos-

227 3162 299 3190 tram
314 3181 323 3194 ,
348 3159 367 3188 si
390 3167 461 3195 opus
479 3157 560 3187 fuerit
571 3180 580 3194 ,
602 3156 805 3195 quodcumque
825 3165 912 3186 trenus
928 3155 1102 3186 Sacramenti
1118 3156 1152 3185 ad
1167 3155 1297 3187 securita-

224 3207 285 3230 tem
301 3196 511 3227 Convenrionis
524 3195 682 3233 praediCtae3
702 3194 810 3224 Ratum
825 3180 946 3225 ¹iiabituri
963 3193 1098 3239 quicquid
1115 3194 1241 3231 praedieti
1257 3195 1297 3225 E-

228 3237 355 3276 piscopus
376 3235 408 3266 ὃ(
425 3234 567 3273 Johannes
581 3256 590 3272 ‚
612 3233 657 3263 vel
676 3242 777 3263 eorum
796 3233 879 3272 alter,
898 3243 1017 3263 nomine
1039 3231 1158 3271 nostre,
1177 3233 1294 3264 fecerint

228 3275 273 3306 vel
289 3274 384 3304 fecerit
400 3274 430 3303 in
445 3272 598 3310 praemissis.

267 3312 301 3342 ln
319 3313 398 3350 cujus
421 3312 459 3341 rei
479 3310 695 3341 Testimonium
713 3309 891 3348 praesentibus
909 3310 992 3341 literis
1014 3309 1144 3350 Sigillum
1166 3309 1296 3341 nostrum

228 3352 356 3383 duximus
371 3350 578 3390 apponendum.

912 2729 946 2760 &
961 2729 1109 2760 Dominus
1128 2729 1294 2768 Hiberniae,

266 3428 352 3458 Teste
367 3426 474 3468 meipso
487 3427 560 3467 apud
575 3425 747 3457 Cim-endon.
759 3436 836 3456 anno
851 3425 947 3466 Regni
962 3426 1053 3457 nostri
1067 3435 1116 3466 40.

318 3504 438 3543 Overint
463 3505 581 3536 universi
608 3502 772 3542 praesentem
799 3505 929 3543 paginam
953 3503 1102 3544 inspecturi
1118 3526 1127 3541 ‚
1151 3502 1228 3541 quod
1246 3513 1298 3534 nos

320 3543 516 3582 Guillielmus,
534 3543 592 3573 Dei
605 3543 706 3582 gratia,
725 3541 840 3572 Eliensis
852 3541 1006 3582 Episcopus
1020 3565 1030 3581 ‚
1055 3542 1089 3574 &
1100 3542 1243 3580 Johannes
1262 3542 1298 3572 de

237 3577 371 3620 Caresden
390 3581 474 3611 Miles·
487 3605 497 3620 ,
522 3582 635 3612 Nuncii
653 3581 687 3611 δε
703 3580 899 3610 Procuratores
917 3579 1040 3611 Domini
1055 3580 1144 3611 nostri
1159 3579 1298 3617 Henrici,

237 3614 297 3644 Dei
312 3620 408 3660 gratia,
427 3619 511 3656 Regis
525 3620 655 3658 Angliae,
674 3618 797 3649 Domini
812 3617 961 3649 Hiberniae
974 3642 983 3657 ,
1010 3619 1102 3649 Ducis
1123 3618 1299 3649 Nornianiae

238 3654 272 3683 ἃ
286 3653 500 3697 Aquitaniae,&
513 3658 639 3689 Comitis
646 3657 712 3688 And
748 3659 836 3696 aviae,
852 3659 1008 3695 recepimus
1020 3656 1244 3687 literasPatentes
1258 3657 1301 3686 su-

238 3692 353 3735 pradieti
367 3692 488 3736 Domini
503 3696 591 3727 nostri
605 3696 716 3727 illustris
760 3696 816 3735 egis
830 3695 958 3735 Angliae,
972 3697 1062 3737 sigillo
1073 3696 1125 3728 suo
1140 3696 1300 3736 appenden-

239 3738 262 3759 ti
274 3739 464 3762 communitas
478 3734 527 3764 sub
540 3736 593 3766 hac
609 3735 711 3766 forma.

323 3804 458 3844 Enricus,
475 3808 532 3851 Dei
547 3812 644 3849 gratia,
663 3811 730 3841 Rex
740 3810 850 3850 Angliae
886 3810 1030 3842 Dominus
1044 3811 1195 3842 Hiberniae
1231 3811 1302 3841 Dux

251 3880 258 3884 Ἴ
324 3842 529 3888 Nomanniae,
548 3850 581 3878 &
596 3849 771 3893 Aquitaniae,
787 3852 821 3880 ὃς
840 3833 949 3880 &omes
968 3850 1156 3889 Andegaviae,
1175 3835 1302 3880 U'niver-

242 3882 274 3909 iis
290 3880 397 3933 (ghristi
410 3880 532 3925 fidelibus
546 3887 690 3921 praesentes
703 3888 789 3918 literas
801 3887 962 3925 inspeeturis
977 3889 1100 3919 salutem.

277 3918 403 3949 hoverit
417 3922 575 3962 universitas
590 3925 678 3954 vestra
697 3926 773 3962 quod
808 3925 900 3955 lenam
912 3926 946 3955 &
967 3927 1084 3958 liberam
1098 3926 1196 3956 damus
1212 3933 1304 3961 potes-

241 3963 328 4001 tatem
344 3957 503 3987 Venerabili
519 3958 593 3989 Patri
609 3961 777 3993 Guillielmo
823 3964 897 3992 liensi
912 3963 1055 4004 Episcopo
1069 3988 1078 4002 ,
1104 3965 1138 3995 δε
1150 3964 1254 3994 diiecto
1267 3963 1301 3993 &

229 3993 317 4026 -fideli
331 3995 430 4027 nostro
441 3995 567 4035 johanni
579 3997 614 4028 dc
630 3998 766 4030 Caiciden
776 4023 786 4038 ,
806 4011 875 4039 quos
888 4002 922 4032 ad
941 4002 1049 4033 illustris
1070 4003 1158 4042 Regis
1171 4000 1301 4033 Cast-ella:

704 90 1508 144 CONVENTIONES‚
1562 91 1952 139 LITERAE,

1338 179 1372 209 &
1388 178 1523 217 Legionis
1533 178 1705 219 praesentiam
1717 179 1904 217 destinamus,
1922 188 1975 216 pro
1988 178 2107 218 negotiis
2119 178 2223 209 nostris
2241 185 2310 210 cum
2329 187 2400 220 ptae-
2418 178 2495 213 Ami.
2509 179 2568 221 D„

1338 218 1397 247 fato
1411 217 1493 256 Rege
1507 217 1684 255 expediendis
1697 241 1707 256 ,
1733 218 1899 258 complendi
1914 227 2014 248 omnes
2033 216 2252 249 Conventiones
2267 219 2340 249 inter
2358 220 2402 257 ip-
2445 229 2529 260 1277⁴
2556 230 2558 234 ·

1340 256 1402 285 sum
1418 255 1530 294 Regem
1547 257 1580 286 Sc
1601 266 1654 286 nos
1673 257 1756 288 initas
1769 280 1778 295 ,
1803 256 1958 288 secundum
1972 256 2050 296 quod
2071 257 2101 286 in
2122 256 2226 294 scripto
2239 257 2484 295 earumdem‘fflv,
2507 274 2532 292 ι,
2548 275 2554 280 —

1340 294 1579 324 Conventionum
1594 294 1693 334 Sigillo
1705 296 1804 326 nostro
1819 296 1942 336 signam,
1960 294 2039 334 quod
2059 295 2186 334 praefatus
2200 295 2264 325 Rex
2279 305 2364 333 penes
2377 296 2404 326 se

1341 333 1443 370 habet,
1463 333 1568 372 plenius
1582 335 1761 372 continetur,
1777 335 1809 364 ὃ(
1820 334 1932 374 jurandi
1952 334 1982 364 in
1995 335 2120 364 animam
2138 333 2283 372 nostram,
2301 333 2321 364 si
2334 343 2406 371 opus

1341 371 1439 409 fuerit,
1456 371 1658 410 quodcumque
1671 381 1758 410 genus
1770 373 1941 403 sacramenti
1956 372 1990 403 ad
2006 372 2180 402 securitatem
2195 372 2408 403 Conventionis

1340 410 1500 447 praedictae,
1516 409 1624 441 Ratun]
1638 411 1847 450 habituri,quic
1867 411 1914 441 uid
1929 411 2056 450 praedieti
2072 410 2224 449 Episcopus
2239 411 2284 442 vel
2295 410 2406 449 Johan-

1339 448 1459 485 nes,vel
1470 458 1572 478 eorum
1585 449 1652 479 alter
1661 452 1797 488 ,nomine
1811 452 1861 480 nol
1878 460 1910 480 ro
1921 451 2090 480 iecerintvel
2099 449 2198 480 fecerit
2210 451 2240 480 in
2248 449 2405 491 praemiffis.

1378 486 1412 516 In
1434 491 1512 527 cujus
1526 488 1563 516 rei
1587 488 1782 519 testimonium
1797 512 1806 527 ,
1829 489 2006 527 praesentibus
2023 489 2107 518 literis
2127 489 2255 528 Sigillum
2275 488 2405 520 nostrum

1340 524 1470 555 duximus
1484 526 1694 565 apponendum.

1374 601 1464 633 Teste
1479 601 1586 641 meipso
1599 602 1672 642 apud
1681 601 1844 634 Clarendon
1859 604 1885 634 8.
1900 603 2022 643 dieJulii
2031 627 2040 644 ,
2058 615 2135 636 anno
2141 604 2238 645 Regni
2252 603 2340 636 nostri
2351 614 2404 644 40.

1374 678 1486 710 Harum
1500 680 1582 719 igitur
1596 679 1762 711 auetoritate
1781 681 1921 712 literarum
1937 704 1946 720 ,
1972 682 2006 713 &
2024 682 2157 713 mandato
2176 681 2325 722 supradicti
2337 680 2405 713 Do-

1337 719 1409 747 mini
1426 718 1513 749 nostri
1528 718 1614 758 Regis
1628 718 1755 758 Angliae,
1773 730 1824 750 nos
1860 720 1943 750 raefati
1957 720 2137 752 Guillielmus
2156 720 2271 752 Eliensis
2285 721 2402 761 Episco-

1337 766 1388 800 pus
1402 758 1435 788 &
1447 757 1591 800 Johannes
1605 757 1641 787 de
1654 752 1792 788 Catesden
1806 770 1817 788 i
1846 760 1908 797 iles,
1926 758 2038 789 Nuncii
2051 761 2084 790 &
2098 759 2295 791 Procuratores
2309 761 2403 797 supra-

1335 795 1406 826 dieti
1429 795 1554 826 Domini
1569 795 1657 839 nostri
1669 796 1756 835 Regis
1775 797 1886 836 Angliae
1907 796 2108 828 Procuratorio
2126 800 2246 829 nomine
2260 799 2403 836 promitti-

1336 844 1414 873 mus,
1433 836 1466 865 &
1482 836 1511 864 in
1531 844 1656 864 animam
1671 837 1822 866 memorati
1840 836 1927 875 Regis
1948 836 2061 875 Angliae
2077 837 2202 876 juramus
2215 837 2404 869 Sacrosancrtts

1336 871 1506 917 Ewangeliis
1519 882 1604 903 manu
1617 874 1699 916 ῑᾳᾶἰε
1714 897 1723 912 ,
1747 875 1824 913 quod
1840 885 1892 905 nos
1905 884 1938 905 ex
1972 884 2028 905 arte
2044 874 2131 915 Regis
2146 876 2259 915 Angliae
2273 876 2402 915 comple-

1335 911 1429 942 bimus
1461 912 1494 943 &
1508 912 1649 949 compleri
1662 911 1814 952 faciemus,
1828 923 1930 943 omnes
1976 916 2164 944 onventiones
2184 915 2262 945 initas
2281 915 2351 945 inter
2366 915 2401 944 il-

1334 935 1512 994 lustrissimos
1523 950 1620 995 Reges
1633 949 1800 994 Dominum
1816 951 1997 989 Henricum,
2012 951 2070 982 Dei
2082 955 2167 992 gratia
2177 976 2187 991 ,
2212 953 2327 994 Regem
2339 954 2402 984 An-

1334 989 1399 1028 ghae
1434 988 1601 1020 Dominum
1616 988 1768 1020 Hiberniae
1780 1012 1790 1028 ,
1813 989 1931 1020 Ducem
1952 989 2124 1021 Normaniae
2137 1015 2148 1030 ,
2173 993 2206 1022 &
2224 993 2404 1032 Aquitaniae,

1333 1029 1368 1058 &
1387 1012 1539 1059 domitem
1554 1027 1742 1072 Andegaviae,
1758 1029 1791 1059 ὃς
1805 1028 1970 1058 Dominum
1990 1028 2138 1059 Alfonsum
2159 1028 2272 1069 Regem
2290 1029 2401 1061 Castelr

1330 1066 1384 1143 ffel,
1401 1067 1499 1098 Toleti
1518 1067 1551 1098 ὃς
1566 1066 1719 1106 Legionis,
1738 1066 1875 1106 Galetiae‚
1892 1066 2015 1106 Sibffiae,
2032 1067 2209 1106 Cordubiae,
2227 1068 2352 1101 Murciae
2365 1070 2400 1101 δε

1350 1115 1364 1136 a
1374 1116 1450 1136 ienn.

1369 1143 1566 1176 Promittimus
1581 1145 1666 1176 etiam
1679 1168 1690 1183 ‚
1711 1145 1745 1176 &
1765 1144 1929 1176 auCtoritate
1948 1142 2082 1184 praedicta
2097 1146 2219 1185 juramus
2231 1145 2261 1176 in
2275 1147 2403 1178 animam

1334 1183 1483 1223 supradieti
1497 1183 1621 1214 Domini
1638 1183 1745 1223 nostri,
1760 1184 1848 1224 Regis
1864 1182 1974 1214 illustris
1994 1183 2104 1224 Angli-„e
2117 1207 2128 1223 ‚
2153 1184 2231 1222 quod
2246 1185 2405 1224 complebi-

1335 1231 1415 1262 mus,
1426 1223 1466 1265 ¹&
1484 1223 1624 1261 compleri
1639 1222 1791 1262 faciemus,
1807 1222 1892 1262 usque
1904 1221 1938 1252 ad
1953 1231 2006 1253 tres
2026 1222 2189 1264 septimanas
2209 1223 2272 1260 post
2286 1223 2402 1254 Festum

1334 1260 1432 1293 Sancti
1448 1260 1614 1300 Michaelis,
1633 1263 1766 1301 proximo
1781 1270 1932 1292 venturum
1947 1284 1957 1300 ,
1979 1271 2079 1291 omnes
2093 1261 2308 1293 Conventiones
2322 1264 2401 1293 initas

1335 1300 1407 1330 inter
1422 1301 1643 1337 praenominatos
1656 1300 1766 1339 Reges,
1782 1300 1859 1340 super
1874 1299 1952 1330 fadio
1967 1299 2131 1339 Vasconiae,
2149 1300 2303 1331 secundum
2323 1302 2402 1342 quod

1334 1340 1365 1369 in
1379 1338 1482 1376 scripto
1504 1338 1667 1369 earumdem
1683 1327 1920 1371 (fonventionum
1933 1362 1943 1377 ,
1973 1338 2000 1369 Si
2022 1339 2073 1369 illis
2094 1339 2261 1370 eorumdem
2283 1339 2314 1369 R
2369 1350 2401 1370 m

1335 1378 1353 1407 fi
1375 1386 1458 1421 nato,
1475 1377 1553 1422 quod
1566 1378 1695 1417 praefatus
1707 1378 1773 1409 Rex
1790 1376 1920 1408 Castellae
1941 1377 1974 1409 &
2025 1378 2133 1417 egionis
2153 1387 2237 1416 penes
2257 1377 2284 1409 se
2298 1378 2333 1409 ha
2355 1387 2401 1418 et,

1333 1427 1352 1454 p
1364 1426 1440 1446 emus
1456 1425 1625 1446 connnetur.

1372 1454 1411 1485 Et
1426 1463 1456 1485 ut
1473 1455 1530 1485 hoc
1545 1456 1572 1485 in
1588 1454 1708 1485 dubium
1722 1456 1818 1485 venire
1832 1464 1892 1484 non
1905 1454 2008 1494 possit,
2027 1455 2045 1474 *¹
2062 1465 2114 1486 nos
2125 1455 2273 1496 supradidti
2288 1455 2397 1489 Procu-
2414 1472 2433 1491 κ.
2447 1466 2488 1494 11,
2503 1465 2550 1494 86.

1333 1502 1435 1524 ratores
1448 1493 1481 1524 &
1496 1493 1530 1524 N
1534 1495 1610 1524 uncii
1622 1493 1688 1524 huic
1703 1492 1797 1524 Cartae
1809 1493 1905 1532 Sigilla
1914 1492 2012 1524 nostra
2022 1492 2151 1525 duximus
2165 1494 2340 1533 apponenda.

1370 1571 1439 1602 Dat.
1453 1570 1525 1612 apud
1540 1570 1694 1611 segobiam
1706 1580 1754 1601 20.
1769 1570 1815 1602 die
1828 1570 2017 1611 Septembris,
2034 1579 2110 1602 anno
2122 1573 2218 1612 gratiae
2232 1573 2316 1620 ⁴1256.

1373 1649 1406 1679 In
1421 1658 1543 1688 quorum
1557 1650 1688 1679 omnium
1702 1648 1916 1679 Testimonium
1930 1649 2084 1680 valiturum
2099 1659 2134 1689 pe
2168 1657 2235 1681 etuo
2248 1660 2301 1681 nos
2315 1650 2405 1682 infans

1333 1687 1490 1725 Emanuel,
1508 1687 1694 1728 Raymundus
1710 1687 1894 1725 Archiepisco
1916 1698 1963 1727 us,
1977 1687 2120 1727 Johannes
2163 1689 2310 1728 piscopuS,
2326 1689 2405 1720 Gut-

1334 1727 1417 1757 terius
1437 1726 1527 1757 Snarii
1542 1749 1551 1764 ,
1575 1726 1670 1757 Frater
1692 1726 1841 1766 Suggerius
1854 1750 1864 1765 ‚
1888 1697 2027 1757 {geraudus
2047 1726 2148 1766 Petri,
2170 1726 2264 1757 Frater
2277 1727 2406 1767 Tellius,

1334 1764 1431 1796 Maur.
1446 1765 1586 1795 Ferandus
1604 1765 1723 1804 Garsie,
1740 1766 1773 1796 &
1787 1765 1897 1796 Garlias
1918 1764 2045 1796 Gutterii
2062 1789 2071 1804 ‚
2095 1766 2249 1797 memorati
2263 1765 2404 1805 superius,

1333 1789 1459 1842 praesenti
1472 1804 1582 1844 paginae
1598 1804 1693 1834 nostra
1707 1805 1792 1844 sigilla
1802 1803 1933 1834 duximus
1945 1804 2120 1844 apponenda.

1371 1880 1440 1912 Dat.
1456 1880 1538 1922 Burg.
1560 1880 1626 1913 Kal.
1644 1881 1765 1922 Augusti
1771 1905 1782 1921 ,
1799 1892 1875 1913 anno
1890 1882 1986 1923 gratiae
2003 1890 2086 1921 1277.

1379 1958 1434 1989 Sub
1449 1969 1466 1998 9
1479 1958 1595 1999 sigillis,
1613 1963 1643 1989 in
1656 1960 1740 1990 medio
1755 1957 1808 1989 Ioco
1823 1957 1946 1997 Sigillum
1964 1957 2105 1998 Infantis,
2123 1957 2245 1988 Cordulis
2256 1956 2360 1998 sericis.

1334 2086 1383 2118 De
1403 2085 1536 2120 Nunciis
1556 2097 1575 2118 a
1598 2088 1674 2132 Rege
1696 2087 1796 2119 Scotiae
1809 2111 1818 2127 ,
1854 2088 1890 2124 &-
1919 2085 2113 2128 controversia
2130 2083 2222 2132 fitper
2246 2081 2403 2117 Adarchiis

1656 2131 1858 2167 amicabiliter
1876 2133 2083 2180 reformanda.
2301 2148 2306 2153 ·

1337 2220 1387 2281 F
1396 2220 1459 2251 ET
1474 2230 1489 2251 a
1504 2221 1678 2251 remembrer
1691 2220 1727 2252 ke
1741 2219 1943 2266 aByrthened,
1961 2219 2051 2289 leSJur
2064 2219 2142 2251 Seint
2154 2218 2224 2250 Pete
2233 2242 2241 2257 ‚
2259 2218 2296 2249 de
2307 2217 2332 2248 la
2339 2216 2406 2248 Gu-
2422 2222 2499 2253 Αῃῃ,
2514 2221 2555 2255 Ι),

1397 2260 1422 2290 16
1438 2259 1527 2298 Aust,
1547 2260 1598 2290 l'an
1612 2259 1647 2289 de
1660 2269 1742 2299 grace
1754 2261 1803 2290 mil
1816 2259 1890 2290 deuz
1902 2267 1976 2289 cenz
2008 2268 2120 2290 etaunte
2133 2260 2166 2289 δε
2181 2258 2315 2298 Setyme,
2332 2266 2404 2296 vyn-
2446 2270 2530 2299 1277,

1336 2296 1418 2329 drent
1434 2309 1449 2328 a
1465 2298 1488 2328 la
1503 2298 1632 2338 presence
1645 2299 1670 2328 le
1681 2298 1784 2328 Noble
1798 2298 1878 2339 Roys
1890 2297 1925 2328 de
1938 2297 2119 2336 Engleterre,
2137 2307 2186 2337 par
2200 2297 2226 2327 le
2240 2296 2319 2332 Reys
2332 2295 2406 2326 Des-
2422 2304 2463 2328 An
2494 2311 2522 2337 5.

1332 2345 1409 2366 «coce
1424 2360 1433 2376 ‚
1461 2336 1582 2367 Eveskes
1604 2337 1640 2367 de
1659 2337 1737 2367 Seint
1754 2337 1871 2367 Andreu
1922 2337 1955 2368 &
1972 2337 2008 2366 de
2029 2336 2196 2366 Dumblane
2208 2358 2218 2374 ,
2240 2333 2353 2365 Robert
2371 2333 2408 2364 de
2422 2344 2452 2367 Ε.
2479 2348 2504 2367 i.

1337 2373 1423 2416 Bruys
1436 2374 1535 2406 Conte
1545 2376 1580 2406 de
1597 2375 1719 2413 Karrik,
1734 2385 1750 2405 e
1766 2359 1896 2406 Richard'
1903 2375 1939 2405 de
1957 2374 2070 2405 Stratun
2084 2373 2252 2410 Chevalers,
2270 2373 2343 2404 celes
2361 2382 2409 2414 pa·
2423 2382 2484 2405 Pac.
2497 2387 2526 2413 5.

1338 2414 1410 2444 roles
1423 2423 1563 2452 portaunz
1575 2414 1658 2455 depar
1673 2414 1716 2444 lur
1727 2414 1846 2452 Seignur
1860 2414 1886 2443 Ie
1900 2412 1983 2452 Roys
1995 2412 2031 2442 de
2044 2413 2137 2444 Scoce
2171 2423 2187 2443 e
2201 2412 2314 2450 disaun,
2424 2420 2456 2443 Ε.
2476 2426 2485 2443 ι
2494 2435 2503 2443 .

1376 2452 1453 2491 Sire,
1471 2453 1578 2484 endreit
1591 2453 1628 2484 de
1644 2454 1667 2483 la
1683 2453 1761 2483 lettre
1776 2454 1810 2483 ke
1830 2462 1881 2483 vus
1902 2451 2044 2483 enveastes
2059 2462 2074 2482 a
2089 2461 2128 2482 no
2167 2461 2183 2481 e
2197 2450 2242 2481 Sei
2263 2460 2316 2480 nur
2364 2458 2411 2481 to-
2424 2464 2461 2483 m.
2471 2464 2497 2489 7.

1337 2491 1458 2522 chaunte
1472 2492 1498 2522 la
1515 2493 1627 2532 pleynte
1636 2515 1646 2530 ,
1664 2491 1699 2522 ke
1713 2492 1739 2522 le
1754 2491 1863 2522 Eveske
1874 2491 1911 2522 de
1924 2490 2074 2521 Dureume
2087 2498 2172 2529 avoyt
2183 2489 2223 2520 fet
2257 2499 2272 2519 e
2288 2489 2312 2520 la
2327 2473 2411 2519 Mar·
2424 2491 2559 2530 schedulag

1338 2530 1408 2568 che,
1426 2540 1462 2561 en
1476 2531 1501 2561 la
1515 2531 1596 2570 quele
1611 2531 1688 2561 lettre
1702 2531 1744 2560 fut
1758 2539 1904 2561 contenuz
1924 2529 1960 2560 ke
1981 2528 2077 2560 nostre
2097 2528 2215 2568 Seignur
2235 2527 2262 2558 le
2276 2526 2358 2568 Roys
2375 2536 2413 2558 ne

1338 2568 1462 2637 fieverait
1474 2569 1500 2600 sa
1514 2569 1638 2601 Marche
1651 2568 1780 2600 estendi·c
1791 2578 1850 2600 utre
1872 2569 1910 2599 les
1924 2569 2074 2600 auncienes
2088 2567 2223 2599 Marches
2235 2565 2300 2597 usez
2316 2576 2332 2596 e
2346 2576 2413 2597 acu-

1365 2617 1467 2646 utneL3

1377 2646 1436 2676 Ben
1450 2657 1501 2677 vus
1515 2647 1619 2678 maund
1634 2646 1730 2678 nostre
1744 2645 1880 2686 Seignur,
1898 2656 1947 2684 pai·
1961 2657 2012 2677 nus
2026 2669 2036 2685 ,
2061 2646 2097 2677 ke
2110 2646 2179 2676 n’un
2194 2645 2238 2675 n’a
2253 2644 2271 2674 il
2286 2644 2325 2675 fet
2338 2667 2349 2683 ,
2374 2654 2411 2674 ne

1339 2685 1418 2714 velee
1432 2695 1447 2715 a
1464 2685 1537 2724 fere,
1556 2686 1679 2726 forsques
1690 2685 1729 2715 ses
1749 2685 1917 2715 Auncestres
1937 2693 1987 2715 unt
2005 2685 2070 2715 usez
2085 2695 2101 2714 e
2121 2683 2286 2714 acustume'z
2300 2693 2335 2712 en
2351 2691 2413 2713 tens

1339 2722 1376 2752 de
1391 2732 1441 2753 vos
1455 2723 1622 2754 Auncestres
1631 2749 1641 2762 ,
1659 2733 1676 2753 e
1691 2732 1726 2753 eri
1742 2730 1802 2753 tens
1815 2723 1863 2752 des
1877 2722 2000 2752 Eveskes
2009 2723 2045 2753 de
2059 2722 2208 2752 Dureume
2220 2729 2271 2751 tuz
2285 2721 2355 2759 iurs,
2373 2721 2410 2751 de
2445 2738 2449 2742 -

1340 2761 1408 2800 long
1422 2769 1481 2791 tens
1496 2762 1531 2792 ke
1544 2763 1609 2793 nule
1620 2770 1766 2800 memoyre
1781 2771 1817 2790 ne
1830 2760 1888 2794 estz.
1907 2770 1923 2790 e
1938 2760 1956 2790 il
1971 2770 2006 2790 eu
2026 2769 2087 2790 tens
2101 2759 2137 2789 de
2157 2758 2252 2789 vostre
2274 2758 2345 2788 Pere
2359 2781 2369 2796 ‚
2392 2768 2410 2788 e

1339 2799 1375 2830 de
1389 2799 1484 2830 vostre
1499 2808 1573 2838 tens,
1591 2810 1608 2830 e
1619 2801 1667 2830 des
1681 2798 1802 2830 Eveskes
1815 2799 1850 2829 de
1866 2798 2014 2829 Dureume
2026 2798 2062 2828 ke
2077 2806 2127 2828 unt
2137 2796 2212 2836 este,
2229 2807 2283 2828 ceo
2294 2796 2335 2827 est
2351 2796 2408 2828 asa-

1337 2839 1401 2869 voir
1416 2837 1515 2868 deskes
1529 2838 1554 2869 al
1568 2837 1739 2875 Flodmerk,
1757 2837 1855 2868 devers
1870 2837 1896 2867 le
1909 2837 1958 2868 Su.

1378 2876 1422 2915 E,
1442 2876 1501 2906 Sire
1515 2900 1524 2915 ‚
1549 2877 1576 2907 se
1596 2887 1647 2907 vus
1659 2876 1798 2907 entendez
1815 2875 1848 2906 ke
1863 2876 1900 2906 les
1920 2875 2017 2906 choses
2039 2885 2076 2906 ne
2097 2874 2191 2916 seyent
2211 2874 2275 2914 ensy
2288 2897 2298 2913 ‚
2322 2883 2410 2905 come

1338 2915 1433 2946 nostre
1447 2915 1567 2955 Seignur
1581 2926 1632 2948 vus
1645 2914 1750 2946 maund
1766 2925 1814 2953 par
1828 2925 1895 2953 nus,
1913 2922 1975 2945 mut
1989 2913 2059 2954 piest
2073 2924 2088 2944 a
2101 2913 2196 2944 nostre
2202 2912 2339 2957 Seignur,
2355 2923 2409 2954 por

1339 2955 1365 2985 la
1380 2963 1529 2985 revercnce
1545 2954 1581 2985 de
1602 2964 1654 2986 vus
1668 2977 1678 2993 ,
1703 2955 1730 2984 se
1745 2963 1795 2983 vus
1809 2952 1878 2992 plest
1891 2975 1901 2991 ‚
1929 2955 1966 2983 ke
1982 2953 2020 2983 les
2042 2952 2138 2983 choses
2158 2951 2262 2982 fuffent
2276 2951 2411 2982 amiable-

1339 3001 1418 3023 ment
1429 3001 1546 3023 enurrez
1560 3003 1608 3031 par
1623 2991 1723 3031 prodes
1739 2992 1840 3022 homes
1854 2992 1928 3022 leaus
1946 2992 1980 3023 &
1993 2992 2127 3022 aunciens
2140 3013 2150 3029 ,
2174 2991 2211 3021 dc
2229 2990 2304 3021 l'une
2318 2999 2378 3031 part
2391 3000 2410 3020 e

1337 3031 1377 3100 dh
1388 3031 1498 3070 l'autre,
1516 3031 1605 3062 solem
1618 3032 1657 3062 les
1670 3031 1741 3072 leys,
1761 3040 1777 3060 e
1792 3030 1829 3060 les
1844 3030 1934 3069 usages
1947 3053 1958 3069 ‚
1982 3039 1998 3060 e
2013 3030 2049 3061 les
2065 3029 2208 3061 custumes
2225 3029 2262 3060 de
2280 3029 2306 3060 la
2327 3028 2411 3060 Mar-

1339 3081 1356 3101 c
1377 3080 1407 3100 e:

1375 3108 1401 3139 E
1414 3107 1441 3140 se
1454 3119 1506 3140 vus
1520 3110 1579 3146 prie
1591 3108 1686 3140 nostre
1698 3108 1834 3147 seignur,
1851 3118 1938 3138 come
1954 3107 2021 3139 cher
2036 3107 2108 3139 frere
2121 3117 2137 3137 e
2157 3117 2234 3145 ame,
2253 3106 2289 3136 ke
2309 3116 2360 3137 vus
2372 3116 2411 3137 ne

1339 3155 1424 3179 creez
1439 3157 1455 3178 a
1468 3147 1534 3187 nuly
1542 3170 1551 3186 ‚
1572 3148 1607 3177 ke
1623 3148 1706 3188 voyle
1719 3157 1755 3177 en
1770 3148 1875 3185 quieter
1887 3157 1922 3185 pa
1935 3147 2049 3178 volente
2062 3147 2101 3176 ses
2110 3144 2289 3183 Franchises«,
2305 3144 2411 3183 poffes-

1341 3187 1429 3224 siunS‚
1445 3196 1461 3216 e
1474 3186 1511 3215 ses
1525 3186 1646 3224 festines,
1667 3196 1683 3232 e
1702 3185 1741 3215 ses
1757 3185 1852 3224 lunges
1864 3194 2031 3224 oenaunces,
2049 3185 2087 3215 les
2101 3194 2186 3223 queus
2200 3184 2235 3222 il,
2253 3194 2269 3214 e
2281 3183 2318 3214 ses
2326 3184 2409 3214 Aun-

1339 3225 1453 3262 cestres,
1472 3233 1523 3254 unt
1537 3225 1582 3254 use
1595 3235 1630 3254 en
1651 3233 1712 3254 tens
1725 3225 1761 3254 de
1781 3235 1832 3254 vos
1846 3224 2031 3261 Auneestres,
2046 3234 2062 3254 e
2080 3233 2116 3254 en
2131 3222 2244 3260 vostre,
2262 3232 2278 3252 e
2291 3231 2327 3252 en
2347 3230 2408 3253 tens

1338 3264 1385 3294 des
1400 3262 1522 3293 Eveskes
1534 3262 1570 3293 de
1583 3262 1750 3302 Dureume,
1764 3262 1799 3293 de
1814 3263 1833 3293 si
1848 3263 1916 3303 lung
1931 3272 1992 3294 tens
2006 3262 2041 3293 ke
2054 3261 2119 3292 nule
2135 3270 2283 3302 memoyre
2295 3259 2375 3291 n'est.

1365 3404 1519 3450 Restitutio
1531 3402 1622 3448 fabia
1646 3404 1770 3438 Davidi
1784 3415 1838 3451 per
1857 3407 1966 3452 Regem
1985 3403 2022 3439 de
2039 3402 2198 3438 medietate
2211 3400 2385 3437 Snaudom'ae

1754 3457 1790 3493 ὠ
1807 3454 1875 3487 aliis
1888 3457 1988 3488 terris.

1406 3538 1629 3577 Dwardus‚Dei
1661 3538 1822 3578 ratifi‚Rex
1832 3537 2116 3579 Angiiae‚D0minus
2130 3536 2280 3568 Hiberniae
2291 3533 2401 3579 &Dux
2421 3530 2494 3562 Ann-
2512 3530 2556 3562 D.

1341 3618 1378 3648 sl
1407 3579 1599 3618 Aequitaniae,
1653 3579 1781 3617 niversis,
1799 3579 1833 3609 ad
1848 3588 1918 3617 quos
1935 3577 2080 3619 praesentes
2091 3576 2191 3606 litterae
2211 3581 2402 3613 pervenerint,
2419 3579 2524 3636 Alll277.

1353 3629 1368 3648 a
1380 3626 1466 3647 utem.
2465 3629 2472 3637 .
2486 3619 2514 3646 5.

1380 3655 1428 3686 Ad
1445 3654 1638 3685 Universitatis
1652 3655 1752 3686 vestra:
1766 3657 1898 3687 notitiam
1918 3654 2049 3686 volumus
2068 3653 2229 3690 pervenire,
2243 3649 2321 3694 quod
2337 3660 2404 3688 nos,
2421 3652 2494 3675 E..1.

1343 3694 1548 3724 considerantes
1566 3693 1673 3724 diutina
1694 3694 1827 3732 obsequia
1840 3695 1874 3725 ὃς
1896 3691 2135 3724 commendabilia
2156 3689 2250 3732 diletsti
2269 3689 2303 3719 ἂ
2319 3687 2404 3719 fidelis
2421 3689 2495 3713 L-A-
2502 3684 2530 3723 f·

1343 3731 1432 3762 nostri
1447 3730 1580 3769 Davidis,
1599 3731 1647 3762 filii
1660 3732 1779 3763 Griffini
1790 3756 1799 3771 ,
1815 3734 1848 3764 ὃς
1861 3731 1996 3762 fidelitatis
2009 3730 2065 3761 suae
2082 3727 2270 3770 constantiam
2282 3749 2291 3764 ,
2317 3737 2403 3764 quam
2425 3725 2489 3761 33⁶·
2502 3733 2531 3753 a·

1343 3772 1373 3800 in
1387 3769 1446 3806 ipso
1460 3771 1592 3801 novimus
1605 3772 1715 3810 vigere,
1732 3771 1920 3802 concessimus
1939 3770 2032 3801 eidem
2045 3791 2055 3807 ,
2079 3776 2133 3805 pro
2153 3765 2236 3795 nobis
2254 3765 2287 3795 &
2302 3764 2405 3796 Haere-
2421 3764 2554 3789 Penescm-

1344 3808 1440 3843 dibus,
1457 3808 1536 3847 quod
1552 3809 1569 3838 si
1579 3832 1588 3846 ‚
1606 3808 1742 3840 Domino
1753 3817 1901 3847 operante,
1919 3807 2071 3846 contigerit
2080 3827 2092 3843 ,
2115 3812 2166 3834 nos
2180 3802 2360 3835 Lewelinum
2374 3804 2406 3836 fi-
2423 3808 2518 3828 merar.

1343 3847 1411 3876 lium
1425 3846 1542 3876 Griffini
1556 3847 1680 3878 Fratrem
1694 3848 1790 3886 suum,
1924 3880 1932 3886 ι
2186 3879 2190 3884 Ι
2423 3842 2484 3866 ΡΜ·
2492 3846 2521 3873 5·

1384 3884 1446 3922 Qii
1457 3885 1565 3915 dudum
1580 3886 1727 3917 Owenum
1741 3886 1866 3916 Fratrem
1878 3884 1957 3915 suum
1967 3883 2132 3917 seniorem,
2143 3878 2312 3923 'existentem
2328 3881 2358 3910 in
2371 3880 2404 3910 fi-
2422 3880 2450 3903 E.
2475 3884 2499 3902 ¹·

1343 3923 1380 3953 de
1392 3923 1424 3952 δε
1441 3923 1576 3962 homagio
1591 3924 1715 3956 Domini
1730 3923 1850 3954 Henrici
1864 3923 1952 3961 Regis
1964 3920 2052 3950 Patris
2062 3918 2166 3955 nostri,
2185 3926 2259 3957 cepit
2275 3941 2285 3956 ,
2309 3919 2343 3949 ὃς
2357 3927 2405 3948 ex-
2423 3923 2459 3942 m·
2476 3922 2491 3948 7
2497 3932 2504 3939 ·

1343 3961 1497 4001 hzeredavit
1510 3962 1626 4002 injuste,
1644 3973 1677 3994 ac
1690 3962 1812 3993 eundern
1825 3961 1916 3991 adhuc
1931 3959 2036 3989 detinet
2049 3957 2270 4000 incarceratum,
2285 3957 2318 3988 &
2334 3966 2407 3996 ρης.
2423 3950 2554 3986 schedulas

1342 3998 1451 4031 dictum
1466 3999 1611 4033 Davidem
1629 4000 1726 4042 postea
1748 3998 1934 4032 exhaeredavit
1948 3995 2070 4028 similiter
2089 3994 2207 4035 iniuste,
2222 3994 2257 4026 ad
2277 4005 2330 4027 nos
2348 4004 2410 4026 tan-

2323 4041 2408 4074 quam
