2570 4261
691 177 724 222 E
760 181 800 223 T
882 181 920 223 A
956 176 993 222 C
1032 175 1072 222 T
1110 178 1148 220 A

0 262 107 299 nnzD.

0 313 76 341 1279·

0 346 40 373 dv.
61 350 85 367 {⁴-

122 364 227 395 Litera
248 359 288 394 ab
308 362 434 407 Affonsb
461 365 537 408 Rege
564 360 687 405 Castellae
702 387 712 401 ‚
735 360 771 393 de
798 363 917 394 Nuncio
939 359 984 393 ad
1006 361 1175 393 Dominum

542 412 753 443 Tartarorum.

0 500 26 523 'n-
44 502 71 528 7·
122 493 337 557 MAgnifico
354 493 498 535 Principi,
515 493 658 525 karissimo
674 494 782 523 sororio
798 493 866 532 suo,
883 493 1024 524 Edwardo
1042 492 1099 523 Dei
1116 500 1177 534 gra-

26 541 34 559 1
220 533 276 571 tia,
291 532 387 562 illustri
404 533 479 577 Regi
496 533 624 572 Angliae,
638 532 717 562 Duci
735 533 913 570 Aquitaniae,
928 534 960 563 ὃς
978 532 1112 562 Domino
1120 530 1177 560 Hi-

125 573 250 609 berniae,
269 571 419 608 Alfonsus,
437 571 536 601 eadem
559 570 665 609 grati-21,
685 570 748 600 Rex
773 569 920 609 Castellae,
936 571 1053 606 Toleti,
1073 569 1177 607 Legio-

0 617 65 643 ur...
124 609 341 649 niS‚.Galiciae‚
360 609 472 647 Sibilae,
491 609 666 646 Cordubiae,
685 608 825 647 Murciae,
842 609 1008 647 Gehennae,
1028 609 1060 638 &
1080 606 1177 646 Algar-

124 649 198 685 biae,
214 647 326 678 salntem
344 648 376 678 &
393 648 504 678 intimae
523 647 679 677 dilesiionis
695 646 838 677 affecstum.

160 686 239 717 Cum
263 686 372 726 pridem
395 686 426 715 in
449 686 606 716 Tartariam
628 685 799 723 miserimus,
815 685 848 715 ad
866 684 1029 714 Dominum
1044 683 1179 713 Tartaro-

123 735 204 762 rum,
220 725 312 755 virum
328 725 480 764 providum
493 724 701 761 Bonamicum,
718 723 869 760 diledmm,
887 723 998 752 fidelem
1013 724 1045 753 &
1064 721 1178 750 familia-

123 774 184 794 rem
197 762 341 800 nostrum,
359 764 392 792 &
407 762 501 792 secum
517 762 625 792 duxerit
641 761 780 801 quendam
794 762 829 791 de
845 770 916 791 terra
932 760 1019 791 vestra
1030 783 1039 798 ‚
1057 760 1177 789 nomine

122 801 283 831 Henricum
306 800 425 838 Barleti,
443 801 509 839 qui,
529 809 613 837 prout
634 800 741 838 arserit,
757 800 789 830 in
812 801 911 830 itinere
932 799 990 837 ipso
1013 798 1129 828 fideliter
1143 798 1176 827 δε

123 840 198 870 bene
210 838 319 868 servivit
334 839 443 876 eidem,
1138 873 1143 878 .

163 877 359 907 Dileetionem
378 876 499 906 vestram
518 877 622 907 attente
643 885 790 915 rogamus,
830 875 936 906 uatinus
960 873 1121 905 Henricum
1136 882 1178 911 ip·-

125 915 206 953 sum,
228 914 374 952 Militem,
393 915 484 945 velitis
501 916 765 945 recommendatum
787 915 820 944 ha
844 923 907 951 ere,
924 912 1001 952 quod
1015 922 1109 952 preces
1125 920 1180 941 no-

124 953 189 984 stras
205 954 254 984 fibi
270 953 367 984 sentiat
383 954 411 983 in
429 952 483 984 heic
500 962 594 992 parte,
613 962 697 991 prout
714 953 868 991 convenit,
887 952 1021 982 valituras.

161 1029 231 1060 Dat.
246 1029 348 1068 Bruges
365 1029 454 1059 Anno
470 1029 593 1060 Domini
610 1029 758 1060 millesimo
773 1028 967 1059 ducentesimo
983 1019 1181 1066 septuagesimo

123 1068 248 1105 octavo,
266 1067 310 1097 die
328 1077 366 1105 27
380 1068 446 1107 Jan,
1127 1102 1129 1105 .

121 1105 277 1184 gli{gidius
298 1106 427 1144 Tabula,
447 1104 528 1146 Rege
545 1106 711 1145 mandante,
729 1105 832 1143 scripsit
849 1104 890 1135 D.
908 1103 1007 1135 illustri
1023 1103 1100 1140 Regi
1119 1101 1180 1132 An-

4 1285 109 1317 11.129.
149 1279 175 1306 ss
202 1282 327 1322 Lirem,
351 1291 453 1314 contra
477 1281 674 1326 Senefiallum
697 1278 840 1325 Vasconiae
864 1280 990 1322 Ecclcfiae
1013 1277 1087 1311 bona
1113 1277 1161 1310 di-

568 1332 733 1373 ripi'entem.

0 1424 56 1445 mn.
70 1411 111 1444 D.
131 1408 348 1477 SEreniffimo
373 1415 498 1458 Principi
548 1415 682 1446 Domino
706 1414 849 1446 Edwardo
864 1413 956 1458 »in
981 1413 1084 1453 gratia,
1108 1413 1186 1450 Regi

0 1462 82 1491 1279.
190 1455 318 1495 Angliae,
336 1456 471 1486 Domino
488 1440 652 1493 I-siberniae,
670 1464 702 1485 ac
720 1454 799 1484 Duci
816 1454 992 1491 Aquitaniae,
1008 1453 1187 1491 Amanenus,

0 1496 31 1520 ln.
47 1501 72 1526 7.
129 1491 224 1523 divina
248 1494 443 1532 permiffione,
464 1494 698 1533 Archiepiscopus
718 1492 923 1529 Auxitanensis,
942 1491 982 1521 G.
1002 1491 1185 1529 Lettorenlis,

2 1552 8 1558 .
29 1539 53 1556 1·
129 1530 166 1560 C.
191 1531 350 1570 Olorenlis,
374 1532 415 1562 H.
442 1533 610 1569 vasatensis,
630 1532 666 1561 A.
691 1530 842 1569 Aquensis,
868 1529 899 1559 P.
923 1529 1070 1559 Adurensis
1091 1532 1123 1561 &
1147 1530 1183 1560 A.

3 1572 53 1602 .,Β.
62 1565 89 1603 f-
128 1567 332 1608 Ceseranensis,
351 1570 449 1600 eadem
472 1570 624 1609 Episcopi,
641 1572 697 1608 ejus
719 1569 907 1608 Suffiaganei,
922 1568 1036 1598 salutem
1058 1570 1090 1599 &
1108 1578 1185 1606 para-

0 1615 43 1641 24-
60 1605 85 1631 b·
125 1614 183 1637 tam
197 1608 231 1638 ad
245 1609 300 1646 ejus
316 1609 488 1646 beneplacita
503 1610 693 1638 voluntatem:

0 1654 52 1670 ²³⁷²&
168 1646 342 1677 Venerabilis
363 1647 444 1676 frater
467 1647 563 1677 noster
579 1646 731 1685 Episcopus
746 1645 873 1675 Vasaten.
888 1645 921 1674 δε
934 1644 1046 1674 discreti
1058 1646 1112 1675 viri
1126 1645 1184 1675 Ca-

0 1691 108 1710 am-War·
126 1686 249 1725 pitulum
266 1685 388 1723 ejusdem
406 1684 541 1716 Ecclesiae
557 1686 639 1715 nobis
654 1694 793 1724 exponere
814 1692 998 1719 curaverunt,
1014 1683 1044 1712 in
1060 1683 1184 1714 Provin-

127 1724 191 1756 ciali
213 1723 351 1754 Concilio
370 1723 443 1760 apud
460 1724 563 1753 Auxim
576 1746 584 1761 ,
603 1723 700 1761 quod,
721 1723 785 1752 licet
799 1722 849 1759 ipsi
861 1731 948 1759 opem
963 1721 1090 1752 dederint
1105 1724 1138 1753 ὃς
1150 1732 1184 1752 ο-

126 1763 226 1802 peram
247 1761 410 1798 efficacem,
428 1770 458 1791 ut
478 1769 584 1791 exortae
602 1761 750 1791 discordi-ae
766 1761 801 1791 ab
815 1760 930 1797 antiquo
942 1762 1015 1789 inter
1031 1759 1137 1790 vestros
1149 1762 1182 1791 ἃ

126 1802 189 1832 suos
211 1799 439 1837 praedeceffores,
458 1810 506 1837 per
528 1801 605 1829 viam
628 1801 702 1836 pacis
722 1799 755 1829 ὃ(
774 1799 987 1835 compositionis
1001 1800 1183 1829 amicabiliter

111 1839 300 1877 sopirentur,
325 1845 411 1875 prout
431 1839 460 1867 in
485 1838 708 1877 compositione,
726 1838 840 1867 tratitata
862 1838 894 1866 ὅτ
913 1836 1040 1867 ordinata
1060 1838 1090 1867 in
1111 1848 1184 1875 quo-

110 1875 246 1908 ·rundam
264 1874 396 1906 nostrum
418 1876 584 1914 praesentia,
609 1877 682 1906 inter
705 1875 775 1913 ipsos
796 1876 828 1906 &
848 1874 1034 1905 Senescallum
1058 1876 1181 1906 vestrum

123 1915 290 1954 Vaseoniae,
308 1924 393 1952 quam
417 1924 467 1945 vos
488 1925 549 1944 non
562 1914 702 1945 credimus
717 1916 860 1953 ignorare,
879 1913 985 1951 plenius
998 1913 1100 1944 dicitur
1113 1925 1184 1945 con-

124 1962 208 1984 tineri
227 1964 233 1982 z

164 1991 245 2022 Cum
257 2001 352 2023 autem
364 1991 519 2031 Episcopus
532 1992 565 2023 &
574 1991 741 2030 Capitulum
749 1991 911 2029 supradicti,
929 1999 963 2020 ex
974 1991 1183 2030 compositione

147 2032 255 2068 raesata,
273 2041 373 2070 pacem
394 2031 515 2061 vestram
535 2034 674 2069 perpetuo
695 2032 833 2068 sperarent
855 2031 888 2059 &
906 2030 1023 2068 gratiam
1039 2030 1184 2067 optinere,

116 2040 160 2100 ἓ(
179 2077 254 2109 grata
278 2069 328 2099 sibi
352 2070 384 2101 ὃς
407 2068 541 2099 Ecclesiae
564 2069 618 2099 suae
639 2069 763 2100 comoda
778 2069 944 2106 provenire,
963 2068 993 2096 in
1009 2069 1185 2097 contrarium

125 2109 276 2145 eveniens,
295 2116 353 2138 tam
374 2108 438 2146 ipsi,
456 2116 542 2146 qnam
564 2118 663 2138 eorum
684 2107 783 2137 subditi
805 2107 914 2145 gravius
934 2106 1016 2136 solito
1036 2106 1187 2136 molestan-

127 2154 197 2184 tur,
228 2145 261 2176 ὃς
309 2150 395 2176 uanto
417 2146 515 2176 fortius
538 2146 655 2176 scribitis
674 2146 763 2177 literas
783 2144 940 2175 Senescallo
961 2144 997 2174 de
1015 2154 1076 2174 non
1096 2145 1187 2175 mole-

126 2183 229 2215 stando
245 2184 298 2214 eos
313 2194 377 2219 em,
396 2191 464 2214 tunc
479 2183 572 2215 durius
585 2183 747 2222 proceditur
766 2193 866 2214 contra
883 2192 944 2214 eos:

163 2222 246 2253 Nam
261 2222 338 2252 idem
354 2222 522 2254 Senescallus
535 2224 567 2253 ὃς
582 2225 636 2264 ejus
654 2223 780 2254 Ministri
795 2223 851 2260 jura
865 2222 1001 2253 Ecclesiae
1018 2222 1050 2252 ὃς
1065 2220 1188 2253 subdito-

80 2296 84 2301 *
126 2270 191 2297 rum
205 2262 261 2300 ejus
269 2261 612 2300 *occupantAEpiscopum
627 2261 834 2300 &Capitulum
843 2261 876 2291 ad
885 2262 971 2291 curias
978 2260 1107 2291 seculares
1115 2270 1187 2290 con-

126 2307 250 2339 vocant,
267 2301 344 2331 bona
360 2299 509 2331 Vasatensis
524 2300 658 2332 Ecclesiae
672 2301 798 2331 indebite
810 2301 920 2338 rapiunt
934 2300 966 2329 &
981 2299 1131 2329 invadunt:

115 2349 121 2352 “
168 2338 304 2377 Cumque
325 2339 573 2377 praedecessoribus
593 2339 712 2378 nostris,
730 2341 760 2369 in
782 2338 1008 2369 Provincialibus
1029 2337 1188 2376 Conciliis,

128 2376 235 2410 diversa
250 2379 437 2409 emanaverint
453 2378 553 2408 statuta
567 2387 668 2409 contra
684 2388 779 2410 rerum
795 2377 1049 2408 Ecclesiasticarum
1064 2385 1187 2413 raptores

128 2416 163 2446 &
184 2416 338 2454 invasores,
353 2417 401 2455 qui
423 2416 532 2454 statim,
550 2417 627 2446 factis
643 2417 831 2446 invasionibus
846 2417 878 2446 δε
895 2416 996 2452 rapinis
1009 2414 1122 2452 talibus,
1140 2423 1187 2443 ex-

124 2456 399 2485 communicationis
421 2455 454 2485 &
474 2454 614 2484 interdicti
636 2454 777 2485 sententiis
797 2453 1001 2493 percelluntur,
1019 2453 1070 2490 &,
1089 2462 1188 2490 quam-

128 2491 176 2523 diu
199 2492 274 2522 bona
287 2501 363 2530 rapta
378 2493 421 2523 vel
438 2492 528 2522 invasa
542 2492 645 2522 alicubi
659 2492 821 2523 detinentur
853 2491 972 2521 cessetur
987 2492 1017 2520 in
1032 2491 1114 2528 loco,
1139 2491 1188 2520 ubi

129 2529 209 2568 sunt,
229 2532 244 2560 a
264 2530 383 2569 divinis3
401 2531 441 2561 ob
461 2532 644 2561 reverentiam
666 2539 762 2561 tamen
783 2514 883 2560 veiirae
901 2528 1053 2566 Maiestatis
1070 2528 1115 2558 Re
1136 2529 1187 2567 iae,

127 2577 212 2607 quam
234 2578 328 2599 caram
343 2568 450 2606 semper
462 2569 613 2607 habemus,
631 2569 787 2599 Senescallo
804 2569 836 2598 δε
853 2567 988 2598 Ministris
1001 2566 1096 2597 vestris
1130 2568 1189 2596 efe-

128 2608 231 2645 rimus,
250 2617 304 2637 nec
326 2607 388 2637 latas
405 2608 551 2637 sententias
571 2608 748 2646 exequimur,
766 2615 814 2637 aut
832 2607 930 2644 exequi
952 2606 1068 2636 facimus
1087 2613 1186 2635 contra

129 2644 219 2683 ipsos,
236 2653 268 2676 ut
282 2646 312 2675 in
327 2645 431 2676 statutis
445 2646 582 2683 praetactis
599 2645 823 2676 Provincialibus
838 2645 1030 2675 continentur.

169 2682 248 2714 Cum
271 2684 371 2723 igitur,
389 2694 422 2714 ex
445 2684 574 2723 injunslo
593 2685 677 2715 nobis
696 2683 814 2722 officio,
829 2692 974 2714 teneamur
994 2683 1062 2713 alter
1083 2681 1189 2721 alterius

113 2737 116 2739 Δ
129 2729 217 2752 onera
228 2722 386 2791 sfflportare
394 2745 404 2761 ,
418 2723 451 2753 ὃ(
465 2724 581 2761 gravatis
597 2722 728 2753 Ecclesiis
743 2721 778 2752 de
790 2731 938 2762 oportuno
952 2721 1080 2751 remedio
1095 2721 1191 2761 provi-

129 2760 212 2798 dere,
286 2760 441 2791 lsitudinem
460 2761 581 2791 vestram
602 2761 742 2800 Regiam,
761 2770 794 2790 ex
820 2769 894 2798 parte
917 2759 1030 2798 nostra,
1049 2761 1081 2790 &
1104 2760 1191 2790 totius

131 2797 316 2829 Provincialis
332 2799 421 2829 nostri
435 2798 579 2837 Concilii,
597 2809 629 2829 ex
645 2799 733 2829 corde
746 2800 958 2837 requirimus&
971 2807 1116 2837 rogamUS,
1144 2808 1191 2828 ua-

128 2837 220 2876 tinus,
239 2848 292 2875 pro
313 2837 370 2867 Dei
394 2847 491 2868 amore
512 2839 544 2869 δε
566 2837 661 2868 nostra
680 2839 853 2876 reverentia,
878 2836 1048 2874 Ecclesiam,
1073 2836 1127 2874 Epi
1140 2847 1191 2867 co-

128 2885 201 2913 pum
223 2876 256 2905 &
281 2874 445 2916 Capitulum
470 2876 645 2907 Vasatensem
669 2876 917 2906 recommendatos
933 2876 1082 2913 habentes,
1100 2885 1148 2905 eos
1162 2876 1190 2905 in

117 2914 212 2950 „rebus
229 2914 262 2945 &
279 2914 362 2945 bonis
376 2914 427 2945 suis
441 2925 501 2944 non
516 2916 605 2947 sinatis
619 2915 737 2952 amplius
752 2914 907 2947 molestari..

168 2951 257 2988 Super
279 2953 380 2992 quibus
398 2953 514 2982 latorem
537 2953 714 2991 praesentium
732 2953 765 2983 ad
786 2964 837 2983 vos
862 2953 1017 2990 mittimus,
1043 2953 1089 2982 cui
1113 2951 1192 2989 super

130 2989 183 3024 hiis
204 2989 290 3020 fidem
316 2990 448 3022 adbibere
467 2992 574 3029 velitis,
594 3002 643 3029 per
664 3002 749 3029 quem
770 2993 853 3022 nobis
871 2991 1049 3022 voluntatem
1071 2990 1191 3025 vestram

133 3026 316 3066 mandabitis,
338 3038 421 3065 quam
440 3030 525 3066 parati
537 3030 628 3068 sumus
643 3030 676 3060 δε
690 3031 793 3062 erimus
806 3030 966 3069 adimplere.

137 3105 142 3109 Π
170 3065 280 3134 ίῗυςεαῑ
297 3066 378 3096 vobis
398 3066 543 3098 Dominus
562 3068 679 3108 gratiam
697 3070 726 3098 in
743 3069 889 3107 praesenti,
908 3069 940 3100 &
953 3067 1074 3107 gloriam
1089 3067 1193 3099 tribuat

134 3113 175 3133 in.
195 3112 287 3136 uturo.

171 3179 283 3213 Datum
302 3183 375 3222 apud
398 3183 512 3214 Auxim.
526 3183 603 3214 Prid.
617 3184 702 3215 Non.
718 3185 878 3225 Februarii,
895 3196 971 3217 anno
985 3185 1111 3217 Domini
1129 3184 1194 3217 mil-

133 3218 234 3250 Iefimo
245 3220 438 3253 ducentesimo
452 3223 651 3262 septuagelimo
664 3233 753 3254 nono.

135 3353 184 3385 De
201 3352 448 3396 contentionibus,
474 3358 552 3387 inter
568 3356 786 3391 Alexandrum
804 3363 912 3407 Regem
928 3363 1027 3393 Scotiae
1038 3387 1047 3402 ,
1066 3363 1103 3398 ὠ·
1123 3362 1194 3394 Du-

357 3402 532 3447 nelmenfim
558 3405 732 3451 Epifiopum
753 3408 961 3442 terminandis.

1 3483 60 3515 inti.
74 3482 116 3514 D.

3 3531 87 3560 1279.

2 3564 33 3607 ln.
53 3571 80 3597 7.

136 3486 264 3556 REIX
283 3488 433 3532 venerabili
456 3488 526 3528 patri
547 3487 600 3517 W.
622 3488 805 3521 Norwicenfi
827 3491 970 3530 Episcopo
983 3518 992 3531 ,
1013 3493 1137 3532 Johannf
1158 3491 1194 3522 de

138 3525 478 3603 manvifigcssulgangistro
500 3526 635 3557 Roberto
656 3527 692 3557 de
711 3527 893 3571 Scardeburg.
915 3532 948 3562 &
963 3533 1043 3563 Tho.
1059 3532 1094 3562 de
1109 3532 1143 3562 N
1146 3542 1193 3561 or-

8 3619 14 3626 ·
35 3609 59 3626 ¹·
171 3603 251 3634 Cum
271 3603 383 3634 diversae
405 3598 621 3640 contentiones,
640 3598 895 3637 inter'Dominum
922 3607 1110 3639 Alexandrum
1132 3608 1191 3638 Re-

3 3644 101 3672 att-”7³
134 3644 200 3709 {em
219 3642 325 3673 Scotiae
345 3641 496 3679 illustrem,
514 3644 547 3674 ὅς
568 3642 755 3672 venerabilem
773 3653 880 3681 patrem
902 3646 940 3676 R.
966 3646 1190 3677 Dunelmensem

5 3684 58 3721 ²szss¹'
137 3718 143 3723 ·
180 3681 236 3711 isco
257 3691 307 3711 um
328 3680 379 3711 lint
398 3681 519 3711 subortae
553 3680 631 3720 super
649 3680 810 3720 quibusdam
829 3684 935 3720 juribus
957 3685 989 3715 ὅ(
1008 3687 1106 3723 rebus,
1125 3695 1191 3723 quas

5 3720 94 3752 '2²42'
150 3722 211 3760 ⁴e'rn
254 3723 452 3758 ex,'tanquam
466 3718 501 3748 de
539 3728 621 3762 tegno
637 3717 685 3749 suo
699 3720 821 3758 Scotiae,
840 3720 911 3752 dicit
924 3722 958 3753 ad
973 3723 998 3753 se
1011 3724 1113 3754 debere
1128 3734 1190 3762 per-

0 3749 46 3788 W}
60 3772 63 3773 ⁷
89 3783 93 3787 .
135 3763 239 3795 tmere„
256 3759 289 3788 ὅ(
310 3767 375 3796 quas
395 3757 471 3788 idem
491 3757 645 3795 Episcopus
656 3757 757 3787 habere
770 3758 887 3797 clamat,
901 3768 1035 3798 tanquam
1049 3763 1190 3800 pertinen-

134 3795 222 3826 tec-ad
235 3795 389 3827 Ecclesiam
411 3796 486 3826 suam
505 3795 743 3831 Dunelmensem,·

171 3830 238 3862 Nos
255 3836 469 3866 contentiones
490 3835 546 3865 illas
565 3834 666 3872 sopiri,
686 3836 718 3864 &
740 3834 795 3864 fine
817 3835 915 3866 debito
936 3839 1078 3868 terminari
1093 3840 1192 3870 volen-

134 3877 192 3908 tes,
209 3855 402 3910 assignavimus
423 3884 474 3903 vos
497 3874 530 3904 ad
552 3874 751 3903 contentiones
771 3872 826 3902 illas
843 3874 1030 3914 audiendum,
1048 3878 1191 3916 corrigen-

130 3907 203 3977 ἐμω
224 3908 258 3939 &
278 3912 505 3950 terminandum,
524 3920 607 3952 prout
629 3910 720 3941 vestra
739 3910 870 3942 discretio
890 3913 978 3951 magis
992 3914 1094 3945 viderit
1110 3925 1192 3954 expe-

153 3955 191 3976 ire
208 3955 214 3975 :

172 3983 191 4003 ³*
209 3982 247 4028 Et
270 3984 334 4016 ideo
355 3988 437 4018 vobis
458 3988 620 4018 mandamus
642 3987 716 4026 quod
726 3985 741 4026 ,‘
753 3988 786 4018 ad
801 3987 950 4018 instantem
964 3989 1040 4019 diem
1054 3990 1194 4022 Domini-

133 4031 215 4060 cam,
234 4032 263 4051 in
286 4023 376 4054 media
388 4026 607 4066 quadragesima,
626 4027 659 4057 ad
676 4036 762 4065 partes
778 4025 1004 4064 Norhumbriae,
1023 4029 1055 4059 &
1070 4028 1195 4061 confinia

120 4061 282 4130 Ι1γεξκείιέιηιιξῄί
301 4062 335 4130 {¹³¹
353 4064 452 4131 qpibus
467 4066 596 4105 prandisti
611 4065 677 4097 Rex
689 4067 721 4098 ὃς
737 4064 892 4106 Episcopus
904 4065 967 4103 jura
981 4066 1015 4097 ὃ(
1028 4076 1070 4098 res
1081 4067 1140 4100 illas
1155 4068 1194 4100 al-

9 3985 115 4023 11.i30.

1232 176 1701 230 PUBLICA;
2194 200 2271 246 177

1214 268 1354 310 ternatim¹
1370 268 1472 311 habere
1493 270 1634 315 clamant,
1649 274 1827 311 personaliter
1847 275 2000 315 accedatis,
2015 276 2048 308 δε
2069 278 2268 308 contentiones
2286 280 2357 311 Anii.
2371 279 2412 313 D.

1217 304 1421 350 illas-audiatis,
1440 318 1582 348 corrigatis
1601 313 1633 340 &c
1658 314 1827 351 terminetis,
1846 323 1931 351 prout
1947 325 2046 345 coram
2061 316 2121 355 ipso
2138 316 2218 355 Rege
2232 318 2264 347 δί
2302 328 2386 358 1279.

1216 342 1298 371 vobis
1317 353 1347 372 in
1367 345 1469 374 ultimo
1484 346 1676 379 Parlearnento
1688 351 1788 380 nostro
1801 353 1830 381 in
1844 353 1991 391 praesentia
2004 362 2209 384 attornatorum
2223 356 2267 392 ip-
2283 360 2348 386 Edv.
2366 368 2391 387 r.

1205 379 1267 422 sius
1282 379 1384 422 Regis,
1399 392 1468 421 quos
1481 384 1513 413 ea
1527 387 1676 416 occasione
1688 389 1716 416 in
1733 389 1808 418 curia
1821 390 1917 421 nostra
1932 392 2084 430 dimiserat,
2099 392 2163 431 post
2178 403 2266 423 reces-

1216 417 1276 446 sum
1300 422 1381 449 luum
1403 421 1438 449 ab
1459 422 1570 460 eadem,
1586 425 1728 460 provisum
1749 427 1782 456 ὃς
1801 426 1962 459 ordinatum
1985 429 2071 460 fuerat

1216 456 1381 495 cordatum,
1407 459 1440 489 &
1462 469 1544 498 prout

1216 492 1283 523 dire.

1245 531 1454 579 'Mandavimus
1475 537 1553 580 enim
1577 536 1741 577 Militibus,
1766 538 1856 570 liberis
1874 541 2055 582 hominibus,
2080 538 2113 575 δὲ
2136 534 2271 576 omnibus

1216 570 1273 600 aliis
1295 571 1330 600 de
1352 575 1475 609 partibus
1497 574 1563 612 illis,
1580 576 1657 618 quod
1679 577 1712 606 ad
1728 579 1866 616 praemissa
1880 579 2005 611 facienda
2019 583 2100 612 vobis
2114 583 2165 613 sint
2179 584 2270 614 inten-

1216 608 1329 653 denteS,
1345 611 1553 650 respondentes,
1571 614 1745 644 consulentes
1759 617 1791 646 &
1805 617 1980 656 auxiliantes,
1996 628 2079 655 prout
2094 621 2131 649 eis
2145 621 2213 651 scire
2229 622 2269 652 fa*-

1217 656 1294 677 ciatis
1314 657 1445 692 exparte
1466 651 1576 688 nostra,
1594 652 1627 682 ὅ(
1652 652 1823 683 Vicecomiti
1846 654 1944 685 nostro
1969 657 2176 689 Norhumbriae
2191 660 2270 698 quod

1217 685 1252 714 ad
1270 695 1362 715 certos
1377 687 1434 717 dies
1449 689 1480 718 &
1497 689 1576 726 loca,
1596 699 1667 726 quos
1682 692 1708 720 ei
1723 691 1789 721 scire
1804 692 1921 730 faciatis,
1934 696 2029 725 venire
2044 695 2124 726 faciat
2134 698 2210 734 ,&c.
2225 699 2270 728 toi:

1219 723 1252 767 βε
1269 724 1334 753 tales
1358 732 1415 768 tam
1437 725 1558 765 Milites,
1575 728 1636 758 δίε.
1658 738 1708 766 per
1724 739 1793 767 quos
1810 732 1850 761 rei
1862 733 1961 762 veritas
1975 733 2071 763 melius
2085 733 2154 764 scire
2164 736 2270 775 poterit

1217 771 1247 790 m
1266 763 1418 801 praemiffis.

1253 799 1287 829 In
1298 802 1390 839 cujus,
1409 802 1468 832 &e

2092 440 2119 460 at
2139 440 2173 460 ue
2255 447 2268 454 -

1568 461 1664 492 vestris
1686 463 1896 496 discretionibus
1917 468 2004 507 magis
2024 440 2164 498 videbiiiur
2183 441 2270 507 eige-

1253 875 1341 906 Teste
1353 876 1434 917 Rege
1450 878 1523 916 apud
1539 879 1713 911 Wodestok.
1729 891 1828 920 quarto
1842 883 1887 915 die
1904 884 2053 916 Februarii.

1257 952 1297 982 Et
1315 954 1477 984 mandatum
1500 955 1541 986 'est
1565 957 1680 1001 eisdem·
1691 959 1788 1002 quod,
1806 960 1824 990 fi
1849 961 1897 998 ipsi
1913 971 2014 991 omnes
2029 962 2062 992 ad
2081 963 2216 1000 praemisla
2233 964 2273 994 fa*-

1220 990 1320 1034 cienda
1341 999 1410 1022 tunc
1435 993 1579 1024 intendere
1596 1005 1632 1025 rie
1652 1006 1790 1034 uiverint,
1808 1005 1861 1029 tres
1875 1009 1976 1030 eorum
1990 999 2025 1030 ad
2040 1010 2071 1030 ea
2086 1001 2212 1032 facienda
2229 1002 2272 1032 di·

1220 1028 1338 1068 ligenter
1352 1030 1498 1062 intendant
1514 1033 1544 1062 in
1560 1034 1654 1064 forma
1669 1034 1815 1071 praedicta.

1258 1067 1291 1098 In
1311 1068 1403 1107 cujus,
1423 1070 1484 1100 &c.

1260 1143 1349 1176 Teste
1363 1153 1395 1177 ut
1410 1145 1496 1187 supra

1255 1220 1297 1265 ‘Et
1319 1221 1481 1266 mandatum
1498 1218 1556 1262 est,
1573 1225 1726 1268 perbreve
1740 1224 1881 1264 clausum,
1901 1225 2016 1265 praefato
2032 1226 2175 1268 Episcopo
2190 1229 2273 1261 Nor-2

1222 1264 1352 1304 yvicenii,
1368 1262 1445 1305 quod
1460 1262 1496 1306 de
1512 1262 1648 1306 homagio
1662 1263 1695 1293 &
1710 1265 1842 1294 omnibus
1856 1265 2088 1304 circumstantiis,
2108 1267 2272 1306 homagium

1222 1298 1288 1328 illud
1301 1302 1529 1343 contingentibus
1538 1324 1547 1339 ,
1569 1303 1685 1331 cautiori
1699 1303 1788 1332 modo
1805 1304 1837 1332 ὃ(
1852 1304 2008 1341 secretiori,
2026 1314 2084 1341 quo
2099 1307 2217 1343 poterit,
2231 1306 2274 1336 di-

1223 1337 1340 1381 ligenter
1355 1338 1493 1381 inquirat,
1507 1339 1544 1370 set
1560 1339 1650 1371 nichil
1662 1339 1728 1372 inde
1740 1340 1832 1372 facere
1845 1350 2007 1380 attemptet,
2024 1343 2125 1381 absque
2139 1344 2271 1376 mandato

1225 1375 1312 1414 Regis
1329 1375 1448 1414 speciali.
2164 1384 2169 1391 “
2266 1392 2270 1393 ’

1260 1445 1349 1484 Teste
1363 1462 1393 1485 ut
1405 1454 1491 1494 supra„

1270 1579 1376 1611 Litern
1395 1582 1483 1626 Regis
1500 1581 1626 1613 Nicolao
1649 1584 1730 1633 Papa
1741 1609 1751 1625 ‚
1775 1581 1810 1615 de
1823 1583 1992 1629 privilegiis
2010 1584 2227 1629 conservandis.

1222 1663 1436 1725 SAne‘tissimo
1457 1665 1485 1695 in
1507 1664 1625 1696 Christo
1644 1668 1728 1707 patri,
1746 1667 1778 1698 &
1798 1667 1949 1706 Domino,
1966 1667 2098 1698 Domino
2119 1668 2163 1699 N.
2181 1669 2276 1701 divina
2296 1669 2372 1702 Ann.
2389 1672 2433 1703 D.

1244 1712 1250 1714 ·
1282 1702 1479 1742 providentia,
1512 1705 1693 1735 sacrosanctae
1714 1705 1855 1735 Roman-„e
1870 1731 1878 1743 ,
1910 1708 1943 1738 ὃς
1965 1706 2120 1737 universalis
2144 1707 2276 1739 Eccleliae
2321 1719 2404 1748 1279.

1222 1740 1336 1784 summo
1359 1740 1510 1785 Pontifici,
1534 1743 1704 1781 Edwardus,
1724 1743 1782 1773 Dei
1805 1744 1906 1783 gratia,
1926 1744 1989 1774 Rex
2016 1745 2142 1784 Angliae,
2167 1746 2276 1777 Domi*
2296 1752 2347 1777 An.
2369 1759 2396 1785 7.

1222 1789 1273 1808 nus
1295 1779 1464 1818 Hiberniae,
1482 1781 1514 1811 &
1535 1782 1603 1811 Dux
1626 1782 1797 1822 Aquitaniae,
1813 1792 1880 1812 curn
1900 1784 1982 1813 omni
2003 1784 2158 1814 reverentia
2172 1786 2205 1815 &
2221 1786 2275 1816 ho-
2295 1791 2324 1814 E.
2345 1794 2368 1816 r.

1221 1827 1291 1847 nore
1305 1817 1407 1857 pedum
1421 1819 1512 1849 oscula
1528 1820 1685 1850 beatorum.
2299 1826 2385 1861 Claus.
2405 1828 2435 1862 7.'

1257 1856 1337 1886 Illam
1351 1859 1472 1895 gerimus
1484 1858 1519 1887 de
1535 1858 1687 1889 Sanctitate
1701 1857 1793 1888 vestra
1809 1858 1938 1890 fiduciam
1949 1883 1958 1898 ,
1974 1860 2051 1898 quod
2067 1870 2162 1900 preces
2174 1863 2280 1893 nostras
2302 1867 2328 1890 Ε.
2349 1870 2370 1891 1.
2390 1879 2392 1881 >

1222 1894 1344 1933 benigne
1366 1895 1493 1938 audiatis,
1512 1897 1545 1926 &
1568 1897 1712 1935 benignius
1731 1896 1883 1927 admittatis
1907 1898 1940 1928 ad
1963 1900 2080 1937 gratiam
2100 1900 2282 1931 eraut-*litionis
2303 1911 2338 1929 m.
2355 1911 2381 1940 9.
2399 1900 2432 1929 d..

1222 1941 1346 1971 optatae,
1367 1933 1421 1963 illas
1444 1936 1565 1964 maxime
1588 1945 1652 1972 quae
1668 1934 1842 1966 honestatem
1858 1946 1918 1966 non
1934 1936 2076 1976 deserunt,
2095 1939 2128 1968 &
2144 1940 2180 1968 ab
2195 1941 2283 1978 aequi‘-

1224 1973 1283 2002 tatis
1296 1973 1405 2001 tramite
1422 1982 1482 2003 nori
1495 1972 1661 2003 discordant.

1262 2009 1341 2040 Cum
1363 2011 1463 2049 igitur,
1479 2011 1654 2042 Sanfflffime
1675 2011 1755 2041 Pater
1777 2012 1810 2043 &
1832 2011 1977 2051 Domine,
1997 2013 2086 2052 longis
2106 2015 2282 2052 temporibus

1223 2049 1384 2086 retroactis,
1403 2049 1577 2089 Apostolicae
1601 2050 1667 2080 sedis
1685 2051 1838 2088 benignitas
1859 2053 1936 2089 genti
1958 2052 2131 2092 Anglorum,
2147 2054 2219 2083 inter
2233 2055 2283 2085 alia

1225 2086 1341 2117 honoris
1361 2087 1489 2127 insignia,
1508 2097 1643 2128 gratanter
1666 2089 1822 2127 indulserit,
1843 2090 1919 2127 quod
1941 2091 2030 2121 nullus
2045 2091 2178 2130 Anglicus
2193 2093 2284 2130 posset

1226 2127 1397 2169 a'quoquam
1414 2136 1462 2170 per
1477 2128 1575 2157 litteras
1588 2126 1653 2157 sedis
1666 2127 1785 2166 ejusdem
1799 2136 1874 2158 extra
1890 2127 2026 2168 Regnum
2039 2129 2150 2169 Angliae
2163 2130 2197 2160 ad
2209 2131 2283 2170 judi-

1226 2168 1309 2195 CIum⁴
1322 2174 1450 2202 evocari,

1224 2222 1227 2224 -
1263 2202 1300 2233 Et
1321 2213 1413 2242 nunc,
1432 2204 1605 2242 temporibus
1624 2204 1734 2243 vestris,
1753 2214 1817 2243 quae
1838 2206 1986 2245 prolonget
2007 2204 2150 2236 altissimus
2170 2207 2199 2236 in
2213 2216 2287 2239 tem*

1225 2251 1294 2280 pora
1318 2241 1460 2281 longiora,
1477 2244 1628 2282 regnicolae
1656 2243 1743 2274 nostri
1764 2245 1894 2283 Anglici,
1912 2246 1985 2282 quasi
2001 2243 2098 2282 passim
2113 2245 2146 2274 &
2159 2245 2286 2276 indistin-

1228 2281 1293 2319 ete,
1315 2291 1362 2318 per
1383 2281 1481 2312 litteras
1501 2282 1601 2312 vestras
1621 2292 1695 2313 exrra
1711 2283 1845 2321 Regnum
1865 2283 2053 2323 praedid'cum,
2069 2291 2167 2313 contra
2182 2284 2285 2315 indulta

1227 2319 1436 2359 privilegiorum
1458 2320 1526 2350 sedis
1545 2321 1683 2360 ejusdem,
1702 2321 1734 2351 ad
1752 2320 1856 2359 judicia
1878 2322 2082 2361 pertrahantur,
2102 2322 2134 2351 ὃ(
2155 2321 2211 2352 hoc
2223 2333 2284 2353 non

1227 2358 1327 2396 absque
1350 2359 1477 2398 gravibus
1497 2369 1596 2389 eorum
1610 2359 1768 2397 laboribus,
1787 2361 1907 2396 expenlis
1922 2360 1955 2390 ὃ(
1969 2360 2144 2397 dispendiolis
2159 2361 2287 2398 periculis

1227 2397 1423 2436 personarum,
1439 2408 1471 2427 ac
1493 2407 1544 2427 nos
1566 2398 1643 2437 super
1663 2398 1720 2428 hoc
1743 2400 1778 2428 ab
1798 2398 1900 2427 eisdem
1922 2398 2068 2436 regnicolis
2087 2396 2185 2427 nostris
2205 2399 2288 2429 simus

1227 2435 1327 2478 pluries
1341 2445 1409 2466 curn
1425 2435 1551 2466 instantia
1563 2435 1702 2475 requisiti,
1722 2445 1751 2466 ut
1768 2436 1845 2473 super
1861 2435 2017 2475 praedictis,
2035 2443 2172 2473 quantum
2185 2436 2220 2466 ad
2235 2446 2289 2468 nos

1228 2481 1363 2513 pertinet,
1382 2475 1554 2504 conveniens
1575 2474 1730 2505 remedium
1745 2484 1934 2512 apponamus,

1265 2511 1428 2542 Beatitudini
1448 2511 1546 2542 vestrae
1567 2522 1634 2542 cum
1655 2513 1735 2542 omni
1755 2511 1924 2550 affectione,
1943 2523 1995 2552 qua
2012 2512 2170 2550 possumus,
2187 2512 2290 2553 suppli·

1227 2560 1321 2581 camus
1342 2551 1466 2588 quatinus
1479 2550 1513 2580 ad
1529 2551 1664 2590 Anglicos
1679 2550 1804 2589 nostros,
1822 2551 1953 2581 Eccleiiae
1970 2551 2112 2581 Romanae
2126 2550 2242 2582 devotos
2256 2551 2291 2582 fi-

1227 2589 1296 2626 lios,
1319 2590 1529 2626 continuantes,
1549 2589 1568 2618 ii
1583 2589 1686 2628 placet,
1703 2590 1842 2628 privilegia
1864 2590 1957 2627 gratiae
1980 2590 2011 2620 &
2031 2589 2145 2619 honoris
2158 2612 2168 2627 ,
2191 2591 2250 2627 ipiis
2271 2591 2288 2621 ἦ

1229 2627 1476 2664 praedeceffiiribus
1491 2626 1721 2665 vestris'indulta,
1737 2629 1827 2657 immo
1838 2637 1869 2657 ea
1883 2627 1974 2665 porius
1982 2651 1991 2666 ,
2011 2636 2073 2657 eroa
2086 2628 2171 2666 ipsos,
2183 2628 2288 2659 nostrae

1228 2665 1385 2695 devotionis
1406 2666 1508 2695 intuitu
1523 2688 1532 2703 ,
1558 2666 1737 2703 ampliantes,
1760 2665 1921 2696 conservare
1943 2667 1980 2696 eis
2001 2651 2099 2696 illissata
2118 2665 2289 2706 dignemini,

1229 2713 1293 2743 quae
1313 2703 1348 2734 de
1368 2703 1455 2744 gratia
1476 2704 1508 2734 &
1530 2704 1606 2734 mera
1627 2704 1786 2734 liberalitate
1808 2705 1930 2742 praefatae
1951 2704 2017 2734 sedis
2039 2703 2215 2744 Apostolicae
2237 2706 2290 2737 sint

1230 2743 1374 2811 colnceffa,
1389 2752 1422 2774 ac
1440 2751 1540 2773 eorum
1560 2742 1713 2783 dignemini
1728 2744 1758 2773 in
1773 2741 1827 2773 hac
1841 2751 1915 2782 parte
1930 2743 2089 2783 gravamina
2105 2743 2138 2774 &
2153 2742 2292 2781 dispendia

1230 2791 1259 2812 re
1269 2792 1350 2811 evare
1368 2792 1374 2812 t

1268 2819 1423 2851 Praesertim
1445 2830 1511 2850 cum
1533 2821 1562 2851 in
1586 2820 1722 2861 Regnum
1742 2821 1910 2861 praeditstum
1929 2819 2036 2850 securus
2049 2819 2170 2850 accessus
2184 2824 2290 2859 pateat,

1231 2860 1264 2890 &
1280 2858 1396 2890 recessus
1408 2859 1444 2888 ab
1459 2869 1494 2889 eo
1508 2861 1638 2890 universis
1652 2860 1685 2890 ὃ(
1699 2859 1806 2898 lingulis
1821 2859 1886 2889 illuc
1901 2860 1997 2889 venire
2011 2859 2184 2896 volentibus,
2200 2859 2232 2890 ὃ(
2247 2869 2289 2889 re-

1230 2897 1329 2927 cedere
1340 2899 1375 2928 ab
1387 2897 1508 2934 eodem,
1527 2899 1559 2928 ὃ(
1573 2898 1667 2929 divina
1683 2898 1766 2937 gratia
1781 2898 1914 2935 ficiente,
1931 2897 2007 2927 idem
2024 2897 2158 2936 Regnum
2172 2898 2198 2926 in
2215 2897 2286 2927 illius

1232 2938 1306 2974 pacis
1322 2937 1355 2967 &
1372 2936 1560 2974 tranquilitatis
1573 2937 1708 2967 soliditate
1722 2936 1952 2976 consistat,quod
1967 2935 2082 2975 quilibet
2096 2943 2202 2965 exterus
2217 2945 2289 2965 con-

1230 2983 1300 3044 igass⁴
1312 2975 1446 3018 uemlibet
1460 2974 1623 3042 }ndigenam
1645 2975 1730 3006 libere
1744 2975 1831 3006 valeat
1844 2973 1988 3012 prosequi,
2006 2974 2083 3011 super
2095 2974 2212 3012 querelis
2226 2975 2290 3013 qui-

1254 3024 1270 3043 u
1296 3024 1302 3042 i
1324 3021 1351 3043 et
1399 3022 1445 3042 ura
1472 3022 1525 3042 ua:

1268 3036 1367 3091 Super⁷
1379 3023 1447 3087 lJiiis,
1467 3052 1567 3090 igitur,
1584 3051 1604 3081 fi
1626 3050 1734 3089 placet,
1752 3051 1804 3081 tale
1824 3051 1954 3089 dignetur
1976 3059 2115 3090 apponere
2133 3051 2290 3081 remedium

1231 3089 1390 3120 Auctoritas
1404 3089 1492 3120 vestra
1507 3088 1596 3126 sacra,
1614 3090 1690 3129 quod
1705 3090 1740 3120 de
1753 3089 1859 3119 devotis
1872 3089 1930 3119 siliis
1946 3089 2103 3120 devotiores
2116 3088 2235 3127 efficiat,
2254 3090 2288 3119 δε

1232 3138 1283 3158 nos
1306 3128 1388 3158 vobis
1409 3127 1537 3167 astringat
1546 3150 1555 3166 ,
1576 3137 1688 3166 propter
1704 3138 1751 3165 ea,
1768 3128 1802 3158 ad
1817 3135 1848 3158 ea
1864 3137 1927 3168 quas
1940 3127 1991 3158 sint
2005 3128 2141 3166 placibilia
2156 3128 2229 3159 votis
2245 3137 2293 3159 ve-
2337 3141 2340 3145 <

1231 3167 1308 3204 stris,
1326 3167 1360 3196 δε
1372 3166 1405 3195 ad
1421 3167 1567 3204 gratiarum
1583 3166 1679 3196 uberes
1692 3166 1825 3196 aetione‘s.

1268 3204 1424 3236 Conservet
1438 3215 1487 3235 vos
1501 3204 1643 3234 Dominus
1657 3204 1790 3235 Ecclesiae
1805 3204 1917 3235 Saneae
1929 3204 1992 3235 suae.

1270 3274 1338 3306 Dat.
1353 3275 1426 3313 apud
1441 3273 1620 3305 Wodcstoke
1638 3281 1655 3311 7
1669 3273 1714 3304 die
1729 3273 1877 3304 Februarii.

1233 3400 1253 3422 *
1272 3401 1321 3432 De
1352 3401 1576 3438 Matrimonia,
1601 3401 1678 3429 inter
1699 3396 1875 3442 Johannem
1903 3399 2019 3429 Ducem
2039 3393 2226 3438 Brabmtiae,
2254 3399 2291 3434 ᾤ’·
2312 3419 2366 3446 ‘11
2382 3427 2391 3446 ι
2420 3427 2429 3447 1

1394 3447 1611 3492 [margaretam
1629 3446 1741 3478 Filiam
1761 3449 1848 3493 Regir
1860 3474 1869 3489 ,
1896 3443 2135 3490 confttmmando.
2400 3428 2410 3456 3
2436 3439 2443 3447 ⁰

1232 3530 1379 3587 REX,
1397 3531 1545 3569 omnibus,
1565 3531 1624 3561 &c.
1640 3531 1761 3562 salutem.
2403 3550 2435 3583 D

1343 3570 1439 3608 Cum,
1456 3571 1526 3599 inter
1547 3579 1598 3598 nos
1609 3579 1642 3599 ex
1654 3579 1728 3608 parte
1744 3569 1814 3607 unzi,
1834 3571 1867 3601 ὃς
1883 3569 2010 3599 nobilem
2025 3568 2117 3598 virum
2127 3567 2155 3606 J.
2173 3566 2290 3599 Ducem
2310 3552 2386 3583 ΑΜ·
2436 3576 2444 3584 ’

1233 3609 1405 3640 Lothericiae
1426 3610 1457 3638 ὅ(
1478 3607 1632 3638 Brabantiae
1645 3617 1679 3637 ex
1694 3617 1769 3645 parte
1782 3609 1880 3646 altera,
1906 3607 2052 3646 quaedam,
2078 3606 2289 3637 matrimonium
2331 3601 2415 3630 ¹²79·

1232 3646 1458 3678 contrahendum
1471 3647 1540 3675 inter
1552 3645 1713 3683 Johannem
1732 3646 1817 3676 filium
1832 3649 1865 3677 ὃς
1880 3645 2019 3675 haeredem
2035 3644 2113 3682 ipsius
2129 3644 2236 3683 Ducis,
2255 3647 2288 3676 δε
2309 3635 2362 3657 Λ”’
2384 3641 2410 3667 7”

1234 3687 1423 3724 Margaretani
1438 3684 1522 3714 filiam
1535 3682 1660 3714 nostram
1676 3685 1774 3714 contin
1795 3687 1885 3722 entia,
1902 3693 1935 3713 ac
1949 3683 2021 3713 dotis
2035 3682 2157 3720 ejusdem
2169 3683 2289 3721 affigna-
2308 3673 2337 3697 E.
2363 3679 2384 3698 ¹·

1230 3727 1358 3762 tionem,
1373 3724 1475 3753 fuerint
1493 3722 1661 3761 praelocuta,
1679 3722 1715 3752 de
1734 3725 1781 3762 qui
1803 3733 1833 3752 us
1850 3723 1926 3760 plura
1944 3721 2035 3751 adhuc
2057 3720 2159 3752 restant
2177 3723 2291 3753 incom·
2304 3711 2365 3772 2²⁸:
2387 3716 2414 3742 7·

1230 3765 1352 3837 pleffigS’
1371 3799 1467 3830 eadem
1488 3796 1578 3828 modo
1592 3798 1690 3828 debito
1704 3799 1910 3835 consummari,
1929 3797 1962 3828 ὅτ.
1977 3797 2009 3827 ad
2025 3796 2161 3828 effectum
2174 3797 2290 3838 perduci
2305 3792 2341 3811 m·
2363 3791 2408 3819 ²3⁹

1232 3841 1388 3880 cupientes,
1411 3837 1518 3867 dilectis
1540 3837 1573 3867 ὅ(
1596 3836 1721 3867 fidelibus
1738 3837 1836 3867 nostris
1856 3837 1959 3867 Abbati
1981 3835 2289 3874 Westmonasteriensi,

1233 3881 1266 3911 &
1280 3878 1406 3908 Thomae
1417 3877 1452 3906 de
1467 3875 1617 3905 Sandwico
1633 3874 1736 3911 Militi,
1756 3876 1882 3915 plenam,
1901 3884 1950 3912 per
1966 3873 2127 3913 praesentes,
2145 3874 2242 3904 damus
2255 3876 2289 3905 &L

1232 3915 1416 3949 concedimus
1438 3912 1620 3954 potestatem,
1638 3914 1734 3943 omnia
1758 3914 1814 3943 reci
1835 3913 1926 3951 iendi,
1943 3922 2007 3950 quae
2025 3913 2246 3952 completionem
2260 3922 2290 3941 e-

1230 3956 1337 3995 jusdem
1359 3953 1529 3983 matrimonii
1552 3951 1739 3990 contingunt,
1758 3952 1790 3982 in
1841 3951 1902 3982 rma
1922 3953 1992 3982 inter
2013 3960 2065 3982 nos
2078 3951 2215 3990 &ipsum
2227 3950 2292 3980 Du-

1234 4004 1299 4025 cem
1315 3992 1378 4022 inde
1397 3990 1504 4030 plenius
1517 3990 1681 4028 praelocuta.

1273 4032 1307 4062 In
1322 4031 1417 4068 cujus,
1434 4030 1493 4059 δίς.

1269 4068 1359 4108 Teste
1373 4068 1460 4106 Rege
1470 4065 1543 4108 apud
1559 4064 1724 4100 Wodestok
1741 4074 1786 4136 ῙΞ,
1797 4068 1844 4099 die
1857 4067 2007 4100 Februarii.
2192 4102 2244 4133 ιγ
2273 4110 2292 4130 Δ

2222 4114 2230 4131 ι
2245 4111 2273 4131 er
