2570 4261
613 198 741 239 ET

844 200 883 240 A
938 203 977 244 C
1031 203 1072 244 T
1127 205 1166 245 A

13 266 146 304 Ann.D.

43 307 127 349 1308.

14 350 81 376 ἱόν.
100 355 116 373 2

163 375 213 408 De
235 376 332 422 Rege,
357 374 484 409 exilium
508 378 592 409 Petri
614 376 651 410 de
677 377 829 422 Gavaston
846 408 856 424 ‚
882 382 982 426 juxta
1004 382 1085 429 quod
1105 382 1226 416 ordina-

400 433 468 455 tum
490 422 549 466 est,
573 426 654 457 nullo
679 426 764 459 modo
789 430 979 476 impeditum.

32 505 86 528 An.
108 509 132 528 1.

17 544 48 567 Ε.
68 548 95 565 2.

16 582 76 606 ΡΜ.
89 585 111 602 1.

163 506 243 565 LE
251 505 336 576 sko}
352 518 368 538 a
393 515 462 539 touz
487 519 588 548 ceaus,
620 511 669 549 qui
693 510 780 542 cestes
804 512 895 544 lettres
918 524 1033 552 verront
1056 526 1095 547 ou
1111 525 1229 556 orront,

218 583 306 614 Nous
333 594 403 615 vous
430 585 541 616 feisoms
565 586 654 617 savoir
677 598 751 626 que,
777 597 853 620 entre
873 592 901 621 ci
916 613 926 629 ,
955 593 990 623 δε
1010 592 1036 623 16
1054 594 1118 631 jour
1134 616 1143 632 ,
1175 604 1229 631 que

19 620 49 643 E.
59 620 116 651 ΖΨ·
126 622 152 640 ²·
165 621 293 655 Monfire
305 622 399 653 Pieres
409 623 444 654 de
463 623 609 655 Gavaston
624 626 684 656 doit
701 627 803 657 vueder
819 628 912 659 nostre
930 629 1087 668 Roiaume,
1105 632 1230 662 cestassa-

19 663 56 682 ⁷⁷¹·
76 661 118 679 ¹0·
162 662 227 693 voit
243 661 418 692 lendemaine
430 662 471 693 ¹de
487 662 512 693 la
530 662 583 693 fest
604 663 641 694 do
655 663 681 694 la
700 665 827 696 Nativite
844 667 922 698 Seint
936 668 1027 707 Johan
1047 670 1072 699 le
1085 670 1231 708 Baptistae,

168 699 407 738 precheinementi
417 701 513 731 avenir
519 724 528 739 ,
631 711 643 721 ‘¹

201 737 286 769 Nous
307 748 343 769 ne
360 738 467 769 fercims
483 739 548 770 nule
565 741 688 771 maniere
707 740 742 771 de
760 742 842 772 chose
857 765 866 780 ,
885 753 920 773 ne
940 754 976 774 ne
993 744 1142 776 souffroms
1159 745 1230 776 estre

163 775 307 815 fait‚,tant
323 786 408 807 come
426 787 462 806 en
479 786 550 808 nous
566 777 623 817 est,
640 789 688 817 par
706 781 767 818 quei
785 780 809 811 la
827 781 970 813 vuedance
991 783 1028 813 de
1050 784 1158 814 mesme
1183 794 1233 814 ce-

163 815 183 845 li
195 816 302 852 -prieres
316 815 370 845 soit
386 814 534 847 desturbee
544 840 554 854 ,
567 827 606 847 011
624 817 716 848 delaee
732 829 768 848 60
786 819 833 849 nul
848 820 946 858 point,
964 821 1043 858 q’elle
1057 833 1092 852 ne
1105 822 1157 852 soit
1171 832 1232 860 par-

165 853 215 883 fait
236 852 330 884 selonc
355 863 390 883 ce
403 877 413 893 ,
440 864 494 892 que
512 865 561 892 par
572 855 686 897 <Prelatz
700 879 710 894 ,
737 856 844 888 Contes
860 858 893 889 &
911 858 1012 889 Barons
1028 859 1063 890 de
1082 860 1176 891 nostre
1191 860 1233 891 dit

166 891 295 923 Reaurne
338 901 409 922 nous
427 893 468 923 est
485 893 650 932 conseillez,
667 896 700 925 &
714 904 762 932 par
779 906 850 926 nous
871 897 1016 928 acordetz.

202 928 247 959 En
271 913 483 966 tesmoignance
505 932 541 962 de
567 942 639 970 queu
665 933 750 964 chose
763 956 774 972 ,
805 944 875 965 nous
891 945 988 966 avoms
1006 935 1045 967 fet
1062 936 1130 967 faire
1147 936 1234 968 cestes

170 977 221 998 nos
240 967 329 998 letne-s
347 978 481 1004 overtes„

207 1043 344 1076 Donnees
360 1057 376 1077 a
395 1045 608 1086 Westmostier,
626 1046 652 1078 le
672 1049 716 1079 18.
731 1049 794 1087 jour
811 1049 849 1081 du
866 1051 940 1081 mois
957 1050 1093 1092 deMay.

355 1180 414 1210 Pro
437 1178 595 1211 Willielmo
622 1181 758 1226 Epiftopo
780 1183 884 1215 Sanni
913 1181 1055 1216 Andreae.

29 1271 105 1305 Arm,
121 1270 161 1301 D.
176 1261 289 1317 REX
305 1262 412 1307 (1116610
429 1265 461 1295 &
480 1264 554 1295 fideli
570 1264 618 1295 suo
631 1288 641 1304 ,
666 1265 826 1303 Willielmo
847 1266 882 1297 de
902 1267 963 1298 Ros
978 1289 988 1306 ,
1011 1270 1116 1299 tenenti
1140 1269 1239 1299 locum

70 1311 136 1350 303,
249 1301 461 1338 Consangumei
480 1304 512 1333 &
530 1302 617 1332 fidelis
636 1302 721 1333 nostri
735 1303 867 1341 johannis
884 1305 919 1336 de
938 1305 1092 1345 Britanni-a,
1117 1306 1241 1338 Comitis

29 1353 82 1379 An,
95 1360 117 1376 ι,
132 1353 161 1376 E.
177 1339 401 1382 Richrnondiae,
419 1340 552 1371 Custodis
570 1341 668 1371 Terrae
686 1342 787 1372 nostrae
806 1344 931 1381 Scotiae,
952 1345 986 1375 &
1004 1345 1109 1375 dilecto
1129 1345 1245 1376 Clerico‘

32 1398 60 1416 2,
174 1378 223 1409 suo
239 1377 390 1408 Eustachio
402 1378 441 1410 ,(16
455 1378 605 1409 Catelache
620 1379 784 1410 Camerario
799 1381 847 1411 suo
862 1382 989 1420 ibidem,
1013 1384 1135 1414 [alutem.

31 1427 88 1454 Fln.
118 1434 142 1451 χ,
217 1416 270 1446 Ob
287 1416 493 1454 aliquas-certas
508 1417 597 1448 causas
610 1419 691 1449 vobis
705 1419 884 1458 mandamuS,
904 1421 979 1458 quod
995 1422 1157 1459 temporalia
1170 1421 1240 1460 Epi-

34 1469 66 1492 E.
84 1474 110 1491 2,
125 1473 162 1492 m,
176 1454 306 1498 scoparus
321 1454 416 1485 Sancti
430 1455 568 1494 Andreoe,
585 1467 648 1494 quae
659 1457 718 1488 sunt
736 1459 764 1487 in
786 1468 872 1488 manu
886 1458 982 1489 dilecti
997 1460 1030 1490 &
1051 1460 1136 1491 fidelis
1155 1461 1241 1490 nostri

175 1494 295 1525 Henrici
309 1493 345 1523 de
358 1493 436 1524 Bello
449 1503 561 1532 monte,
580 1504 614 1525 ex
630 1495 845 1535 commissione,
865 1496 1157 1537 celebrismemoriae,
1175 1498 1239 1528 Do-

176 1533 249 1562 mini
263 1531 413 1571 Edwardi,
430 1532 575 1571 quondam
594 1533 685 1571 Regis
707 1534 837 1573 Angliae,
856 1533 942 1566 Patris
959 1535 1076 1575 nostris,
1097 1537 1152 1567 fine
1171 1536 1241 1567 dila-

175 1572 270 1609 tione,
290 1571 402 1609 capiatis
416 1572 446 1601 in
461 1581 575 1602 manum
591 1572 733 1611 nostram,
978 1576 979 1579 ’

215 1609 252 1640 Et
262 1619 294 1639 ea
306 1610 390 1640 alicui
403 1609 478 1640 fideli
488 1610 618 1649 homini,
635 1610 671 1641 de
685 1621 744 1650 quo
757 1610 957 1643 confidendum
964 1612 1109 1652 duxeritis,
1126 1612 1161 1643 ad
1169 1623 1240 1651 opus

171 1646 298 1678 nostrum
311 1647 494 1685 custodienda
508 1651 709 1688 committatis,

210 1686 251 1717 Ita
267 1686 546 1725 quodzidernCustos
557 1687 593 1717 de
607 1688 740 1726 exitibus,
760 1688 852 1718 *inde
866 1689 1110 1728 provenientibus,
1119 1690 1242 1720 inveniat

173 1725 288 1763 singulis
298 1726 392 1763 annis,
409 1725 444 1756 ad
460 1725 632 1756 voluntatem
645 1726 953 1764 nostram,=venerabili
973 1727 1065 1766 Patri,
1081 1728 1242 1759 Willielmo

175 1763 273 1794 Saneti
286 1763 410 1794 Andreae
422 1763 583 1807 Episcopo,
601 1773 716 1795 centum
730 1765 810 1795 libras
823 1776 873 1804 pro
887 1765 1082 1797 sustentatione
1098 1767 1157 1797 sua:

216 1799 560 1872 fflefssgduosslnfflum
568 1803 724 1846 eorundem
737 1804 819 1834 nobis
835 1803 999 1842 respondeat
1013 1804 1048 1835 ad
1063 1804 1243 1836 Scaccarium

180 1849 220 1871 no
277 1850 309 1871 m
363 1848 472 1871 rewoer.
660 1860 663 1861 ν
951 1856 955 1858 ·

214 1916 304 1959 Teste
317 1916 402 1955 Rege
415 1917 488 1955 apud
503 1917 630 1950 Westm.
642 1928 678 1949 21
696 1918 742 1950 die
757 1918 839 1950 Maii.

32 1682 163 1714 *v111.81.

530 2047 589 2078 Pro
613 2046 725 2078 comite
747 2043 885 2083 Atholiae.
941 2073 946 2077 .
995 2082 1003 2089 Vs

40 2130 117 2162 Ann.
130 2129 170 2161 D.
181 2128 299 2184 REX
317 2129 423 2160 (1116ἂο
439 2130 472 2160 &
490 2128 563 2160 fideli
581 2129 630 2164 suo
647 2129 744 2161 David
762 2129 876 2161 Comiti
894 2129 1034 2168 Atholiae,
1051 2130 1172 2163 salutern.

60 2170 146 2210 1308.
217 2204 222 2209 .
273 2166 316 2198 Ex
332 2165 534 2198 relatu'diletfti
550 2168 758 2208 Consanguinei
777 2169 816 2199 &'
832 2166 918 2199 fidelis
936 2168 1037 2207 nostri,
1061 2169 1194 2208 johannis
1210 2169 1247 2201 de

47 2213 100 2237 An.
115 2218 139 2235 ι.
178 2203 316 2236 Britannia
330 2205 453 2245 Comitis
468 2206 706 2245 Richemundiae,
722 2205 855 2237 Custodis
878 2207 977 2237 Terrae
999 2206 1102 2238 nostrae
1124 2208 1245 2247 Scotiae,

47 2251 78 2275 E.
99 2256 124 2273 2.
177 2242 210 2272 ad
225 2255 276 2274 nos
291 2255 378 2282 nuper
392 2244 565 2282 personaliter
581 2246 732 2282 venientis,
750 2244 1039 2284 intelleximusquod,
1057 2247 1086 2275 in
1108 2246 1243 2284 obsequio

41 2286 129 2323 claus.
148 2282 292 2320 inostro,
309 2284 340 2313 in
356 2284 475 2320 partibus
489 2284 646 2322 praedietis,
663 2284 735 2314 bene
745 2284 778 2314 &
793 2282 906 2314 fideliter
922 2293 972 2315 vos
988 2283 1122 2323 geffistis3
1141 2285 1177 2315 de
1186 2295 1244 2323 quo

42 2328 72 2351 Β,
93 2333 119 2350 2.
137 2321 258 2351 mivobis
272 2320 416 2352 referimus
431 2321 529 2352 multas
544 2331 641 2359 grates.

41 2370 71 2398 4.
90 2363 117 2390 d.
213 2359 390 2390 Voss-attente
405 2369 532 2396 rotzantes
545 2370 692 2398 quatenus,
709 2360 817 2391 bonum
832 2360 865 2390 ὃ(
880 2359 1014 2390 laudabile
1021 2358 1182 2399 servitium,
1197 2371 1246 2392 ce-

176 2396 246 2428 lebri
261 2400 426 2436 memorice,
438 2385 574 2428 homino
586 2397 619 2429 E.
639 2399 784 2437 quondam
798 2398 873 2436 Regi
890 2398 1019 2436 Angliae,
1038 2398 1113 2429 Patri
1128 2398 1244 2438 nostro,

179 2437 215 2466 ὃς
237 2437 318 2466 nobis
341 2436 450 2467 ibidem
476 2447 523 2475 per
541 2447 592 2468 vos
608 2437 785 2475 impensum,
797 2437 902 2474 jugiter
918 2437 1125 2476 continuando,
1143 2437 1246 2468 Consi-

178 2473 250 2504 lium
264 2475 298 2505 &
312 2475 455 2505 Auxilium
470 2484 606 2512 oportuna
622 2476 698 2506 circa
714 2476 826 2511 negotia
848 2473 940 2504 nostra
960 2475 991 2504 in
1007 2476 1128 2513 partibus
1145 2476 1246 2513 praedi-

180 2513 250 2549 dtis,
269 2523 337 2543 cum
349 2515 429 2543 omni
442 2513 567 2544 efficaci-i
581 2514 613 2544 &
628 2512 787 2551 diligentia,
805 2513 903 2550 quibus
918 2514 1058 2552 poteritis,
1074 2514 1165 2544 adhuc
1181 2524 1247 2544 mo-

181 2561 213 2581 re
227 2551 308 2588 solito
322 2553 479 2590 apponatis,
496 2553 563 2587 sicut
571 2552 686 2590 diligitis
699 2562 768 2591 nos,
785 2552 818 2583 &
827 2551 968 2582 honorem
983 2551 1110 2583 nostrum
1119 2553 1246 2583 &com-

183 2589 303 2619 modum
320 2590 417 2627 Regni
431 2590 525 2621 nostri.

219 2627 255 2658 Et
268 2638 318 2658 vos
333 2630 361 2658 in
382 2629 526 2666 praemill'is
545 2629 630 2660 taliter
645 2629 783 2666 habeatis,
803 2627 899 2666 quod,
916 2628 994 2666 super
1017 2628 1179 2668 praemiffis,
1197 2639 1248 2660 ve-

182 2664 244 2696 strae
258 2666 392 2697 fidelitatis
409 2667 593 2698 constantiam
608 2666 825 2704 commendare,
843 2667 876 2697 &
892 2666 927 2696 ad
945 2666 1067 2697 vestrum
1086 2668 1195 2698 bonum
1213 2669 1246 2698 &

182 2703 249 2734 utile
261 2705 403 2736 servitium
417 2707 447 2736 in
463 2707 514 2736 hac
530 2715 621 2745 parte,
639 2708 708 2737 curn
724 2705 758 2736 ad
772 2713 859 2742 partes
872 2704 926 2735 illas
949 2715 1000 2735 nos
1015 2705 1154 2737 declinare
1177 2715 1249 2737 con-

186 2743 297 2782 tigerit,
318 2743 424 2774 bonam
436 2745 685 2776 considerationem
699 2744 801 2774 habere
816 2744 918 2773 merito
930 2743 1091 2775 debeamus.

219 2818 307 2849 Teste
322 2821 430 2859 meipso
443 2820 519 2864 apud?
529 2820 827 2859 Westmonasterium,
846 2829 894 2851 20.
908 2820 956 2851 die
969 2819 1055 2851 Maii.

326 2896 493 2946 Consimiles
506 2898 594 2929 literae
607 2898 765 2937 diriguntur
777 2897 950 2937 subscriptis,
967 2896 1111 2936 videlicet,

192 2974 309 3002 David}
318 2974 350 3002 de
365 2974 511 3013 Breghyu,
747 2974 862 3004 Roberto
880 2974 911 3004 de
928 2974 1037 3013 Keth,

192 3012 303 3041 Davidi
318 3012 350 3041 de
361 3013 486 3042 Graham
491 3036 505 3057 2
744 3016 864 3043 Patricio
871 3013 902 3043 de
908 3013 1026 3056 Dunbar
1034 3015 1131 3042 Comiti
1139 3012 1252 3058 Ifffzrch.

193 3049 340 3087 Reginaldo
351 3052 383 3080 de
398 3051 482 3081 Chien
490 3074 501 3089 ‚
743 3054 862 3081 Patricio
876 3051 943 3081 Filio
955 3051 1069 3090 cyusdem
1082 3054 1191 3082 Comitts
1198 3074 1209 3091 ‚

192 3088 331 3118 erlielmo
346 3092 443 3119 comiti
455 3090 486 3119 de
498 3093 563 3129 Ros,
740 3090 870 3129 Johanni
882 3090 913 3120 de
924 3093 955 3120 K
951 3089 1094 3130 yngeston,

191 3129 300 3165 Hugoni
316 3127 378 3157 Filio
393 3127 470 3169 ipstm
484 3131 612 3167 Comitis,

742 3129 817 3158 Adae
832 3130 864 3159 de
875 3128 1042 3169 Swynburn‚

191 3168 308 3196 Henrico
321 3167 353 3197 de
367 3167 465 3197 Sanc‘i‘o
481 3166 561 3196 Claro
571 3189 582 3206 ,

743 3170 858 3198 Henrico
877 3168 909 3198 de
926 3166 1105 3197 Haliburton.

255 3293 304 3324 De
329 3294 434 3336 Cuneis
453 3294 489 3329 θ’
511 3294 697 3325 Monetariis
719 3290 936 3339 Archiepfiopi
961 3291 1188 3335 Cazntuarienfis.

52 3383 117 3417 Am
140 3383 181 3414 D,
195 3374 309 3431 REX
327 3375 448 3407 Everico
467 3376 503 3407 de
519 3375 724 3414 Friscombald,
745 3374 865 3408 Custodi
879 3372 997 3408 Cambii
1017 3377 1057 3408 sui
1071 3376 1253 3408 Cantuarien-

209 3491 215 3496 ι
233 3452 276 3483 Ex
288 3414 546 3497 figfi‘tgalizlgffenrabilis
559 3452 664 3496 Patris,
688 3451 728 3483 R.
745 3452 945 3483 Cantuariensis
961 3452 1192 3497 Archiepiscopi,
1209 3460 1254 3482 to-

48 3504 81 3527 E.
100 3509 127 3527 2,
195 3496 246 3521 tius
263 3491 376 3528 Angliae
396 3490 537 3529 Primatis,
560 3491 640 3520 nobis
655 3489 696 3525 est
713 3490 868 3528 ostensum,
893 3491 985 3530 quod,
1003 3502 1069 3522 cum
1092 3491 1165 3530 lpse,
1204 3501 1253 3528 per

49 3537 138 3573 clauf,
157 3548 180 3565 ι,
194 3528 291 3560 Carras
317 3527 536 3567 Progenitorum
554 3528 711 3558 nostrorum
734 3528 850 3566 Regum
872 3529 984 3565 Angliae
997 3553 1007 3568 ,
1031 3530 1132 3560 habere
1154 3529 1253 3559 debeat

50 3579 82 3603 13.
99 3586 126 3604 2,
143 3586 170 3604 m
193 3568 266 3599 Tres
279 3567 410 3605 Cuneos,
428 3569 460 3598 ὃς
474 3568 545 3597 Tres
558 3566 731 3597 Monetarios
766 3567 800 3597 ad
824 3566 975 3598 Monetam
992 3569 1020 3598 in
1036 3567 1160 3597 Civitate
1175 3566 1253 3597 Can*

56 3622 85 3650 3.
173 3599 180 3606 ¹
191 3607 316 3638 tuariensi
331 3605 541 3644 fabricandam,
557 3604 668 3643 ipseque
685 3605 719 3636 &
733 3590 948 3636 i’raedecessores
967 3605 1021 3645 sui,
1040 3605 1252 3649 Archiepiscopi

193 3645 313 3684 ejusdem
329 3645 401 3683 loci,
417 3644 489 3674 Tres
502 3642 616 3674 Cuneos
635 3643 668 3674 &
681 3642 752 3674 Tres
769 3643 943 3674 Monetarios
963 3645 991 3673 in
1009 3644 1108 3674 eadem
1126 3643 1248 3673 CiV1tate

190 3685 298 3722 semper
317 3683 464 3720 haetenus,
490 3692 506 3712 a
520 3690 650 3719 tempore
670 3681 856 3712 confectionis
875 3681 1024 3713 Cartarum
1039 3681 1250 3720 prsedirstarum,

196 3723 349 3754 habuerunt
360 3720 511 3752 successive
519 3745 529 3759 ,

232 3761 294 3791 Vos
316 3760 513 3791 nichilominus
533 3757 679 3797 praefatum
698 3757 723 3789 E
744 3758 870 3796 iscopum
895 3768 952 3795 quo
972 3760 1064 3789 minus
1087 3757 1202 3788 Cuneos
1218 3757 1252 3788 &

196 3798 368 3830 Monetarios
380 3797 530 3837 praedi&os
543 3798 572 3828 in
587 3796 688 3827 eadem
735 3798 825 3827 ivitate
838 3796 938 3826 habere
951 3796 1051 3836 poffir,
1068 3797 1137 3827 sicut
1157 3796 1254 3826 haete-

194 3847 245 3867 nus
259 3837 319 3868 fieri
332 3837 492 3874 consuevit,
505 3836 563 3872 jam
578 3834 614 3864 de
627 3845 723 3873 novo,
741 3845 756 3864 a
771 3843 899 3871 tempore
913 3832 1126 3865 Commissionis
1141 3833 1255 3871 nostrae,

194 3875 277 3906 vobis
288 3875 324 3906 de
337 3876 416 3907 dieto
431 3875 556 3905 Cambio
570 3873 670 3911 fast-ae,
688 3872 890 3910 impedivistis,
905 3872 938 3902 &
949 3871 1041 3903 adhuc
1054 3872 1254 3910 impeditisvo-

194 3913 309 3944 luntarie
327 3915 360 3945 &
378 3913 493 3952 injuste,
516 3913 546 3942 in
569 3913 577 3941 i
599 3912 648 3941 sius
672 3910 885 3948 Archiepiscopi
901 3910 1060 3949 dampnum
1085 3921 1143 3940 non
1160 3910 1256 3941 modi-

191 3952 330 4020 cufrgiffufnc
345 3951 479 3984 Ecclefiae
491 3951 545 3982 suae
561 3921 762 3982 gantuariensis
776 3948 1003 3980 exhaeredationis
1023 3949 1179 3988 periculum
1194 3959 1255 3980 ma-

195 4000 226 4021 ni
337 3999 344 4019 ι

232 4027 285 4067 Εῑ,
301 4028 366 4066 quia
378 4028 508 4060 nolumus
528 4026 603 4067 quod
624 4026 739 4068 praesato
754 4025 977 4070 Archiepiscopo
990 4026 1132 4064 injurietur
1151 4025 1181 4056 in
1201 4024 1255 4056 hac

196 4073 292 4106 parte,
308 4067 390 4099 vobis
401 4066 564 4101 mandamus
586 4066 663 4106 quod
681 4066 717 4098 ab
736 4064 899 4106 hujusmodi
920 4064 1144 4104 mpedimento,
1160 4063 1256 4097 eidem

1272 205 1848 258 PUBLICA.
2248 235 2328 271 119

1266 289 1491 332 Archiepiscopo
1502 296 1578 334 super
1590 297 1648 328 hoc
1664 298 1826 342 inferendo,
1843 301 2014 342 desistentes,
2032 304 2120 344 ipsum
2128 304 2326 346 Archiepisco-
2342 302 2419 334 Arm-
2434 302 2479 333 D=

1268 338 1337 365 pum
1353 330 1473 376 'Cuneos-
1484 335 1517 365 &
1534 335 1710 366 Monetarios
1724 338 1870 374 praedidlos
1885 341 1912 370 in
1927 340 2050 373 Civitate
2068 343 2203 382 praedicta
2222 345 2323 376 habere
2367 342 2451 380 1303-

1267 376 1447 413 permittatis,
1462 380 1538 409 Juxta
1553 380 1680 404 tenorem
1695 374 1838 407 Canai-um
1859 379 2074 419 praedictarum,
2092 383 2125 413 &
2146 390 2227 420 prout
2246 383 2324 414 idem
2347 384 2413 408 Edw-
2431 389 2458 408 ²³

1268 405 1518 450 Archiepiscopus,
1539 411 1572 441 ὅτ.
1593 411 1810 444 Praedeceffores
1823 415 1861 445 sui
1882 416 1994 448 Cuneos
2015 418 2074 450 illos
2093 421 2126 451 &
2151 420 2324 452 Monetarios

1268 444 1419 489 praedietos
1440 448 1572 493 haetenus
1589 449 1697 487 semper
1718 451 1819 483 habere
1840 454 2054 495 consueverunt,
2072 459 2174 498 exitus,
2192 469 2240 497 per
2255 469 2326 498 VOS,

1268 481 1308 525 de¹
1320 484 1463 519 praedistis
1477 485 1581 530 Cuneis
1595 488 1628 518 &
1642 488 1807 520 Monetariis
1815 514 1825 529 ,
1842 503 1857 522 a
1868 501 1995 531 ternpore
2015 495 2209 533 impedimenti
2223 497 2324 536 praedi-

1271 520 1325 558 (sti,
1345 531 1507 563 perceptos,
1525 528 1581 555 1106
1599 525 1728 557 dilatione
1740 528 1908 562 restituentes
1921 531 2022 563 eidem.

1298 595 1395 641 ¹Teste
1408 598 1491 637 Rege
1504 600 1576 639 apud
1591 601 1896 644 westmonasterium,
1915 615 1963 637 22.
1975 608 2021 639 die
2038 608 2120 640 Maii.

1272 716 1300 743 θ’(
1325 720 1371 753 De
1394 723 1630 770 Alanucaptione
1646 724 1769 820 prosW
1794 730 1931 777 Epifiopo
1956 732 2061 765 SanHi
2082 732 2228 776 Andreae,
2260 737 2331 768 Pri·
2350 738 2482 770 *HL-(32,

1718 788 1768 808 one
1790 781 1887 825 Regis.

1420 855 1595 887 Vicecomiti
1610 857 1699 889 Sutht.
1716 860 1837 893 salutem.

1274 851 1337 912 R
1411 895 1453 924 uia
1470 894 1566 925 diledti
1587 897 1621 927 &
1643 896 1734 928 fideles
1756 900 1843 930 nostri
1850 900 2015 969 ,KJohannes
2038 904 2075 935 de
2094 904 2247 944 Maubray,
2265 904 2332 935 Ale·
2352 898 2426 929 Assss»
2444 897 2486 931 D·

1275 928 1376 973 xander
1415 942 1430 961 e
1454 932 1548 977 Abern
1568 935 1617 973 th,
1634 935 1772 968 Robertus
1795 939 1830 969 de
1884 940 1948 978 eth,
1973 942 2065 973 Adam
2083 944 2119 974 de
2137 944 2276 981 Cordum,
2299 945 2338 977 δε,
2386 939 2469 980 1303·

1274 964 1412 1005 Henricus
1432 969 1467 1016 de
1482 971 1547 1015 Hali
1568 981 1668 1011 urton,
1696 984 1912 1014 manuceperunt
1931 981 2116 1011 venerabilem
2132 981 2240 1012 Patrem
2256 981 2334 1012 Wil-
2357 982 2412 1004 Ar..
2442 999 2447 1005 ’ν

1280 1010 1420 1045 nmmum,
1435 1008 1543 1056 ‘SanCtih
1553 1011 1676 1042 Andreae
1693 1012 1883 1053 Episcopum,
1898 1016 2041 1053 prisonem
2057 1019 2199 1059 nostrum,
2357 1021 2387 1042 E.

1317 1043 1421 1089 Nuper
1433 1056 1461 1075 in
1476 1056 1547 1091 terra
1567 1049 1660 1080 nostri
1674 1050 1795 1091 Scotiae,
1813 1061 1942 1092 tanquam
1962 1056 2110 1088 inimicum
2132 1059 2165 1088 ὃ(
2185 1058 2335 1096 rebellem,
2356 1054 2444 1091 Claus.
2463 1062 2488 1080 ¹·

1278 1081 1394 1126 celebris
1405 1093 1567 1128 memoriae,
1585 1086 1706 1118 Domini
1718 1089 1865 1129 Edwardi‚
1883 1093 2025 1130 quondam
2040 1094 2128 1132 Regis
2136 1096 2265 1135 Angliae,
2283 1096 2337 1126 Pa-
2356 1096 2386 1119 E.
2402 1102 2430 1120 ²·
2449 1101 2488 1120 m-

1279 1129 1327 1151 tris
1343 1121 1449 1161 nostri,
1466 1123 1499 1154 ὃς
1512 1124 1652 1164 nostrum,
1672 1136 1785 1165 captum
1801 1130 1834 1161 &
1846 1131 1875 1159 in
1894 1130 2002 1171 prison&
2021 1133 2115 1164 nostrii
2137 1134 2229 1164 Castri
2247 1134 2336 1165 nostri
2358 1140 2384 1159 2·

1281 1159 1421 1199 Wynton.
1430 1162 1581 1204 ¹detentum
1590 1186 1599 1201 ‚

1307 1198 1413 1241 'Qiod
1427 1199 1502 1229 idem
1516 1200 1669 1245 Episcopus
1683 1204 1716 1234 ad
1730 1204 1816 1236 fidem
1829 1206 1952 1238 nostram
1966 1208 2038 1238 bene
2051 1210 2084 1240 &
2098 1208 2209 1240 fideliter
2222 1210 2249 1240 se
2260 1219 2336 1242 tene-

1283 1236 1344 1275 bit,
1363 1237 1396 1267 &
1418 1238 1509 1277 quod,
1536 1240 1606 1270 mfra
1627 1250 1718 1272 certos
1739 1243 1821 1282 fineS,
1839 1245 1894 1275 five
1909 1246 2032 1285 bundas,
2050 1248 2078 1276 in
2097 1247 2201 1283 Anglia
2219 1249 2269 1278 sibi
2290 1259 2340 1286 per

1282 1285 1334 1304 nos
1347 1275 1538 1316 affignandos,
1556 1288 1666 1323 moram
1682 1280 1781 1320 faciet,
1796 1283 1828 1313 ὃς
1848 1293 1896 1314 eos
1909 1284 1986 1315 nullo
2008 1285 2098 1316 modo
2113 1286 2198 1316 exibit
2210 1286 2265 1316 fine
2287 1297 2339 1317 no-

1283 1313 1335 1343 stra
1349 1314 1492 1345 voluntate
1505 1317 1538 1347 86
1552 1316 1662 1348 hcentia
1676 1319 1804 1359 speciali,
1823 1330 1904 1359 prout
1923 1324 1951 1352 in
1964 1322 2046 1353 literis
2068 1325 2221 1361 patentibus
2237 1325 2339 1362 praedi-

1284 1351 1414 1391 (Ξὶοῑυιη,
1428 1352 1578 1399 Johannis,
1595 1356 1761 1397 Alexandri,
1776 1358 1912 1398 Roberti,
1931 1361 2021 1399 Adae,
2041 1362 2073 1392 &
2096 1361 2228 1401 chrici,
2245 1362 2339 1400 sigillis

1281 1390 1450 1434 eorumdem
1472 1392 1596 1437 signatis,
1616 1405 1680 1433 quae
1698 1406 1780 1434 penes
1804 1408 1854 1428 nos
1871 1398 1986 1429 resident
2011 1401 2041 1430 in
2059 1400 2215 1438 garderoba
2231 1400 2341 1440 nostra,

1281 1428 1387 1466 plenius
1400 1438 1566 1463 continetur.

1318 1465 1355 1497 Et
1374 1478 1441 1507 nos,
1463 1470 1497 1500 ad
1517 1471 1674 1516 instantiam
1697 1474 1836 1513 ipsorum,
1857 1474 2008 1515 Johannis,
2026 1476 2189 1516 Alexandri,
2207 1477 2347 1516 Roberti,¹

1283 1504 1372 1549 Adae,
1390 1507 1423 1538 &
1437 1507 1571 1548 1-1601161,
1590 1511 1774 1542 conceffimus
1788 1514 1862 1551 quod
1877 1514 2024 1550 praediehis
2040 1515 2189 1554 Episcopus
2203 1515 2343 1546 infraCo—

1284 1552 1411 1587 furtatum
1428 1546 1537 1578 Norht.
1557 1557 1695 1588 moretur,
1714 1551 1751 1580 ita
1773 1552 1850 1588 quod
1871 1552 1953 1591 fines,
1971 1553 2026 1583 five
2049 1554 2152 1584 bundas
2176 1553 2338 1584 Comitatus

1284 1581 1354 1650 illitlis
1369 1594 1427 1615 non
1442 1594 1518 1616 exeat
1530 1597 1644 1625 quoquo
1661 1588 1750 1619 modo
1764 1590 1818 1620 fine
1831 1591 1971 1622 voluntate
1985 1592 2093 1631 nostra,
2110 1594 2143 1623 ὃς
2157 1593 2270 1623 licentia
2283 1593 2344 1630 spe-

1285 1630 1367 1659 ciai‚
1554 1641 1559 1644 -

1321 1659 1391 1690 Tibi
1405 1663 1583 1707 praecipimus
1602 1664 1677 1703 quod
1691 1665 1837 1702 praefatum
1853 1667 2025 1705 Episcopum
2041 1680 2057 1699 a
2073 1669 2182 1707 prisona
2196 1667 2343 1707 praedidffi,

1283 1707 1332 1741 per
1347 1698 1599 1744 Manucaptionem
1614 1702 1796 1742 praedieram,
1812 1705 1980 1744 deliberetis,
1999 1706 2071 1737 infra
2084 1707 2263 1738 Comitatum
2271 1717 2342 1745 prae-

1284 1735 1411 1776 dnstum,
1425 1747 1500 1777 Juxta
1514 1740 1637 1771 formam
1651 1741 1879 1780 Manucaptionis
1894 1744 1983 1783 iuius,
1999 1754 2177 1777 moraturum.

1318 1812 1405 1844 Teste
1418 1814 1500 1853 Rege
1513 1817 1587 1855 apud
1599 1818 1878 1852 Westmonasterium
1886 1843 1897 1859 ,
1914 1830 1961 1859 23.
1975 1820 2021 1852 die
2036 1820 2122 1852 Maii.

1288 1950 1346 1981 Pro
1361 1944 1504 1992 Jor'mnne
1521 1947 1556 1982 de
1576 1951 1734 1982 Britannia
1753 1953 1865 1983 comite
1891 1950 2123 1994 Richemundiae‚
2150 1949 2186 1984 de
2210 1953 2344 1984 Comita-

1605 2007 1640 2030 ιιι
1665 1997 1854 2032 Richemnnd
1874 2000 2003 2046 conceffo.

1289 2084 1343 2140 R
1352 2082 1415 2114 EX
1432 2083 1615 2115 Thesaurario
1630 2084 1663 2115 &
1679 2083 1830 2115 Baronibus
1842 2083 1892 2115 suis
1906 2084 1941 2115 de
1955 2084 2106 2116 Scaccario
2120 2084 2245 2115 salutem.
2269 2117 2283 2124 h
2369 2088 2444 2120 Arm.
2458 2087 2499 2119 D.

1382 2121 1478 2161 Cum,
1498 2122 1615 2153 celebris
1629 2125 1795 2162 memoriae,
1812 2123 1943 2154 dominus
1960 2123 2281 2162 Edwardus,quondam
2288 2120 2351 2152 Rex
2390 2127 2474 2166 1308,

1289 2159 1335 2189 An
1355 2160 1416 2200 line,
1434 2161 1511 2192 Pater
1526 2161 1619 2191 noster
1653 2171 1703 2199 per
1719 2161 1835 2192 Cartam
1850 2161 1923 2192 suam
1939 2161 2017 2192 dedit
2036 2163 2068 2193 &
2083 2160 2234 2200 conceffit,
2251 2171 2303 2198 pro
2314 2159 2352 2190 'se
2370 2170 2421 2197 Ari.
2439 2174 2462 2194 1.
2492 2191 2497 2195 ,

1291 2198 1324 2228 &
1358 2200 1493 2230 aeredibus
1506 2199 1574 2238 suis,
1591 2184 1696 2230 <lisceto
1719 2200 1926 2237 consanguineo
1949 2201 1982 2231 &
2006 2199 2080 2236 fideli
2103 2199 2216 2238 nostro,
2231 2199 2353 2239 Johanni
2371 2209 2400 2232 Ε,
2414 2214 2438 2233 2.

1288 2235 1324 2273 de
1340 2237 1478 2269 Britannia
1497 2237 1607 2268 Corniti
1631 2238 1832 2277 Richemund,
1857 2238 2035 2269 Comitatum
2059 2237 2095 2268 de
2116 2237 2300 2268 Richemund
2318 2238 2351 2267 &
2370 2243 2455 2277 Claus.
2475 2243 2502 2268 12

1288 2274 1324 2305 de
1339 2275 1455 2315 Bowes,
1473 2277 1506 2308 &
1522 2286 1621 2307 omnes
1636 2285 1718 2307 terras
1730 2278 1764 2307 &
1778 2285 1952 2315 tenementa,
1971 2276 2190 2316 quaejohannes,
2209 2275 2352 2315 quondam
2371 2285 2400 2308 Ε.
2418 2290 2445 2308 2.
2464 2288 2500 2307 m.

1290 2313 1358 2344 Dux
1372 2314 1537 2354 Britanniae,
1556 2314 1705 2345 defunetus
1720 2316 1749 2345 in
1766 2315 1869 2352 Anglia
1891 2316 1977 2346 tenuit
1992 2338 2003 2354 ,
2028 2316 2060 2345 &
2077 2325 2139 2352 quae
2161 2325 2208 2353 per
2230 2322 2352 2345 mortem
2374 2329 2398 2356 3,

1288 2352 1359 2382 dieti
1375 2353 1465 2383 Ducis
1479 2353 1514 2383 ad
1530 2363 1647 2384 manum
1665 2353 1734 2383 dicti
1749 2352 1835 2383 Patris
1850 2353 1936 2384 nostri
1951 2353 2137 2383 devenerunt:

1325 2390 1534 2422 HABENDA
1564 2400 1615 2421 Ετ
1643 2399 1868 2429 TENENDA,
1885 2391 1921 2421 de
1936 2392 2018 2421 nobis
2036 2392 2068 2422 &
2083 2388 2237 2421 haeredibus
2252 2389 2354 2420 nostris

1289 2429 1382 2459 eidem
1417 2431 1520 2460 ohanni
1536 2431 1569 2461 ὃ(
1591 2429 1746 2460 haeredibus
1760 2429 1811 2460 suis
1826 2439 1895 2460 cum
1908 2429 1998 2460 feodis
2019 2429 2140 2459 militum
2156 2451 2166 2468 ,
2192 2428 2354 2459 advocatio-

1289 2468 1370 2498 nibus
1409 2468 1581 2506 cclesiarum,
1597 2469 1630 2499 &
1643 2468 1774 2498 omnibus
1789 2468 1848 2498 aliis·
1851 2491 1862 2506 ,
1880 2468 1913 2498 ad
1931 2467 2018 2498 Com.
2034 2466 2146 2505 Castra,
2163 2476 2243 2497 terras
2263 2467 2296 2497 δε
2312 2474 2354 2496 te·-

1290 2507 1420 2538 nementa
1444 2507 1576 2544 praediCta
1595 2507 1811 2547 pertinentibus,
1828 2515 1909 2544 prout
1931 2507 1961 2537 in
1981 2504 2066 2536 Cartxi
2088 2505 2221 2544 praedidia
2243 2504 2353 2543 plenius

1292 2546 1460 2576 continetur.

1301 2584 1306 2587 ’
1326 2582 1416 2614 Vobis
1432 2583 1592 2614 mandamus
1608 2582 1683 2621 quod
1700 2581 1845 2619 praefatum
1863 2582 2022 2620 Johannem
2039 2592 2089 2620 pro
2109 2581 2225 2620 debitis,
2243 2582 2273 2610 in
2289 2581 2352 2619 qui-

1290 2621 1341 2651 bus
1356 2621 1434 2652 idem
1449 2622 1515 2652 Dux
1531 2621 1575 2651 die
1590 2620 1683 2651 obitfis
1696 2621 1736 2651 sui
1751 2621 1833 2651 dic‘to
1846 2620 1919 2651 Patri
1942 2621 2038 2651 nostro
2054 2630 2177 2658 tenetur,
2200 2619 2351 2650 nullatenus

1290 2659 1470 2697 distringaris:
1492 2660 1529 2690 Et
1542 2659 1768 2698 disti-idtionem,
1784 2659 1803 2689 11
1820 2669 1904 2698 quam
1919 2660 1961 2698 ei,
1979 2659 2013 2690 ea
2035 2659 2200 2696 occasione,
2216 2657 2356 2695 feceritis,

1291 2697 1347 2738 fine
1360 2698 1495 2729 dilatione
1510 2698 1620 2729 relaxari
1635 2697 1747 2728 faciatis.
2188 2709 2193 2715 ·

1329 2773 1417 2805 Teste
1428 2774 1512 2813 Rege
1527 2774 1600 2814 apud
1612 2773 1898 2806 VVestmonasterium
1911 2783 1960 2814 24.
1974 2774 2020 2805 die
2033 2773 2115 2806 Maii.

1454 2902 1503 2934 De
1526 2901 1763 2944 Alanucaptione
1786 2910 1839 2945 pro
1862 2898 2024 2933 Wllielmo
2047 2897 2181 2946 Olyfart.

1295 2983 1420 3042 REX
1438 2984 1544 3014 (1116ἂο
1559 2984 1592 3014 &
1605 2982 1678 3014 fideli
1692 2983 1758 3023 suo,
1770 2983 1892 3022 Johanni
1906 2983 1941 3014 de
1956 2982 2135 3014 Crumbwen
2143 3004 2154 3020 ,
2173 2978 2360 3012 Constabula-
2376 2988 2450 3021 Ann,
2464 2989 2506 3021 D,

1348 3025 1352 3027 Δ
1369 3024 1413 3053 110
1428 3023 1529 3053 Turris
1543 3021 1596 3052 suae
1613 3022 1744 3052 London.
1760 3022 1880 3053 salutem.
2355 3033 2358 3037 ·
2397 3029 2480 3068 1308,

1307 3086 1317 3090 i
1333 3060 1411 3099 Qia
1426 3061 1522 3091 dileffi
1536 3061 1568 3091 &
1589 3059 1679 3090 fideles
1694 3060 1797 3099 nostri,
1815 3060 1953 3091 NValterus
1968 3059 2004 3090 de
2018 3058 2192 3097 Burghdon,
2209 3059 2243 3089 δε
2267 3056 2355 3087 Edar-
2370 3071 2422 3096 An.
2449 3077 2472 3099 ι.

1293 3097 1344 3128 dus
1357 3099 1489 3141 Heyron,
1508 3099 1543 3129 de
1558 3098 1705 3129 Comitatu
1720 3098 1956 3137 Northumbrice,
1975 3098 2104 3129 Thomas
2116 3097 2151 3128 de
2161 3095 2355 3132 Richemund,
2369 3110 2396 3134 E.
2406 3115 2432 3133 2,

1292 3137 1327 3167 &
1342 3136 1395 3168 Ivo
1409 3139 1445 3168 de
1462 3137 1644 3174 Aldeburgh,
1661 3136 1696 3166 de
1707 3136 1851 3167 Comitatu
1866 3136 2007 3174 Eboraci,
2023 3144 2240 3174 manuceperunt
2253 3143 2350 3165 coram
2375 3144 2461 3180 Claus.
2480 3145 2506 3171 r:

1293 3176 1393 3215 nobis,
1414 3176 1560 3214 videlicet,
1580 3175 1695 3213 quilibet
1705 3184 1804 3206 eorum
1817 3185 1916 3212 corpus
1931 3185 1982 3213 pro
1995 3185 2132 3213 corpore,
2233 3212 2237 3216 ι
2373 3186 2402 3209 E.
2419 3192 2444 3208 2,
2466 3191 2504 3217 ῃ,ἶ

1331 3214 1378 3245 Ad
1392 3215 1552 3245 habendum
1566 3223 1666 3243 coram
1681 3214 1761 3243 nobis
1774 3213 1808 3244 ad
1823 3213 1996 3244 voluntatem
2018 3212 2142 3244 nostram
2157 3210 2348 3243 Willlelmum
2374 3229 2398 3257 3„

1293 3251 1405 3293 Olyfart
1418 3253 1551 3290 Scotum,
1569 3253 1598 3281 in
1614 3250 1713 3281 Castro
1728 3251 1764 3281 de
1779 3252 1923 3292 Stryvelyn
1938 3261 1986 3289 per
2000 3251 2163 3282 Dominum
2172 3247 2353 3284 Edwardum,

1294 3291 1437 3328 quondam
1458 3292 1573 3327 Regem
1589 3289 1720 3327 Angliae‚
1738 3289 1851 3320 Patrem
1872 3289 2019 3328 nostrum,
2044 3297 2139 3331 contra
2160 3286 2280 3329 eundem
2301 3284 2356 3315 Pa-

1294 3337 1369 3360 trem
1385 3329 1527 3367 nostrum,
1545 3338 1632 3365 nuper
1647 3337 1781 3367 captum,
1798 3329 1831 3360 &
1851 3329 1882 3358 in
1895 3327 2004 3367 prisona
2027 3327 2122 3358 nostr-³.
2137 3328 2167 3356 in
2182 3324 2266 3355 Turri
2280 3333 2355 3361 prae-

1294 3367 1385 3407 didra,
1403 3379 1434 3398 ea
1445 3367 1609 3404 occasione,
1627 3376 1702 3396 nunc
1719 3367 1899 3405 existentem,
2100 3404 2104 3408 ι

1331 3405 1368 3436 Et
1383 3407 1456 3445 quod
1474 3406 1548 3435 idem
1563 3404 1734 3435 Willielmus
1745 3414 1814 3442 erga
1827 3415 1878 3435 nos
1891 3406 1964 3435 bene
1979 3404 2012 3434 &
2035 3402 2147 3433 fideliter
2162 3401 2188 3431 se
2205 3408 2284 3438 geret
2290 3422 2300 3438 ,
2317 3400 2352 3430 &

1293 3443 1328 3474 ad
1331 3455 1440 3503 *pacem
1453 3445 1485 3475 sc
1500 3443 1583 3473 fidem
1599 3442 1722 3473 nostram
1737 3443 1764 3474 se
1777 3444 1900 3473 habebit.
2190 3478 2195 3482 ,
2252 3475 2262 3485 Α

1367 3483 1454 3513 Vobis
1467 3481 1630 3512 mandamus
1641 3481 1718 3519 quod
1734 3482 1901 3519 praedifflsum
1914 3478 2103 3522 Willielmum
2124 3488 2140 3509 a
2154 3476 2267 3516 prisona
2281 3485 2354 3514 prae-
2373 3485 2504 3523 *112333

1291 3519 1384 3560 dieta,
1404 3531 1451 3559 per
1464 3521 1708 3557 manucaptionem
1723 3519 1924 3558 supradictam,
1942 3518 2108 3548 deliberetis.

1331 3579 1418 3610 Teste
1431 3579 1512 3616 Rege
1527 3578 1599 3616 apud
1614 3577 1741 3608 Westm.
1758 3587 1806 3617 24.
1821 3577 1867 3607 die
1886 3576 1969 3606 Maii.

1331 3634 1384 3666 Per
1398 3635 1487 3674 ipsum
1503 3635 1619 3672 Regem
1633 3636 1776 3666 nuntiante
1790 3632 1832 3664 H.
1846 3633 1870 3663 16
1886 3631 2045 3670 Dispenser.

1293 3779 1352 3809 Pro
1369 3771 1510 3822 Johanne
1531 3771 1566 3805 de
1588 3775 1749 3805 Britannia
1768 3773 1879 3804 Comite
1896 3766 2110 3822 Richemtfndiae
2122 3794 2132 3810 ,
2155 3766 2192 3823 de
2214 3769 2300 3799 Bonis
2314 3768 2352 3805 ὦ·
2374 3806 2378 3809 Δ

1433 3821 1557 3854 (ἷαιαίίὶς
1584 3824 1683 3854 Patris
1698 3820 1770 3865 fici,
1796 3823 1826 3851 in
1851 3818 1988 3864 Anglia,
2003 3814 2063 3859 fibi
2084 3815 2212 3848 donatis.
2372 3859 2437 3890 Am
2462 3857 2494 3888 D

1356 3908 1419 3941 Ex
1438 3905 1620 3938 Thesaurasio
1635 3905 1669 3936 &
1684 3904 1833 3935 Baronibus
1844 3903 1896 3933 suis
1908 3902 1943 3932 de
1956 3901 2122 3939 Scaccario,
2138 3899 2259 3932 salutem.
2392 3884 2476 3937 1308.
2493 3880 2503 3891 ⁹

1295 3911 1357 3983 R
1394 3947 1489 3978 Sciatis
1504 3943 1582 3983 quod
1596 3953 1683 3981 cum,
1701 3943 1815 3973 celebris
1831 3941 1992 3978 memoriae,
2017 3939 2161 3970 Dominus
2184 3937 2353 3974 fflwardus,
2373 3940 2423 3963 Aa·
2444 3946 2466 3962 1-

1315 3985 1436 4017 uondam
1451 3982 1515 4013 Rex
1530 3982 1659 4020 Angliae,
1678 3981 1756 4011 Pater
1769 3980 1881 4017 noster,
1898 3980 1994 4009 omnia
2008 3979 2082 4008 bona
2098 3978 2130 4009 &
2146 3976 2273 4021 catalla,
2290 3985 2353 4014 quae
2373 3978 2400 4002 Ε.
2420 3983 2446 4000 2-

1308 4033 1403 4055 uerunt
1413 4022 1545 4062 johannis
1578 4018 1825 4062 quondam-Ducis
1840 4017 1987 4061 Britanniae
2002 4017 2035 4048 &
2044 4015 2165 4060 Comitis
2178 4015 2355 4057 Richemun-
2371 4011 2457 4047 Claus.
2477 4019 2502 4038 ¹·

1293 4062 1349 4093 diae
1360 4064 1397 4094 111
1406 4059 1529 4099 Augus,
1566 4060 1570 4065 '
1603 4068 1661 4097 quo
1674 4058 1764 4096 obiit,
1779 4067 1832 4095 pro
1844 4055 1962 4093 debitis,
1978 4065 2009 4088 10
2019 4055 2118 4094 quibus
2131 4053 2210 4087 idern
2225 4053 2305 4121 1)(ὲῖ
2305 4051 2357 4120 guni
2370 4054 2398 4115 ξ·
2416 4058 2440 4077 2-
2464 4057 2501 4083 fflz
