2570 4261
753 152 863 194 ET
947 153 1216 194 ACTA

45 230 121 264 Ann-
134 227 174 259 D·
193 236 314 267 faeturos
337 237 461 268 universa
481 238 514 270 ὃς
527 237 647 277 singula,
665 247 729 277 quae
741 247 792 268 nos
805 238 976 276 faceremus,
994 238 1013 269 si
1026 239 1171 277 praesentes
1185 238 1253 269 esse-

66 269 151 300 1282.
194 285 273 313 mus,
295 277 379 306 etiam
394 278 412 306 si
429 277 591 307 mandatum
606 279 716 315 exigant
729 276 856 315 speciale:

45 310 110 336 ΕΜ·
129 315 152 333 ¹·
232 314 339 345 Dantes
359 315 461 345 eisdem
481 316 514 346 &c
535 325 636 345 eorum
658 315 762 344 culibet
783 314 949 352 potestatem
964 316 996 345 ὃς
1012 315 1126 353 speciale
1140 315 1255 345 manda-

192 360 256 383 tum
272 352 455 391 admittendi,
471 355 504 384 &
517 353 697 391 acceptandi,
715 354 778 383 vice
791 354 825 383 δι
839 354 956 382 nomine
969 354 1073 392 nostri,
1091 355 1187 384 omnia
1200 354 1255 390 illa,

191 401 257 460 ¹‹331ae
276 401 325 431 per
346 392 438 429 ipsum
454 391 583 430 Regem,
603 392 636 421 ὃ(
651 401 699 430 per
712 391 781 428 ipsos
794 391 935 429 ordinata,
952 391 1087 423 declarata
1102 394 1135 423 &
1151 392 1253 431 supleta

225 430 297 460 erint
315 431 345 459 in
359 429 522 469 praemiffis,
537 430 570 460 &
593 431 678 460 etiam
699 429 828 462 firmandi
841 440 873 459 ea
889 439 936 467 pet
946 430 1137 466 juramentum
1151 432 1180 460 in
1195 431 1253 461 ani·

192 477 270 499 marn
291 466 433 505 nostram,
452 468 489 498 ab
504 469 582 507 ipsis,
600 468 645 497 vel
659 477 757 498 eorum
773 468 860 497 altero
873 468 1050 507 faciendum,
1061 469 1107 499 vel
1120 470 1174 499 alio
1188 479 1254 499 mo-

192 507 234 537 do
269 514 353 543 prout
367 507 513 544 negotium
530 507 643 544 requirit
657 506 839 536 antedictum.

192 582 194 584 v
230 529 338 574 Ratum
362 544 482 574 habituri
502 545 535 575 ὅτ
559 553 669 583 gratum
695 544 830 582 quicquid
856 554 906 582 per
924 544 993 581 ipsos
1007 568 1017 583 ,
1045 546 1088 576 vel
1109 555 1178 576 cum
1194 546 1255 586 ipsis

191 582 302 613 factum
320 582 402 613 fuerit
420 584 448 613 in
468 581 627 622 praemiffis,
645 584 679 614 ὃς
696 584 804 621 lingulis
823 584 1035 620 praemissorum.

228 619 266 651 Et
289 620 354 652 haec
379 622 536 659 omnibus,
557 631 680 661 quorum
704 620 818 651 interest
833 643 843 660 ,
865 620 1049 660 significamus
1072 632 1121 659 per
1139 625 1255 664 praesen-

191 666 235 689 tes

232 697 265 727 In
281 698 376 736 cujus,
394 698 455 728 &c.
475 696 521 727 has
539 697 641 728 litteras
659 696 764 728 nostras
781 697 872 737 Sigilli
894 697 983 728 nostri
1001 697 1119 729 fecimus
1138 700 1253 738 impres-

193 735 272 766 sione
284 736 466 767 communiri.

232 814 321 845 Teste
337 815 418 855 Rege
436 814 511 855 apud
529 814 701 846 Cirencestr.
721 825 758 846 10
775 816 821 847 die
837 816 986 847 Februarii.

47 944 177 978 δΙΙ.ι88.
244 945 273 973 δὲ
299 943 444 993 Responsto
462 949 588 981 Domini
611 950 696 996 Regis
705 948 796 994 super
817 947 1004 982 Liberalione
1022 951 1148 983 Domini
1165 951 1211 982 A.

601 995 637 1029 de
660 997 854 1042 Alonteforti.

51 1094 119 1135 Am
138 1099 170 1131 D
197 1083 410 1139 REverendo
431 1085 462 1114 in
483 1084 602 1116 Christo
623 1083 716 1122 Patri,
735 1085 870 1117 Domino
888 1087 916 1126 J.
931 1086 989 1118 Dei
1003 1086 1106 1126 gratici,
1126 1085 1259 1117 cantuar.

69 1125 145 1172 128'2
173 1124 179 1130 '
273 1122 509 1166 Archiepiscopo,
529 1126 612 1154 totius
634 1123 745 1162 Angliae
764 1124 896 1164 Primati,
913 1125 952 1156 R.
975 1125 1150 1155 miseratione
1165 1126 1260 1156 divina

148 1164 154 1169 '
199 1162 335 1192 London.
357 1161 492 1192 Eccleiiae
515 1162 648 1193 Minister
669 1162 797 1201 salutem,
823 1165 852 1193 in
874 1174 943 1194 vero
963 1165 1084 1202 salutari,
1103 1174 1174 1194 cum
1190 1164 1263 1193 obe-

48 1224 70 1246 13
99 1228 108 1246 ι
199 1201 301 1231 dientia
314 1202 348 1230 &
363 1203 515 1233 reverentia
529 1211 613 1241 quam
628 1200 720 1232 debita
729 1224 738 1239 ,
753 1210 810 1231 tam
824 1202 934 1232 devota.

48 1239 124 1285 Pickl}
126 1266 171 1283 am
235 1239 301 1270 Hac
320 1239 367 1269 die
388 1238 504 1270 Veneris
523 1240 586 1278 post
604 1239 678 1269 diem
700 1238 855 1276 Cinerum,
873 1241 1008 1271 existente
1031 1240 1166 1270 Domino
1178 1238 1261 1279 Rege

48 1296 123 1331 Rerifl
147 1295 168 1331 f
198 1278 272 1315 apud
301 1277 410 1347 Betgry
425 1301 435 1316 ,
466 1288 516 1309 nos
536 1287 604 1308 cum
624 1278 756 1308 Domino
779 1278 991 1309 Archidiacono
1009 1278 1093 1309 Cant.
1113 1279 1261 1317 negotium

69 1308 91 1359 ξ’
114 1316 134 1360 b‘
154 1336 177 1360 in
200 1316 324 1347 Domini
376 1317 483 1347 lm'ariei
504 1316 540 1345 de
562 1315 736 1346 Monteforti
754 1317 931 1357 exposuimus
950 1318 1060 1355 eidem,
1077 1326 1160 1354 prout
1180 1318 1262 1347 nobis

48 1342 165 1398 insuffla.
197 1356 285 1399 fuerat
305 1355 481 1393 injunCtum,
494 1354 593 1384 litteras
607 1354 707 1386 vestras
723 1356 756 1385 &
770 1355 963 1395 transcriptum
977 1355 1075 1385 litterae
1092 1355 1197 1394 Papalis
1211 1356 1261 1386 sibi

46 1410 179 1438 Lambeth.
199 1393 379 1433 Porngendo'
419 1441 423 1445 ¹
498 1432 504 1438 .
593 1432 598 1437 .
682 1432 687 1438 .
946 1433 951 1438 .
1193 1433 1198 1438 .

237 1431 274 1462 Et
291 1431 405 1463 tandem
415 1454 424 1469 ,
441 1431 534 1461 habita
545 1430 745 1462 deliberatione
761 1441 828 1462 cum
844 1431 972 1462 Consilio
987 1431 1036 1462 suo
1048 1431 1084 1461 de
1100 1431 1262 1472 praemiffis',

199 1471 235 1503 ad
254 1470 282 1500 id
323 1468 380 1499 uod
400 1470 597 1501 continebatur
612 1471 641 1499 in
653 1471 817 1508 transcripto
830 1479 1004 1508 memorato,
1020 1471 1166 1508 videlicet,
1183 1472 1261 1510 quod

198 1509 289 1540 d‘iClms
344 1509 458 1539 ominus
477 1508 558 1547 Rex,
577 1518 626 1546 per
645 1509 872 1548 ordinationem,
892 1510 1004 1539 Sanstae
1027 1509 1192 1548 memoriae,
1208 1509 1261 1547 Jo-

198 1548 295 1579 hannis
311 1546 396 1586 Papae
409 1547 563 1587 postremi,
582 1548 690 1578 dietum
705 1548 882 1580 Almaricum
897 1548 979 1579 vobis
993 1549 1026 1579 &
1041 1546 1200 1578 Provinciae
1214 1558 1263 1579 ve-

199 1586 267 1618 strae
276 1585 368 1617 Suffra
387 1588 459 1617 aneis
473 1587 618 1625 liberavit,

236 1624 354 1664 Respon
376 1626 396 1656 it
412 1625 470 1656 hoc
489 1626 612 1656 omnino
631 1624 777 1664 negando,
795 1625 912 1656 asserens
931 1625 957 1656 se
977 1625 1011 1656 ad
1027 1624 1159 1655 vestri&
1172 1625 1266 1656 dieto-

197 1675 262 1696 1um
282 1663 306 1693 E
329 1664 488 1702 iscoporum
509 1665 741 1704 supplicationem
756 1666 790 1695 ὅ(
809 1665 967 1695 instantiam
981 1663 1180 1695 tantummodo
1193 1674 1265 1704 prae-

195 1704 282 1734 fatam
311 1703 493 1734 iberationem
507 1703 642 1743 annuiſje,
659 1713 711 1741 pro
725 1705 803 1742 cujus
817 1703 942 1733 custodia
953 1727 962 1741 ,
977 1702 1072 1733 donec
1085 1702 1120 1732 de
1135 1701 1206 1734 statu
1221 1705 1265 1743 ip-

197 1743 249 1772 sius
270 1742 344 1773 aliud
364 1742 446 1773 fuerit
460 1740 577 1772 finaliter
592 1741 771 1781 ordinatum,
789 1750 846 1772 tam
860 1742 1008 1772 Baroniam
1023 1741 1159 1780 vestram,
1178 1743 1266 1780 quam

197 1778 329 1851 &ronias
352 1787 522 1812 caeterorum
547 1780 757 1821 Episcoporum
781 1781 831 1811 sibi
858 1789 966 1819 reputat
987 1780 1138 1820 specialiter
1158 1781 1267 1821 obliga-

48 1185 101 1208 An.
125 1190 166 1206 10.

198 1897 216 1928 s
244 1856 319 1927 sag-'e
339 1858 373 1891 ad
392 1859 559 1898 petitionem
572 1881 582 1896 ,
606 1859 636 1889 in
655 1856 744 1889 littera
763 1858 852 1890 vestra
874 1865 1056 1897 contentam,
1074 1858 1155 1888 nobis
1175 1858 1213 1889 fic
1227 1868 1270 1890 re-

249 1907 269 1927 n
289 1907 319 1928 it.

210 1906 346 1975 pc’Q,iod,
371 1946 439 1967 cum
459 1935 567 1966 dictum
589 1934 767 1965 Almaricum
787 1934 821 1966 de
841 1934 974 1967 Consilio
993 1935 1135 1966 Baronum
1155 1934 1268 1965 suorum

200 1974 284 2006 vobis
304 1975 338 2006 &
359 1974 500 2014 Coepisco
522 1975 542 2004 is
561 1973 657 2004 vestris
671 1974 826 2013 liberasset,
846 1984 900 2005 nec
915 1974 1071 2013 expediret,
1089 1983 1143 2004 nec
1157 1974 1269 2004 deceret

200 2014 296 2053 quod,
320 2012 384 2053 ipsis
403 2015 490 2044 incon
504 2013 580 2050 uiris,
597 2022 664 2043 eum
685 2014 699 2043 a
720 2012 876 2052 Custodia,
895 2013 950 2052 qu&
972 2021 1098 2050 tenetur,
1115 2013 1269 2050 aliqualiter

202 2061 377 2090 removeret·³
395 2062 463 2082 cum
485 2061 519 2082 ex
539 2051 596 2082 hoc
609 2052 635 2081 se
649 2060 829 2091 contemptos
843 2053 1004 2083 crederent:
1041 2051 1130 2091 quue
1146 2051 1268 2082 nichilo-

202 2093 298 2123 minus
309 2092 339 2122 in
351 2090 460 2130 populo
476 2089 636 2121 scandalum
668 2100 802 2121 eneraret.

241 2128 287 2160 Ac
314 2127 442 2168 praefatus
472 2129 626 2159 Almaricus
673 2138 689 2159 e
716 2128 853 2160 London.
884 2129 956 2160 adeo
978 2139 1038 2160 non
1062 2128 1166 2166 distet,
1199 2127 1268 2167 quin

201 2173 332 2207 tempore
352 2165 529 2198 parliamenti
551 2168 690 2206 proximi,
708 2168 758 2197 ubi
778 2177 846 2198 cum
868 2167 963 2207 Regni
981 2169 1156 2207 magnatibus
1169 2166 1205 2197 de
1219 2176 1270 2196 ne-

202 2208 283 2247 gotio
303 2205 464 2245 supradicto
483 2216 550 2237 cum
569 2204 674 2237 effecitu
685 2206 804 2238 traetare
817 2208 950 2245 proponit
966 2230 976 2246 ,
1000 2207 1072 2237 infra
1087 2215 1207 2245 quatuor
1226 2205 1272 2236 vel

203 2246 330 2285 quinque
345 2245 403 2275 dies
419 2244 525 2276 ibidem
542 2245 630 2275 valeat
643 2245 746 2284 agitari.

243 2283 337 2324 Qod
351 2292 444 2314 autem
460 2284 607 2323 negotium
620 2283 807 2323 supradietum
816 2283 868 2322 ,ad
882 2291 1010 2322 optatum
1023 2283 1178 2315 deducatur
1184 2282 1274 2314 effec-

212 2327 275 2352 tum
313 2322 424 2353 firmam
440 2322 517 2363 spem
530 2321 720 2361 fiduciamque
733 2324 934 2362 concepimuS,
948 2332 1005 2352 tam
1018 2332 1050 2352 ex
1065 2323 1190 2362 benigno
1203 2332 1276 2362 prae-

202 2360 252 2391 fati
275 2347 364 2400 Regis
383 2359 529 2401 responsO,
546 2363 631 2399 quam
652 2370 686 2391 ex
698 2370 734 2391 eo
748 2360 826 2400 quod
839 2362 984 2399 articulos,
1008 2361 1038 2390 in
1050 2360 1138 2392 littera
1152 2361 1275 2391 Domini

209 2398 249 2431 Pa
270 2409 295 2429 ae
308 2407 475 2438 contentos,
486 2399 545 2429 satis
558 2399 670 2430 videtur
701 2407 839 2438 quantum
850 2398 884 2429 ad
900 2399 926 2428 se
940 2400 1077 2438 pertinet,
1092 2399 1257 2439 approbare.

216 2442 220 2445 “
238 2409 316 2469 fferre
329 2439 435 2478 semper
451 2438 540 2469 valeat
552 2437 644 2469 vestra
660 2423 814 2468 I3aternitas
826 2437 986 2468 reverenda.

238 2516 307 2587 Igat.
328 2517 402 2557 apud
421 2517 559 2557 Pyreford
572 2518 618 2549 die
634 2518 730 2549 Sanffl
744 2518 889 2550 Valentini
904 2516 1048 2556 Martiris,
1064 2528 1139 2549 anno
1153 2518 1278 2549 Domini

209 2566 245 2588 12
270 2566 294 2587 1.

243 2697 470 2745 Archiepifiopo
491 2698 700 2742 Cantaurievfi
713 2697 750 2730 de
768 2697 977 2742 Wlknfibus,
996 2698 1054 2743 seu
1072 2701 1159 2731 Pacis
1171 2708 1242 2744 per-

461 2743 667 2780 turbatoribus
679 2774 690 2790 ,
715 2746 1022 2780 excommunicandis.

57 2838 135 2871 Ann.
145 2837 186 2869 D.

79 2879 162 2908 1282.

56 2921 109 2946 An.
134 2928 176 2945 10.

57 2960 88 2983 E.
113 2965 135 2982 i.

56 2993 112 3022 Ro't.

58 3032 188 3060 Watl.10.

57 3075 89 3099 F..
113 3081 154 3097 10.

58 3119 96 3136 m.
116 3109 190 3137 io.d.

207 2833 337 2894 REX
358 2835 583 2876 Archiepiscopo
603 2834 812 2873 Cantuarienfi,
829 2836 914 2866 totius
931 2834 1045 2876 Angliae
1059 2834 1192 2876 Primati,
1209 2836 1279 2868 salu-

283 2884 352 2906 tem.

244 2913 324 2946 Cum
346 2912 476 2944 nonnulli
493 2911 685 2944 malefaet-ores
700 2912 874 2951 wallenses,
891 2913 925 2944 &z
938 2912 984 2944 alii
1003 2913 1157 2952 complices
1171 2912 1204 2943 &
1220 2912 1280 2942 fau—

209 2962 284 2984 tores
299 2953 356 2991 sui,
374 2949 552 2989 tranquilitati
567 2952 600 2982 ὃς
613 2952 675 2990 paci
691 2951 787 2990 Regni
801 2951 888 2982 nostri
902 2952 1074 2991 invidentes,
1091 2952 1279 2983 turbationem

209 2990 351 3028 quandam
371 2991 401 3020 in
421 2999 492 3020 terra
513 2989 609 3020 nostra
628 2990 744 3021 Walliae
765 2990 920 3021 suscitantes
940 2992 1038 3030 pariter
1059 2992 1092 3023 ὃς
1115 2998 1278 3028 moventes,

208 3030 316 3060 ibidem
337 3027 577 3067 depraedationes,
594 3028 766 3067 homicidia,
791 3029 825 3060 &
846 3028 897 3059 alia
916 3031 1047 3060 enormia
1068 3028 1277 3068 quamplurima

209 3064 392 3109 perpetrarint
413 3075 512 3097 contra
533 3076 633 3105 pacem
647 3067 791 3105 nostram,
806 3068 840 3099 ὅ(
853 3067 889 3098 de
903 3067 950 3098 die
962 3069 992 3098 in
1006 3068 1082 3099 diem
1098 3068 1201 3099 callidis
1218 3077 1277 3098 ma-

211 3106 417 3137 chinationibus
438 3104 566 3135 studeant
588 3105 670 3135 nobis
683 3106 716 3136 ὃς
731 3105 912 3145 hominibus,
930 3105 996 3136 fidei
1011 3107 1116 3137 nostrae
1132 3106 1277 3137 adliaei'en-

211 3146 302 3184 tibus,
317 3145 423 3182 majora
436 3143 539 3174 damna
554 3142 586 3174 &
599 3143 721 3182 pericula
736 3153 789 3184 pro
803 3145 908 3175 viribus
921 3153 1094 3185 perpetrare,

249 3184 336 3221 Nos,
351 3183 484 3213 malitiam
506 3181 539 3211 ὃς
561 3181 742 3212 rebellionem
766 3182 926 3222 hujusmodi
947 3184 1179 3221 malestritorum,
1205 3191 1276 3220 quos

210 3223 241 3253 in
261 3220 419 3253 Cimonem
433 3220 494 3251 latae
514 3220 657 3251 sententiae
670 3220 729 3257 ipso
743 3220 820 3252 fatto
834 3222 1004 3253 intendimus
1018 3223 1160 3260 incidisse,
1178 3222 1278 3252 volen-

211 3269 252 3292 tes
275 3261 406 3300 reprimi,
424 3267 454 3290 ut
475 3267 621 3297 tenemur,
641 3260 835 3296 paternitatem
859 3260 994 3299 vestram,
1011 3271 1097 3299 quam
1111 3262 1139 3291 in
1155 3261 1278 3297 punitio-

215 3309 253 3329 ne
272 3297 432 3337 hujuimodi
453 3296 687 3334 malefidorum,
706 3307 755 3337 per
770 3297 870 3329 Claves
884 3299 1088 3330 Ecclefiasticas
1122 3299 1177 3329 eise
1191 3300 1277 3328 novi-

212 3346 276 3368 mus
295 3338 449 3376 plurimum
469 3336 702 3374 circumspeebim
737 3335 888 3368 affectuose
903 3339 1070 3378 requirimus
1083 3323 1116 3369 ἐζ
1130 3347 1279 3378 rogamus,

213 3375 249 3407 ad
270 3376 406 3406 malitiam
421 3375 455 3405 ὃς
476 3375 658 3405 rebellionem
673 3358 797 3414 ipsorum
809 3376 934 3407 celeriter
945 3378 1169 3415 reprimendam,
1188 3377 1206 3406 si
1224 3376 1280 3413 pla-

212 3423 261 3446 cet
275 3438 284 3453 ,
310 3423 405 3445 curam
430 3413 463 3443 ec
482 3413 707 3452 solicitudinem,
733 3422 818 3453 prout
835 3425 935 3446 omnes
958 3415 1171 3453 praedeceffores
1193 3413 1279 3445 vestri

213 3454 343 3485 fecerunt
361 3451 512 3491 retrolapsis
531 3451 721 3491 temporibus,
738 3451 923 3484 favorabiliter
940 3454 1120 3491 adhibentes,

250 3492 397 3523 Universis
423 3491 456 3522 &
478 3490 588 3529 singulis
613 3488 798 3529 Suffraganeis
817 3491 913 3525 vestris
933 3493 1003 3524 detis
1018 3516 1028 3531 ,
1051 3492 1140 3523 nostri
1159 3491 1278 3528 intuitu,

211 3530 366 3563 secundum
387 3529 465 3570 quod
485 3529 575 3560 vestra
594 3527 724 3559 discretio
744 3530 924 3567 tranquilitati
937 3532 971 3562 &
986 3532 1047 3572 paci
1063 3531 1220 3562 incolarum
1236 3539 1280 3558 re-

212 3571 263 3615 gni
284 3569 372 3600 nostri
394 3569 479 3608 magis
500 3567 633 3606 expedire
648 3565 765 3606 viderit,
783 3568 814 3598 in
829 3568 982 3609 mandatis,
1000 3578 1030 3601 ut
1046 3570 1095 3611 ipsi
1111 3577 1212 3600 omnes
1225 3567 1279 3598 hu-

212 3608 331 3648 jusmodi
349 3610 554 3646 perturbatores
575 3607 666 3645 pacis,
690 3605 724 3636 δε
745 3615 844 3637 eorum
866 3607 1083 3647 conspiratores,
1107 3606 1279 3645 complices,

213 3649 248 3684 ὃς
268 3648 404 3686 fautores,
419 3656 452 3677 ac
473 3655 573 3676 omnes
593 3643 749 3683 assensum,
764 3645 946 3685 consensum,
968 3648 1116 3678 consilium
1137 3647 1182 3677 vel
1201 3647 1278 3675 auxi-

213 3686 302 3724 lium,
320 3686 393 3717 clam
413 3684 459 3716 vel
480 3685 590 3723 palam,
607 3682 710 3714 eisdem
730 3683 886 3721 praebentes
899 3686 929 3716 in
942 3684 1103 3724 praemissss,
1121 3696 1169 3725 per
1185 3684 1279 3723 singu-

213 3720 256 3756 lae
272 3723 422 3770 Diocoeses
434 3722 491 3755 suas
505 3723 619 3764 publice
634 3723 667 3753 &
680 3721 841 3752 solemniter
856 3722 1020 3755 denunciari
1033 3724 1137 3756 faciant
1151 3723 1281 3754 Excom-

220 3771 387 3795 municatos.

255 3802 274 3823 ²*
283 3802 432 3840 Speramus
446 3801 522 3831 enim
536 3799 614 3840 quod
628 3799 744 3830 rebellio
758 3799 796 3841 &¹
808 3798 913 3830 malitia
927 3800 1068 3840 ipsorum,
1087 3799 1227 3831 mediante
1242 3802 1284 3838 iu-

218 3841 332 3871 vamine
346 3840 442 3872 Gladii
457 3839 624 3879 Spiritualis‚
643 3839 691 3877 qui
704 3838 733 3867 iri
749 3836 908 3874 hujusmodi
925 3838 988 3869 casu
997 3840 1096 3878 juvare
1109 3839 1284 3879 dignoscitur

219 3872 368 3912 brachium
383 3880 516 3916 seculare,
534 3878 640 3908 facilius
654 3877 827 3916 reprimetur.

254 3915 343 3948 Teste
358 3917 441 3958 Rege
457 3916 531 3958 apud
549 3915 658 3947 Devisis
674 3915 721 3946 28.
739 3914 786 3946 die
806 3912 905 3945 Martii
921 3925 1014 3955 anno,
1027 3917 1087 3948 &c.
1106 3915 1231 3948 decimo.

69 3803 199 3840 *11.189.

258 3999 315 4067 {aa
325 3995 513 4066 tmdzssliterae
531 3998 685 4036 diriguntur
703 3992 915 4035 Archieptfiopis
932 3991 1018 4030 Ebot.
1038 3995 1078 4034 &a
1095 3994 1212 4028 Dublin.

293 4044 308 4065 e
335 4044 351 4065 e
365 4045 383 4067 u
419 4046 495 4074 upra.

1298 149 1764 196 PUBLICA.

2276 172 2379 211 199.

2371 241 2447 273 Ann.
2461 243 2503 274 D:

2390 281 2475 311 1282.

1298 335 1402 365 Literu
1431 331 1470 365 ab
1495 334 1632 379 Epifiopo
1652 335 1774 369 Bashon.
1796 338 1832 374 ὠ·
1850 336 1968 370 Wellen.
1997 335 2111 370 diresin
2131 335 2355 385 Archiepiftopo
2370 321 2438 347 mv·
2460 329 2486 347 ²*

1344 384 1490 414 Cantuar.
1515 381 1550 413 de
1565 382 1720 416 voluntate
1736 387 1843 429 Regis,
1868 383 1949 430 quod
1965 382 2084 418 duceret
2092 385 2198 431 ficum
2219 386 2352 420 London.

1343 429 1542 462 Almaricum
1555 429 1592 462 de
1607 432 1800 476 Monteforti.

1301 519 1339 580 S
1350 518 1519 595 lJlne'tiffimo
1533 517 1609 548 Patri
1624 520 1652 550 in
1668 518 1804 559 Christo,
1823 521 1856 551 &
1871 521 2002 551 Domino
2016 521 2205 562 Reverendo,
2225 523 2359 555 Domino
2375 535 2428 561 A„
2450 543 2495 562 χο,

1402 557 1458 587 Dei
1475 557 1574 597 gratia,
1593 556 1726 588 Cantuar.
1745 559 1928 597 Archiepisco

1974 581 1984 597 ,
2001 562 2084 591 totius
2104 562 2212 601 Angliae
2226 561 2360 601 Primati,
2378 576 2404 598 Ε,
2428 580 2449 598 ι,

1300 596 1340 626 R.
1361 595 1481 634 ejusdem
1502 595 1698 635 permissione,
1717 596 1836 627 Bathon.
1859 599 1892 629 &
1914 598 1930 628 N
1959 598 2038 628 ellen.
2059 599 2247 632 Eccleiiarum
2268 600 2362 632 Mini-
2376 610 2496 637 Famam

1301 635 1355 664 ster
1390 635 1503 678 salutem
1517 645 1586 665 cum
1599 637 1681 665 omni
1694 637 1863 679 reverentia,
1881 635 2045 667 obedientia
2059 638 2091 668 ὃ(
2106 639 2223 669 honore.
2377 652 2433 684 Reg.

1336 657 1533 704 frastavimus
1552 682 1619 704 cum
1642 673 1765 703 Donino
1784 673 1883 704 nostro
1905 675 1986 714 Rege
2006 675 2026 705 fi
2047 676 2094 705 libi
2114 677 2257 717 placeret,
2303 678 2359 709 uod
2368 685 2431 722 f.79
2449 686 2509 714 aja

1302 711 1468 742 Dominum
1490 712 1662 743 Almaricum
1675 712 1711 742 de
1727 712 1910 750 Monteforti,
1929 714 1958 743 in
1974 713 2068 744 vestro
2082 724 2243 746 commeatu

1302 750 1371 781 don.
1391 751 1526 781 duceret-is
1540 761 1546 780 t

2307 726 2361 747 ΟΠ·
2377 723 2494 752 Biblioth.

1580 751 1642 789 Qi
1663 751 1745 780 nobis
1767 751 1909 790 respondit
1929 752 1988 782 hoc
2003 752 2054 782 sibi
2068 753 2221 784 nullatenus
2235 739 2362 798 displice-
2376 761 2509 792 Lambeth.

1299 798 1345 826 re,
1364 789 1455 829 unde,
1472 789 1573 829 absque
1585 790 1664 828 ipiius
1678 788 1802 829 offerris,
1819 790 1944 829 poteritis
1956 789 2106 822 vobiscum
2118 792 2255 824 adducere
2268 793 2360 834 ipsum

1303 828 1379 858 illuc.

1342 906 1486 938 Dominus
1503 917 1555 938 vos
1573 906 1730 938 conservet.

1341 982 1409 1014 Dat.
1420 983 1493 1023 apud
1506 982 1683 1014 Peulesholte
1696 992 1794 1023 quarto
1807 983 1893 1015 Non.
1908 984 2017 1024 Aprilis.

1433 1116 1483 1148 De
1507 1116 1741 1147 Summonitione
1771 1116 1925 1147 Baranam
1946 1126 2049 1148 contra
2067 1116 2232 1162 Mllenfts.
2250 1114 2251 1118 ¹

1303 1183 1366 1263 R
1376 1202 1401 1233 E
1411 1201 1442 1234 X
1458 1203 1564 1234 diletfim
1577 1204 1610 1235 &
1625 1202 1700 1234 fideli
1714 1202 1779 1243 suo,
1794 1202 1924 1235 Hemico
1937 1204 1973 1236 de
1987 1203 2082 1245 Lacy,
2107 1204 2220 1236 Comiti
2234 1204 2366 1236 Lincoin.
2381 1213 2457 1245 Arm,
2472 1213 2515 1245 D:

1384 1242 1508 1272 salutem.

2400 1254 2484 1283 1282.

1342 1282 1420 1320 Qia
1440 1280 1599 1318 Walenses,
1624 1279 1841 1319 Maiefaetores‚
1866 1281 1900 1312 &
1922 1281 2093 1320 complices,
2116 1291 2150 1312 ac
2170 1281 2290 1312 fautores
2310 1281 2368 1320 sui,
2383 1296 2436 1319 Aa.
2457 1301 2499 1319 io.

1304 1319 1439 1350 Rebelles
1459 1318 1564 1357 nostri,
1584 1320 1646 1357 paci
1662 1321 1696 1350 &
1709 1321 1886 1359 tranquilitati
1899 1319 1994 1350 Revni
2008 1320 2096 1350 nostri
2109 1319 2282 1358 invidentes,
2299 1320 2367 1350 dile—
2383 1334 2412 1357 Ε,
2433 1339 2456 1357 1,

1305 1360 1387 1389 &cum
1407 1359 1440 1388 &
1460 1357 1572 1388 fidelem
1593 1358 1723 1388 nostrum
1737 1358 1887 1398 Rogerum
1902 1360 1937 1389 de
1947 1346 2072 1390 &lifford
2087 1359 2226 1390 seniorem
2241 1358 2364 1390 leditiose
2381 1372 2435 1395 Rot.

1303 1405 1454 1436 ceperunt,
1472 1397 1506 1427 ὃς
1526 1398 1555 1426 in
1570 1397 1679 1436 prisona
1692 1397 1835 1436 detinent,
1851 1398 1884 1428 δε
1896 1397 2026 1428 homines
2039 1398 2116 1436 suos,
2134 1396 2227 1428 fideles
2242 1397 2368 1435 nostros,
2385 1405 2459 1434 Wall.
2470 1410 2516 1435 10:

1303 1437 1522 1474 interfecerunt,
1537 1446 1572 1466 ac
1586 1434 1821 1476 depraedationes,
1839 1436 2010 1475 homicidia,
2033 1435 2162 1466 incendia
2173 1437 2208 1467 δε
2222 1437 2271 1466 alia
2285 1446 2368 1466 enor-
2384 1448 2412 1472 E,
2431 1454 2455 1472 ι,

1303 1475 1360 1506 mia
1381 1474 1604 1513 quamplurima,
1621 1482 1720 1505 contra
1742 1484 1843 1515 pacem
1861 1475 2004 1513 nostram,
2021 1475 2049 1504 in
2068 1475 2187 1514 partibus
2209 1474 2368 1513 Marchiae,
2384 1493 2421 1512 m,
2440 1492 2480 1510 ιο,
2491 1480 2516 1513 A„

1303 1514 1428 1554 nequiter
1443 1513 1653 1552 perpetrarunt,
1670 1513 1704 1544 &
1723 1520 1807 1543 terras
1822 1512 1927 1543 nostras
1943 1515 1975 1545 &
1990 1513 2115 1543 fidelium
2132 1513 2296 1543 nostrorum
2315 1513 2370 1543 ibi-

1304 1553 1371 1582 dem
1390 1551 1426 1582 de
1445 1552 1491 1582 die
1511 1553 1541 1583 in
1555 1552 1634 1583 diem
1654 1550 1808 1590 invadunt,
1824 1553 1858 1583 ὃ(
1880 1551 2002 1590 dampna
2022 1553 2116 1591 gravia
2137 1560 2293 1591 perpetrare
2306 1562 2369 1582 non

1305 1590 1458 1622 formidant
1471 1599 1478 1619 :

1342 1629 1425 1667 Nos,
1442 1637 1542 1659 eorum
1563 1628 1701 1660 malitiam
1712 1629 1746 1661 ὃ(
1761 1628 1946 1660 rebellionem
1960 1628 2111 1666 reprimere
2125 1627 2269 1668 volentes,
2286 1629 2370 1660 vobis

1305 1667 1489 1706 mandamus,
1506 1665 1657 1697 affectuose
1677 1676 1823 1707 rogantes,
1845 1669 1878 1699 ὃς
1898 1669 1928 1698 in
1949 1666 2004 1698 fide
2025 1667 2059 1698 &
2082 1665 2252 1707 dilectione,
2269 1668 2371 1707 quibus

1306 1708 1389 1737 nobis
1408 1706 1558 1743 tenemini,
1584 1705 1699 1736 firmiter
1721 1707 1911 1747 injungentes,
1934 1714 2068 1744 quatenus
2089 1705 2144 1736 {itis
2165 1706 2200 1736 ad
2223 1716 2275 1736 nos
2295 1705 2371 1744 apud

1306 1746 1441 1785 Wigorn.
1455 1745 1501 1775 die
1515 1744 1695 1775 pentecostes
1712 1746 1842 1784 proximo
1855 1745 1970 1784 futuro,
1985 1754 2052 1775 cum
2067 1745 2143 1784 equis
2156 1744 2189 1774 &
2203 1745 2302 1783 armis,
2319 1744 2370 1775 de-

1307 1785 1426 1816 centiori
1446 1784 1479 1815 ὃς
1500 1783 1609 1813 meliori
1629 1783 1718 1814 modo
1738 1794 1796 1824 quo
1818 1785 1956 1825 poteritis,
1984 1784 2086 1821 parati,
2102 1783 2122 1814 si
2143 1782 2252 1813 necesse
2273 1782 2373 1822 fuerit,

1307 1823 1408 1854 exinde
1427 1821 1566 1863 proficisci
1588 1822 1754 1860 nobiscum,
1769 1822 1803 1853 ad
1824 1823 1904 1853 vadia
1917 1821 2027 1861 nostra,
2048 1822 2079 1851 in
2095 1821 2303 1860 expeditionem
2317 1831 2374 1852 no⁴

1309 1862 1393 1896 stram
1415 1869 1516 1892 contra
1528 1860 1671 1891 Walenses
1686 1861 1719 1892 ὃς
1732 1861 1863 1892 Rebelles
1875 1857 1986 1892 nostros
2001 1860 2162 1898 praediecos.

1347 1901 1386 1932 Et
1407 1900 1481 1937 hoc,
1498 1900 1568 1930 ficut
1586 1909 1639 1930 nos
1657 1899 1785 1940 diligitis,
1802 1901 1836 1932 &
1856 1899 1892 1931 de
1914 1900 1995 1931 vobis
2017 1898 2168 1938 specialiter
2182 1897 2370 1937 confidimus,

1310 1941 1389 1973 nullo
1404 1938 1495 1970 modo
1508 1939 1650 1970 omittatis.

1344 2019 1427 2060 Tege
1438 2018 1521 2060 Rege
1535 2018 1609 2058 apud
1623 2019 1742 2050 Devises
1755 2018 1783 2049 6.
1799 2018 1845 2050 die
1856 2018 1974 2061 Aprilis,
1991 2028 2068 2051 anno
2076 2043 2086 2060 ,
2103 2020 2163 2052 &c
2174 2017 2300 2049 decimo.

1412 2099 1472 2132 Sub
1487 2099 1587 2132 eadem
1604 2099 1696 2131 forma
1711 2099 1876 2133 mandatum
1893 2099 1935 2131 est
1952 2100 2084 2132 omnibus
2100 2099 2268 2140 subscriptis,

1311 2180 1461 2218 PVill't'elmo
1477 2182 1509 2211 de
1527 2180 1655 2212 Valentia
1665 2205 1675 2220 ‚

1311 2220 1450 2251 Williemo
1469 2221 1501 2251 de
1516 2220 1593 2250 Bello
1612 2224 1710 2260 Campo
1726 2223 1824 2251 Comiti

1312 2261 1446 2338 Jolhqgsszri
1450 2298 1481 2328 de
1491 2299 1630 2329 IVarenna
1637 2300 1734 2329 comiti
1745 2300 1822 2329 Surr.

1314 2335 1549 2413 Rossrgzffgigot
1562 2379 1660 2406 Comiti
1673 2374 1767 2415 Norffi
1784 2373 1823 2411 ὀ·

1355 2411 1519 2454 Marestallo
1540 2413 1628 2452 Angl.

1314 2452 1431 2483 Roberto
1445 2454 1477 2483 de
1489 2455 1554 2483 Veer
1568 2456 1664 2483 Comiti
1679 2455 1769 2484 Oxon.

1314 2491 1430 2559 RobiZto
1454 2491 1485 2522 de
1500 2494 1574 2521 Brus
1587 2495 1684 2523 Comiti
1702 2493 1734 2523 de
1746 2494 1826 2523 Kar-

1354 2540 1379 2559 rt
1400 2553 1406 2559 .

1316 2605 1444 2674 Οαῖνίιίσ
1463 2606 1494 2636 de
1512 2605 1650 2639 Genevill.

1315 2648 1356 2674 Ro
1375 2652 1432 2675 erto
1448 2646 1480 2675 de
1492 2645 1633 2675 Statevill.

1317 2683 1446 2722 Johanni
1468 2684 1499 2713 de
1515 2683 1646 2723 Balliolo,

1318 2723 1417 2759 Rogero
1433 2723 1465 2752 de
1479 2721 1618 2764 Mubray,

1318 2760 1438 2801 Radufflr
1456 2761 1562 2799 Pipard
1569 2785 1578 2799 ‚

1317 2799 1433 2829 Roberto
1444 2798 1507 2842 filio
1526 2798 1661 2838 Walteri,

1319 2840 1363 2868 W
1361 2837 1469 2868 illielmo
1485 2838 1517 2868 de
1535 2841 1606 2879 Say,

1317 2879 1402 2907 Lucae
1420 2878 1452 2907 de
1471 2879 1545 2917 Tany
1558 2899 1567 2914 ,

1317 2914 1447 2954 Johanni
1465 2915 1496 2945 de
1514 2913 1632 2954 NevHI,

1317 2954 1434 2983 Roberto
1449 2954 1481 2984 de
1498 2957 1566 2991 Ros,

1318 2995 1362 3022 W
1361 2992 1468 3022 illielmo
1487 2993 1518 3022 de
1537 2995 1607 3030 Ros,

1317 3031 1441 3060 Wltero
1456 3031 1487 3060 de
1505 3029 1723 3069 Huntrecumbe,

1317 3069 1445 3109 Galsrido
1464 3070 1496 3099 de
1514 3072 1608 3109 Lucy,

1318 3107 1453 3138 Nicholao
1472 3108 1503 3138 de
1524 3111 1661 3146 Segrave,

1319 3149 1403 3176 Petro
1422 3148 1454 3177 de
1473 3144 1653 3184 blontcfitrti,

1320 3184 1436 3215 Roberto
1452 3186 1484 3215 de
1503 3183 1711 3222 Everingham‚

1317 3223 1445 3262 Jordano
1464 3223 1548 3253 Foliot

1317 3261 1448 3301 Johanm'
1467 3263 1497 3291 de
1512 3245 1619 3301 Suseye,

1318 3302 1417 3331 Adam
1436 3301 1467 3330 de
1486 3303 1597 3329 Banent
1608 3322 1619 3338 ,

1319 3339 1460 3378 Radulpho
1476 3340 1507 3369 de
1527 3341 1661 3376 Berners,

1321 3380 1364 3407 W
1363 3377 1470 3408 illielmo
1482 3376 1544 3419 filio
1561 3375 1686 3414 Thomae‚

1320 3416 1340 3436 ³*
1359 3415 1507 3446 Willielmo
1527 3416 1558 3445 de
1577 3414 1671 3455 Vech,

1319 3457 1428 3493 Hugoni
1446 3453 1555 3491 Lovel,

1320 3494 1443 3523 Waltero
1463 3494 1494 3524 de
1514 3491 1662 3529 lViketon,

1318 3532 1454 3562 Richarda
1476 3529 1569 3570 Baffet
1583 3531 1615 3559 de
1632 3527 1775 3567 Wledon,

1319 3570 1457 3600 Herberto
1476 3571 1508 3600 de
1522 3569 1620 3599 Sanao
1668 3570 1791 3605 uintino,

1319 3609 1450 3648 Johanni
1463 3609 1496 3638 de
1508 3610 1525 3637 I
1525 3605 1629 3644 ngoldet
1650 3614 1704 3645 orp.

1321 3648 1436 3677 Osberto
1454 3645 1580 3685 Giffard,

1324 3685 1473 3716 Willielmo
1491 3685 1523 3714 de
1542 3681 1703 3723 Kerdrston,

1324 3727 1367 3756 W
1366 3723 1474 3754 illielmo
1490 3723 1521 3752 de
1536 3725 1639 3761 Moun,

1322 3763 1452 3803 Johanni
1467 3762 1499 3791 de
1511 3760 1636 3800 Verdun,

1323 3805 1423 3839 Rogero
1438 3802 1590 3839 Peyteuyn,

1325 3840 1505 3871 Marmaa'uco
1523 3838 1555 3867 de
1572 3839 1684 3874 Tweng,

1326 3879 1441 3910 Ricardo
1459 3877 1491 3907 de
1506 3874 1601 3915 Breuss

1327 3917 1457 3956 Johanni
1473 3915 1505 3945 de
1523 3917 1611 3944 Boura.
1632 3913 1665 3943 de
1683 3909 1784 3944 Middl.

1328 3955 1443 3986 Roberto
1459 3951 1600 3991 Aguillon.

1329 3997 1411 4025 Petro
1427 3994 1459 4023 de
1471 3991 1550 4022 Malo
1563 3990 1641 4030 lacn,

1327 4032 1467 4072 Radulpho
1480 4032 1578 4068 Perat,

1860 2183 1966 2211 Briano
1980 2182 2012 2211 de
2027 2183 2136 2220 Goinz,

1862 2222 1906 2250 W
1904 2219 2012 2250 illielmo
2025 2220 2057 2250 de
2073 2218 2240 2257 Alta-ripa,

1862 2260 1962 2296 Rogero
1978 2258 2011 2289 de
2028 2262 2149 2297 Somery,

1863 2296 1986 2327 Waltero
2000 2295 2032 2327 de
2045 2294 2246 2335 Fauconberge‚

1862 2335 1992 2374 Johanni
2006 2337 2038 2365 de
2052 2333 2134 2364 Bella
2146 2345 2237 2374 aqua,

1862 2374 1970 2452 Tlosoln?
1991 2373 2055 2416 filio
2078 2375 2122 2403 W
2121 2371 2226 2403 illielmi
2247 2371 2281 2403 de
2299 2373 2373 2403 Urci-¹

1923 2421 1937 2439 o

1863 2436 1999 2490 Stepha’no
2015 2451 2048 2480 de
2064 2448 2187 2488 Waleys,

1864 2492 1965 2527 Rogero
1987 2489 2018 2520 de
2036 2487 2173 2527 cawile,

1865 2526 2012 2565 Reginaldo
2026 2528 2058 2557 de
2072 2523 2246 2565 Watervile,

1865 2566 1982 2597 Roberto
1997 2567 2028 2596 de
2049 2564 2163 2604 Insula,

1866 2605 1995 2644 Johanni
2015 2605 2047 2634 de
2067 2602 2180 2671 Iulida,

1866 2643 1983 2674 Roberto
1997 2643 2028 2672 de
2043 2646 2092 2673 Sca
2104 2653 2148 2681 es,

1863 2682 1992 2721 Johanni
2010 2681 2042 2711 de
2060 2679 2146 2718 Filol,

1863 2719 1994 2759 Johanni
2013 2720 2046 2750 de
2062 2720 2182 2758 Ripariix
2197 2722 2200 2725 ’

1865 2758 1972 2789 ‚Thomae
1994 2759 2026 2788 de
2042 2742 2201 2788 Furnivals.

1865 2797 1996 2837 Johauni
2009 2796 2041 2826 de
2063 2798 2182 2827 Wauton
2190 2818 2201 2835 ,

1866 2835 1983 2867 Roberto
1997 2836 2028 2865 de
2042 2833 2145 2865 Nevill
2156 2834 2187 2864 de
2201 2836 2269 2864 Som.

1867 2873 1995 2914 Galfrido
2009 2873 2041 2903 de
2062 2871 2165 2903 Nevill

1867 2911 2001 2943 Nicholao
2027 2911 2058 2941 de
2074 2893 2201 2950 Menufl,

1867 2951 1984 2982 Roberto
1990 2948 2053 2992 filio
2070 2953 2184 2988 Rogeri,

1867 2992 1974 3019 Briano
1982 2987 2046 3031 filio
2060 2988 2154 3020 Alani

1866 3027 1996 3067 Johanni
2015 3027 2047 3057 de
2059 3029 2143 3058 Mare
2157 3022 2216 3065 cal,

1865 3066 1997 3106 Johanni
2011 3066 2043 3096 de
2056 3064 2128 3096 Valli
2147 3075 2177 3094 us
2185 3088 2196 3103 ,

1867 3107 2028 3136 Normanno
2048 3105 2081 3135 de
2103 3106 2199 3144 Arcy,

1866 3143 1998 3183 Johanm·
2012 3144 2044 3174 de
2058 3146 2223 3183 Steyngreve
2237 3142 2240 3145 ⁴

1868 3181 2018 3213 Willielmo
2039 3182 2071 3212 de
2084 3183 2211 3217 Hunting
2230 3176 2287 3216 eld,

1867 3220 1974 3251 Thomae
1993 3221 2025 3250 de
2040 3218 2185 3257 Maleton,

1866 3258 2008 3298 Radulpho
2022 3259 2054 3289 de
2067 3254 2231 3293 Crumwell‚

1867 3297 1990 3337 Philippo
2003 3298 2036 3327 de
2050 3299 2151 3337 Kyme,

1868 3335 1994 3366 Gilberto
2012 3336 2045 3366 de
2061 3338 2175 3371 Gaunt,

1867 3377 1978 3412 Hugom'
1991 3375 2022 3404 de
2034 3367 2202 3403 Turhervill.

1867 3413 1982 3444 Roberto
1997 3413 2029 3442 de
2044 3414 2115 3452 Grey
2124 3433 2133 3449 ,

1868 3453 1967 3482 Adam
1986 3450 2010 3480 le
2025 3445 2186 3488 Despenftr,

1869 3488 2019 3520 Willielmo
2037 3489 2069 3518 de
2090 3482 2203 3525 Lindqs:

1867 3529 1966 3566 Rogero
1988 3528 2020 3557 de
2035 3523 2181 3564 Lancastr.

1867 3566 2003 3597 Richardo
2020 3565 2052 3594 de
2065 3563 2162 3601 anny

1868 3601 2078 3673 gadautfffiuo
2094 3584 2260 3640 Witdelmi,

1952 3667 1957 3672 .
2010 3652 2026 3670 u
2039 3651 2067 3670 ee

1867 3653 1984 3712 Ri’lssto
1998 3640 2150 3718 dessssptem
2162 3673 2301 3715 trallibus,

1868 3718 1998 3758 Johanni
2012 3718 2043 3748 de
2058 3715 2088 3747 la
2101 3714 2196 3757 Haye,

1869 3761 1969 3795 Rogero
1987 3755 2016 3786 la
2032 3757 2126 3787 Warr.

1869 3799 1964 3833 Regin.
1982 3796 2014 3825 de
2033 3795 2218 3834 Argenteym,

1871 3834 2006 3864 Richardo
2017 3834 2049 3864 de
2063 3835 2201 3863 Harecurt
2207 3853 2221 3870 ‚

1871 3871 1969 3903 Theob.
1988 3873 2020 3903 de
2040 3872 2147 3902 Verdun

1873 3910 2022 3942 Willielmo
2039 3894 2176 3949 Bardolf',
2228 3949 2230 3951 ‚

1873 3951 1918 3981 W
1915 3948 2022 3980 illielmo
2034 3950 2066 3980 de
2079 3948 2229 3983 Ferrariis,

1875 3987 1993 4019 Matheo
2005 3989 2037 4019 de
2047 3989 2185 4027 Lovayn,

1875 4029 1975 4061 Simm'
1994 4025 2021 4060 le
2034 4023 2190 4068 Constable,

2398 3421 2415 3441 *
2424 3422 2529 3460 11.190'.3

2239 4055 2388 4093 Wdlielm
