2570 4261
126 183 202 214 Ann.
216 181 257 213 D.

154 222 238 251 1281.
273 219 302 248 ni
318 218 480 252 Cautelam,
499 214 577 252 quod
593 212 669 254 idem
685 211 791 242 Almari
807 211 857 242 fibi
870 235 880 251 ‚
908 212 953 242 vel
1171 250 1178 254 ῃ
1313 249 1318 254 ὁ

125 262 193 288 Idv,
212 269 235 288 ι.
272 257 369 295 Regni
389 253 511 292 personis
528 252 662 281 adverlari
685 250 844 280 volentibus
858 273 867 288 ,
893 251 1019 281 favorem
1038 251 1082 280 vel
1104 251 1266 281 coniensum
1285 249 1334 278 ali-

106 1437 225 1466 ἸΙ-130

102 1581 178 1613 Ann.
196 1582 235 1614 Di

124 1622 208 1652 1281.

102 1664 153 1686 An.
172 1671 198 1695 9.

100 1740 119 1764 L
146 1740 173 1763 A
190 1736 218 1774 f.

103 1776 166 1810 363.
182 1785 207 1803 a.

98 1815 173 1840 Penes
181 1817 231 1841 Ca-

97 1859 191 1879 met-ar.

90 2812 165 2842 Ann.
182 2811 221 2842 D.

110 2851 192 2880 1281.

87 2892 145 2915 An.
159 2899 186 2923 9.

88 2931 117 2953 E.
143 2937 166 2955 ι.

89 2988 223 3038 Kasion&-

89 3045 117 3067 E.
137 3050 158 3068 i.

91 3089 125 3106 m.
139 3081 165 3107 6.

280 99 359 148 196

309 179 343 210 In
356 179 411 219 qui
426 187 474 216 per
485 175 606 207 eundem
622 174 659 205 Α.
672 173 746 204 adici
759 174 895 211 velimus,
913 173 947 204 ad
962 175 969 204 i
993 174 1042 204 sius
1056 173 1143 213 Regis
1154 172 1334 217 suiqueReg-

999 222 1074 252 egno
1095 213 1144 242 suo
1159 235 1168 250 ,
1192 220 1238 242 aut
1252 211 1333 250 ipsius

273 303 430 359 quemlnon
444 290 584 329 praestabit
598 312 608 327 ‚
631 297 715 329 prout
733 287 810 327 idern
831 289 896 319 Rex
913 299 961 327 per
982 289 1092 320 eafflem
1109 289 1209 320 litteras
1228 287 1332 326 Regias

294 331 356 361 ostu
368 331 432 360 avit.

273 342 292 370 p
312 368 460 406 Rogamus
472 367 555 396 etiam
567 365 680 404 Regem
693 364 784 402 ipsum
805 373 836 396 ut
849 389 858 401 ‚
881 366 911 396 in
925 365 978 396 hac
1000 361 1079 404 parte
1099 364 1279 404 beneplacitis
1292 362 1334 392 Α-

271 405 416 447 postolicis
431 405 611 435 conformans
624 404 753 434 devotius
766 404 895 434 desideria
911 404 1003 434 cordis
1023 405 1076 441 sui,
1091 404 1243 435 efficaciter
1258 402 1332 431 exse-

270 447 316 483 qui
330 444 436 474 studeat
447 443 524 480 quod
537 443 573 472 ab
586 452 622 472 eo
638 443 741 480 petitur
755 442 948 481 confidenter,
966 451 996 473 ut
1010 453 1043 473 ex
1056 443 1113 473 hoc
1129 442 1229 480 Regiae
1243 440 1332 470 devo·

270 484 354 514 tionis
369 483 503 512 sinceritas
518 481 615 511 clarius
628 480 780 519 elucescat,
797 482 830 511 &
854 481 988 511 Romana
1004 481 1144 518 Ecclesia,
1164 487 1253 510 mater
1270 478 1330 521 sua,

269 531 335 558 quae
347 521 436 558 ipsum
449 521 520 560 gerit
531 519 602 550 infra
615 519 733 550 caritatis
745 519 849 550 viscera
860 519 1054 558 praedileetum
1060 542 1071 557 ,
1089 519 1219 550 laborum
1232 515 1330 554 taedia,

269 560 418 590 occasione
431 559 526 597 hujus,
543 567 603 588 non
616 566 733 597 cogatur
747 557 860 587 ulterius
870 558 995 595 experiri.

305 597 385 628 Cum
399 599 489 637 itaque
502 596 538 627 de
553 605 608 626 tuae
622 596 736 634 prolatae
752 595 1010 633 circumspectionis
1029 595 1162 626 industria
1178 593 1329 631 specialiter

268 635 630 674 confidamus,discretioni
645 642 701 664 tuae
714 644 762 671 per
771 633 937 674 Apostolica
951 634 1050 671 scripta
1064 633 1244 670 mandamus,
1261 641 1331 672 qua-

270 676 342 705 tinus
357 675 475 712 praesato
490 673 582 711 Regi,
601 672 678 707 quod
700 671 818 710 nostris,
836 673 865 701 in
881 672 934 703 hac
954 680 1031 710 parte
1049 671 1100 702 sibi
1118 671 1250 709 direffis,
1270 680 1332 707 pre-

269 714 349 744 cibus
367 713 513 743 liberaliter
531 713 565 742 &
578 711 731 741 efficaciter
753 710 907 749 acquiescat
921 734 930 748 ,
954 712 1028 748 juxta
1049 710 1143 740 datam
1161 710 1211 740 tibi
1226 718 1259 739 ex
1274 708 1330 738 alto

290 752 459 789 rudentiam,
476 760 509 781 ex
524 759 600 788 parte
616 748 711 779 nostra
728 748 860 779 sollertius
879 749 990 780 suadere
1004 771 1013 786 ,
1038 749 1183 789 ipsumque
1195 747 1329 778 inducere

266 793 277 819 1
293 790 374 820 udeas
388 790 548 829 diligenter,
563 788 602 817 iic
616 787 732 817 sollicite
746 788 775 817 in
789 787 840 817 hac
856 796 931 826 parte
945 795 972 817 re
990 787 1125 826 dirigens,
1141 794 1172 816 ut
1186 795 1241 816 tuae
1255 785 1329 815 solli-

265 829 397 859 citudinis
409 827 533 858 studium
545 824 628 866 poffit
641 825 741 856 exinde
754 835 814 856 non
830 826 976 856 immerito
990 825 1195 857 commendari.

298 907 367 939 Dat.
381 907 454 946 apud
468 906 586 938 Urbem
599 904 734 938 Veterem
748 929 757 944 ,
784 915 820 936 12
835 905 955 937 Kalend.
971 905 1123 944 Offiobris,
1142 903 1328 936 Pontificatfis

263 946 352 977 nostri
365 956 442 977 anno
456 947 561 984 primo.

299 1025 369 1056 Nos
383 1036 453 1056 vero
468 1025 508 1056 R.
524 1025 658 1056 Decanus
678 1024 808 1063 praefatus
821 1048 831 1063 ,
854 1024 920 1055 huic
941 1024 1105 1062 transcripto
1123 1024 1263 1055 literarum
1284 1024 1327 1055 A-

262 1063 464 1105 postolicarum
473 1088 482 1104 ,
501 1063 536 1094 de
552 1064 685 1095 mandato
696 1062 811 1102 nostro,
829 1063 864 1094 de
874 1063 933 1102 ipso
945 1063 1074 1103 originali
1085 1063 1216 1104 sumpto,
1230 1063 1263 1094 ὃ(
1277 1073 1326 1101 per

263 1113 316 1134 nos
329 1103 473 1142 diligenter
487 1103 617 1133 ascultato
631 1125 640 1140 ,
663 1102 697 1132 ad
719 1102 878 1140 pleniorem
895 1102 980 1133 fidem
1003 1102 1159 1132 faciendam
1171 1125 1180 1140 ,
1204 1102 1324 1141 sigillum

263 1141 392 1172 nostrum
406 1142 596 1182 apposuimus,
613 1141 647 1171 &
661 1140 814 1171 venerabili
827 1139 902 1171 Patri
917 1140 1052 1171 Domino
1064 1139 1185 1171 Bathon.
1198 1141 1232 1172 &
1241 1139 1324 1171 Wel-

262 1179 327 1211 lens.
342 1179 487 1220 Episcopo
501 1181 607 1221 petenti
620 1178 816 1210 conceffimus.

297 1260 354 1301 Ista
367 1259 449 1290 litera
460 1258 625 1298 duplicatur,
643 1257 681 1294 όν
693 1260 751 1298 ejus
771 1258 934 1299 transtripto
949 1262 1090 1298 apponitur
1111 1257 1196 1297 Sigill.
1211 1260 1321 1289 Fratris

257 1298 294 1338 J.
306 1297 501 1338 Archifepifiopi
514 1302 647 1327 cantuar.

256 1432 277 1452 *
302 1434 408 1464 Litera
428 1442 483 1477 per
510 1442 604 1476 quam
631 1430 807 1510 Francltfius
829 1429 968 1472 Accurfii
989 1429 1117 1473 juravit
1133 1427 1316 1472 fidelitatem

613 1524 617 1529 ῃ
659 1481 729 1524 prae]
742 1490 794 1510 iere
814 1480 897 1524 Regi.

330 1566 479 1598 Nniverfis
493 1566 600 1597 Christi
617 1565 759 1603 fidelibus,
778 1566 835 1596 hoc
851 1565 968 1604 praesens
982 1566 1116 1606 scriptum
1128 1565 1208 1597 visur.
1223 1565 1257 1596 &
1269 1576 1317 1596 au-

256 1644 261 1648 *
298 1606 412 1673 Dditur.
428 1606 451 1636 F
453 1606 590 1637 ranciscus
601 1605 726 1636 Accuriii
740 1606 775 1635 de
792 1604 903 1636 Bonon,
920 1604 1038 1635 Dostor
1057 1605 1151 1644 legum
1165 1628 1176 1644 ,
1201 1604 1315 1635 salutem

253 1653 282 1672 in
332 1655 441 1675 omino.

291 1682 418 1715 Noverit
431 1683 608 1714 Universitas
620 1681 710 1712 vestra
725 1682 801 1721 quod
814 1705 824 1720 ,
850 1692 917 1712 cum
933 1681 1113 1712 serenissimus
1132 1680 1266 1722 Princeps
1281 1682 1315 1712 &

255 1719 398 1753 Dominus
414 1733 491 1753 metis
503 1721 672 1758 karissimus,
692 1721 834 1751 Dominus
849 1720 1004 1752 Edwardus
1018 1743 1026 1758 ,
1053 1719 1111 1749 Dei
1127 1720 1229 1759 gratia,
1247 1720 1312 1750 Rex

253 1758 363 1799 Angliae
378 1761 502 1798 illustris,
540 1770 573 1790 ro
585 1760 696 1790 servitio
707 1769 774 1790 meo
789 1760 837 1790 libi
857 1759 990 1790 hac'tenus
1003 1758 1148 1799 impenso,
1168 1760 1201 1789 &
1216 1761 1312 1799 inpos-

252 1805 344 1829 terum
358 1799 508 1838 impenden
529 1809 565 1836 o,
584 1798 695 1828 dederit
715 1798 785 1828 mihi
803 1798 1006 1838 quadringintas
1026 1796 1138 1827 Marcas
1158 1797 1314 1837 Sterlingo-

250 1847 312 1866 rum
331 1849 387 1875 prae
404 1839 544 1876 manibus,
563 1838 596 1867 &
612 1837 721 1867 ulterius
733 1836 902 1867 concesserit
915 1837 984 1866 mihi
1003 1835 1182 1875 quadraginta
1195 1836 1310 1867 Marcas

250 1875 360 1910 lingulis
372 1878 449 1907 annis
462 1877 495 1907 ad
511 1885 599 1907 totam
615 1877 702 1905 vitam
719 1885 829 1913 meam,

285 1907 366 1958 Ego,
385 1926 436 1955 pro
450 1915 525 1946 tanta
538 1915 688 1946 curialitate
708 1914 777 1944 mihi
792 1913 918 1953 impensi
931 1936 940 1952 ,
963 1913 1018 1944 feci
1039 1913 1201 1945 fidelitatem
1217 1913 1311 1944 eidem

247 1951 382 1983 Domino
395 1963 461 1984 meo
475 1953 566 1993 Regi,
582 1954 615 1984 ἃ.
628 1952 832 1983 sacramentum
845 1952 991 1993 corporale
1004 1952 1136 1991 praestiti,
1153 1951 1230 1990 quod
1244 1962 1310 1983 om-

246 1992 328 2022 nibus
342 1992 440 2023 diebus
454 1994 521 2023 vitae
535 2001 608 2022 meae
619 2001 670 2021 ero
684 1992 709 2021 ei
722 1990 808 2021 fidelis
859 1991 893 2021 &
911 1992 1008 2021 omnia
1021 1991 1136 2022 consilia
1156 1992 1188 2022 ὃς
1205 1991 1306 2022 secreta

244 2029 306 2069 iiia,
323 2031 412 2060 michi
426 2032 542 2061 revelata
556 2031 589 2062 &
610 2029 775 2068 revelanda,
794 2014 908 2060 fideliter
926 2029 1026 2060 celabo
1039 2041 1049 2067 3
1064 2030 1105 2060 i&
1119 2030 1309 2070 quotiescum-

243 2078 315 2108 que,
332 2070 365 2100 &
380 2079 641 2107 quantumcumque
653 2069 764 2099 servitio
782 2078 849 2098 meo
865 2067 1018 2108 indiguerit
1032 2069 1062 2098 in
1082 2068 1204 2108 partibus
1223 2077 1311 2099 trans-

246 2108 373 2146 marinis,
389 2109 422 2138 &
437 2110 506 2146 peri
529 2108 587 2138 sum
603 2107 648 2138 vel
661 2116 696 2137 ex
731 2115 788 2136 arte
800 2106 845 2137 sua
856 2108 935 2147 super
947 2106 1005 2137 hoc
1017 2106 1097 2138 fuero
1110 2108 1310 2146 praemunitus,

245 2147 321 2176 circa
337 2156 367 2176 ea
380 2145 493 2177 fideliter
553 2145 700 2184 diligenter
725 2145 852 2176 aborabo
868 2154 930 2176 toto
950 2145 1045 2183 poste,
1064 2146 1198 2175 omnibus
1213 2146 1273 2176 sum

244 2184 319 2213 tibus
336 2185 369 2215 &
387 2185 509 2223 expensis
529 2185 649 2214 Domini
668 2183 753 2223 Regis
776 2184 810 2214 ὃς
830 2184 996 2214 omnimoda
1015 2183 1112 2214 indem
1132 2185 1220 2215 nitate
1238 2186 1278 2214 mi
1301 2186 1307 2191 '

243 2222 346 2253 servata
362 2233 368 2252 :
393 2224 426 2253 &
446 2223 648 2254 nichilominus
662 2222 801 2252 satisfaciet
819 2222 907 2252 michi
927 2224 1033 2262 integre
1053 2222 1089 2252 de
1115 2222 1190 2253 eudo
1206 2223 1308 2261 praedi-

243 2261 312 2329 gig?
331 2262 367 2292 ita
381 2262 460 2301 quod
476 2262 563 2293 nichil
583 2261 654 2292 mihi
675 2260 740 2291 inde
754 2260 866 2292 decidet
887 2261 1037 2292 occasione
1057 2259 1218 2300 sumptuum
1235 2270 1309 2302 prae·

266 2310 272 2328 l
304 2309 396 2330 orum.

280 2337 332 2376 Et,
350 2338 384 2368 ad
398 2338 496 2368 omnia
510 2337 543 2368 &
556 2337 660 2382 singula
674 2337 813 2378 praemiffa
835 2337 963 2369 facienda
978 2361 988 2377 ,
1010 2337 1110 2376 obligo
1125 2347 1172 2368 me
1193 2340 1226 2370 &
1242 2348 1307 2369 om-

243 2377 289 2406 nia
305 2377 381 2408 bona
396 2387 457 2407 mea
472 2399 481 2415 ,
507 2376 622 2407 mobiba
642 2377 675 2407 &
691 2376 847 2407 immobilia
859 2400 870 2415 .,
895 2377 1070 2417 ubicumque
1084 2377 1187 2407 fuerint
1201 2377 1309 2408 consti-

243 2423 308 2445 tuta.

278 2452 313 2484 In
328 2455 405 2492 cujus
417 2455 455 2485 rei
469 2452 665 2485 testimonium
682 2453 749 2485 huic
764 2454 867 2494 scripto
881 2453 993 2493 apposui
1008 2453 1127 2493 sigillum
1141 2463 1251 2485 meum.

274 2531 342 2565 Dat.
355 2533 428 2573 apud
443 2533 596 2565 Lindhurst
611 2536 705 2572 primo
719 2534 766 2565 die
781 2533 938 2574 OCtobris,
956 2545 1032 2566 anno
1048 2535 1174 2566 Domini
1194 2534 1305 2566 millesi-

240 2582 290 2603 mo
303 2573 496 2604 ducentelimo
507 2574 685 2612 octogesimo
700 2575 804 2612 primo.

386 2707 435 2739 De
449 2704 567 2752 Judaeis
583 2709 613 2737 in
629 2705 774 2750 Wtsbom‘a
785 2709 930 2753 graviter
944 2706 1150 2752 pertrafbatis.

310 2793 374 2862 {7:34
391 2794 548 2863 ¹§fnescallo
559 2795 609 2825 suo
625 2794 772 2826 Vasconiae
785 2818 795 2834 ,
821 2795 854 2826 &
868 2794 1088 2827 Constabulario
1102 2795 1153 2826 suo
1165 2794 1305 2837 Burdega-

276 2842 662 2909 Exlssiitrtaeuggtiimunitatis
680 2871 846 2909 Judaeorum
867 2871 1030 2902 nostrorum
1052 2871 1201 2903 Vaseoniae
1222 2873 1306 2904 nobis

242 2907 282 2937 est
297 2909 455 2948 ostensum,
473 2910 549 2950 quod
571 2911 638 2951 ipsi,
657 2911 690 2941 ad
711 2912 940 2949 procurationem
958 2911 1216 2950 &instigationem
1232 2922 1305 2950 quo-

241 2947 368 2977 rumdam
381 2949 551 2992 aemulorum
566 2949 696 2993 suorum,
715 2959 828 2990 propter
842 2949 967 2993 modicas
979 2950 1012 2980 &
1032 2949 1112 2993 leves.
1122 2949 1304 2994 occasiones,

243 2994 400 3055 geartstgsstxiirs
412 2987 619 3024 redemptiones
630 2989 663 3020 δε
677 2988 862 3019 intolerabiles
875 2988 1040 3028 fatigantur,
1058 2989 1091 3020 ὃ(
1106 2987 1230 3019 indebite
1243 2999 1307 3029 per-

280 3062 347 3093 Nos
361 3048 458 3102 igiiur,
476 3065 602 3096 nolentes
615 3066 652 3095 eis
666 3066 784 3104 injuriari
798 3066 826 3096 in
847 3065 899 3096 hac
915 3073 993 3104 parte
1007 3089 1017 3103 ‚
1042 3065 1125 3096 vobis
1140 3066 1306 3098 mandamus

241 3102 319 3145 quod
336 3102 462 3139 praefatos
473 3103 603 3142 Judaeos,
618 3104 691 3143 juste
705 3105 888 3140 deducentes,
904 3104 975 3144 ipsos
989 3104 1067 3141 super
1087 3105 1223 3142 querelis,
1238 3115 1304 3145 quas

239 3141 274 3169 de
287 3139 405 3183 eis-fieri
427 3143 578 3180 contigerit
593 3165 602 3181 ,
626 3142 731 3173 faciatis
746 3153 795 3183 per
816 3143 922 3181 probos
942 3143 975 3173 ἃ
994 3143 1093 3183 legales
1111 3142 1304 3183 Christianos,

240 3187 321 3215 prout
330 3178 437 3216 justum
452 3180 550 3219 fuerit,
565 3181 691 3220 judicari.

274 3258 362 3290 Teste
375 3259 457 3300 Rege
472 3261 544 3299 apud
561 3261 731 3292 Lindehurst
744 3271 843 3302 quarto
857 3262 903 3293 die
917 3262 1062 3293 Ostobris.

410 3397 459 3429 De
476 3398 582 3442 exiguo
597 3393 776 3441 Jndctorum
794 3399 824 3428 in
842 3397 986 3442 Wtfiom‘a
1001 3408 1134 3430 numero.

95 3500 170 3531 Αῃῃ,
186 3499 224 3530 D,
245 3481 377 3552 REX
394 3485 486 3515 eidem
499 3483 620 3514 salutem.

123 3540 205 3569 1281.

93 3581 145 3604 An.
166 3587 193 3611 9.

96 3620 126 3641 E.
151 3625 172 3642 ι.

93 3653 197 3681 Ibidem.

269 3556 273 3561 ,
343 3521 385 3551 Ex
402 3532 477 3560 parte
493 3522 714 3554 Communitatis
724 3521 891 3560 Judaeorum
906 3523 1071 3554 nostrorum
1086 3523 1235 3555 Vasconiae
1250 3535 1304 3556 no-

246 3555 288 3585 bis
296 3558 339 3601 'est-
354 3560 510 3602 ostensum,
529 3561 606 3598 quod
622 3571 670 3599 per
691 3561 764 3591 varia
779 3561 811 3591 &
833 3562 965 3592 immensa
980 3562 1103 3601 tallagia,
1120 3563 1156 3593 ad
1175 3574 1240 3602 quae
1252 3563 1301 3602 ipfi

247 3595 339 3625 talliati
356 3600 467 3629 inerunt
481 3600 655 3639 temporibus
673 3600 816 3630 reti-metis
830 3622 839 3637 ,
860 3601 889 3631 in
910 3609 1018 3631 tantum
1039 3603 1145 3641 gravati
1163 3602 1302 3640 existunt,

246 3633 321 3670 quod
343 3635 429 3671 plui-es
449 3647 548 3668 eorum
563 3660 573 3675 ,
595 3638 694 3668 reliffis
714 3638 845 3668 domibus
858 3661 867 3676 ,
888 3649 954 3678 quas
970 3639 1125 3670 inhabitare
1147 3640 1301 3670 consueve-

247 3679 326 3712 runt,
343 3672 375 3701 ad
391 3674 439 3705 alia
452 3675 532 3712 loca,
550 3685 624 3706 extra
644 3675 810 3715 potestatem
826 3677 951 3706 nostram
967 3700 976 3715 ,
998 3677 1023 3707 se
1043 3678 1232 3717 diverterunt3
1251 3678 1302 3715 &,

246 3708 294 3737 ubi
307 3709 426 3754 solebant
447 3713 501 3742 esse
520 3715 719 3781 quinquaginta
729 3714 823 3752 Judaei
846 3715 987 3745 talliabiles
1000 3739 1010 3754 ,
1033 3717 1088 3753 jam
1108 3717 1190 3756 pauci
1211 3725 1300 3747 rema-

245 3754 330 3782 nent,
347 3757 393 3790 qui
407 3752 579 3788 temporibus
613 3754 692 3782 ebitis
706 3760 836 3790 poterunt
849 3754 951 3784 talliari.

247 3823 252 3827 ι
281 3783 426 3827 roirca
439 3789 519 3817 vobis
534 3790 695 3820 mandamus
707 3790 783 3829 quod
800 3792 927 3828 praefatos
936 3792 1051 3830 Judaeos
1062 3801 1112 3833 per
1125 3792 1231 3832 tallagia
1247 3792 1301 3822 hu-

241 3821 365 3860 jusmodi
383 3825 568 3868 intollerabilia
581 3827 616 3857 de
631 3838 736 3859 caetero
754 3838 812 3858 non
832 3832 950 3868 gravetis
962 3852 971 3865 ‚
999 3840 1050 3871 per
1068 3829 1146 3870 quod
1166 3840 1300 3862 numerus

242 3860 427 3899 Judaeorum,
445 3872 490 3899 qui
507 3873 664 3903 remanent,
678 3868 841 3897 minoretur.

282 3939 371 3970 Teste
383 3947 412 3971 ut
424 3938 509 3977 supra.

779 79 1572 131 CONVENTIONES,
1619 77 2005 130 LITERAE,

2455 166 2533 199 Arm.
2547 163 2570 204 ii

1512 213 1528 216 “
2055 210 2426 216 ——“““
2489 208 2570 242 128&

1422 262 1443 282 ⁴³
1462 264 1650 309 Margaretae
1668 264 1778 297 Matri
1801 265 1888 310 Regis
1905 264 2037 296 Franciae
2053 264 2175 309 gratias
2193 263 2260 296 Rex
2276 264 2341 310 agit
2355 262 2392 298 de
2452 246 2570 315 {dffl'g‘l

1748 323 1850 344 amore
1863 320 1901 349 (9⁰
1916 321 2066 344 amicum.

2452 403 2532 438 Ann-
2543 408 2570 442 D

1375 399 1485 460 ALa
1498 399 1599 439 Reyne
1611 399 1647 431 de
1663 400 1686 430 F
1687 410 1789 437 raunce
1798 424 1807 438 ,
1826 399 1947 431 Edward
1958 399 2040 439 Rey,
2057 400 2117 431 &c.

1472 437 1583 476 Darne,
1601 438 1668 468 bien
1681 449 1767 469 avons
1788 438 1912 469 entendu
1927 461 1937 477 ,
1962 438 1996 468 δε
2015 438 2085 468 bien
2095 436 2193 469 savons
2212 436 2248 468 ke
2293 446 2340 469 ant
2361 441 2431 477 p‘oer
2478 447 2562 480 1281,

1373 484 1445 505 avez
1455 477 1507 505 mis
1521 476 1556 506 de
1569 485 1671 507 mettre
1682 478 1743 507 bon
1753 487 1833 507 amur
1846 486 1894 515 par
1907 485 1987 507 entre
2001 476 2097 507 vostre
2109 477 2243 515 Seigneur
2275 487 2291 507 e
2305 476 2379 516 fust,
2396 479 2430 509 ὅτ.
2449 484 2502 511 Aa.
2517 495 2546 520 9,

1373 513 1469 543 nostre
1482 514 1602 553 Seignur
1616 515 1642 544 le
1654 515 1722 556 Roy
1737 515 1801 554 jadis
1816 514 1912 545 nostre
1927 525 1992 554 pere
2005 525 2011 544 :
2034 516 2067 546 &
2080 525 2127 555 par
2146 523 2224 545 entre
2242 515 2336 546 nostre
2349 516 2428 557 Seig-
2451 523 2480 547 Ε.
2504 531 2530 551 1.

1372 561 1427 581 nur
1438 551 1465 581 le
1474 552 1542 591 Roy
1556 552 1650 583 vostre
1664 553 1738 592 finz,
1755 555 1802 593 qui
1815 564 1865 584 ore
1876 553 1935 591 est,
1953 563 1969 584 e
1981 563 2047 593 nuS,
2064 564 2081 584 e
2092 562 2171 593 grant
2185 561 2281 584 entent
2292 564 2363 585 auez
2374 558 2427 586 mis
2450 561 2532 588 Tran-

1372 599 1426 658 pur
1444 591 1488 620 cel
1507 601 1609 630 amur,
1629 591 1666 622 de
1683 593 1750 632 quoi
1769 602 1820 622 nus
1839 602 1889 623 vus
1903 593 2044 623 mercions
2057 601 2116 623 tant
2135 601 2205 624 com
2221 602 2273 623 nus
2287 601 2378 632 poons
2393 595 2427 626 δε
2441 596 2531 635 script.

1383 638 1477 659 auons.
2451 636 2521 664 Liter
2552 661 2561 669 ,

1411 666 1448 697 Et
1461 667 1498 698 de
1505 667 1694 707 ceo,Dame,
1702 668 1738 699 ke
1749 678 1799 699 vus
1811 667 1915 700 defirez
1922 691 1932 706 ,
1942 668 1978 700 ke
1990 669 2115 700 aliaunce
2127 669 2183 700 fust
2196 679 2246 710 par
2258 678 2351 701 rentre
2364 681 2429 702 vos·
2449 676 2502 705 An.
2513 648 2551 712 εἴ

1373 712 1416 735 tre
1430 705 1488 736 finz
1501 707 1536 737 ὃς
1548 717 1617 745 nus,
1636 717 1690 745 pur
1700 707 1761 748 plus
1774 706 1904 737 affermer
1923 708 1984 738 bon
1996 717 2076 739 amur
2095 718 2143 746 par
2161 717 2240 739 entre
2252 719 2325 748 nus3
2349 718 2430 749 grant
2447 715 2477 739 E.
2500 722 2525 742 1.

1372 753 1423 812 {re
1436 755 1487 775 nus
1501 755 1537 775 en
1551 745 1665 784 savons,
1682 755 1699 776 e
1712 745 1822 785 respons
1836 745 1872 775 de
1884 755 1922 776 co
1935 755 1971 776 ne
1985 756 2036 778 vus
2056 756 2148 785 poons
2159 748 2313 787 maunder,
2328 759 2380 790 pur
2391 759 2430 780 co
2449 759 2485 778 m.
2504 760 2533 781 2.

1374 793 1408 851 de
1423 783 1518 814 nostre
1532 783 1635 814 conseil
1650 793 1685 814 ne
1702 784 1733 814 fu
1746 793 1793 822 pas
1807 794 1868 822 pres
1881 784 1917 815 de
1929 794 1981 814 nus
1992 807 2002 823 ,
2025 794 2110 826 quant
2125 796 2184 817 voz
2196 786 2287 817 lettres
2301 798 2353 818 nus
2366 789 2431 819 vin-

1394 830 1464 851 rent.

1410 859 1436 890 E
1453 869 1505 899 pur
1519 870 1572 898 co,
1592 859 1688 890 Dame
1700 882 1712 899 ,
1732 860 1768 891 ke
1783 871 1833 892 vus
1847 860 1951 892 voillez
1964 860 2000 892 ke
2016 861 2077 892 Sire
2088 862 2181 901 Johan
2199 862 2236 894 de
2254 863 2363 904 Greilly
2379 865 2429 896 de-

1373 907 1438 928 mur
1456 908 1472 928 e
1487 908 1594 929 uncore
1608 898 1646 929 od
1662 908 1730 936 vm,
1748 898 1790 929 iffi
1803 923 1813 937 ‚
1831 899 1897 938 qu’il
1912 900 1999 937 puisse
2013 901 2091 931 venir
2110 912 2126 932 a
2141 911 2192 932 nus
2206 912 2222 932 a
2235 903 2303 933 cink
2319 904 2428 934 Semei-

1371 946 1420 966 ηας
1454 947 1469 967 e
1482 937 1505 967 la
1519 937 1597 968 Seint
1614 936 1744 975 Miche13
1758 937 1881 976 Sachez,
1899 938 1982 968 chere
1989 937 2102 977 Darne,
2119 939 2154 970 ke
2167 940 2186 970 il
2198 950 2250 972 nus
2282 941 2334 972 lest
2347 951 2428 981 mut,

1371 985 1387 1004 e
1403 985 1454 1006 nus
1469 975 1507 1006 lui
1521 985 1608 1006 auons
1621 974 1760 1014 maunde,
1778 986 1825 1014 par
1838 975 1934 1006 nostre
1950 976 2048 1014 lettre,
2062 977 2099 1008 ke
2109 978 2129 1008 il
2140 978 2203 1009 face
2215 950 2311 1011 vogre
2325 981 2427 1012 volun-

1370 1021 1398 1044 te
1405 1036 1416 1053 ,
1435 1024 1451 1044 e
1466 1014 1532 1053 qu’il
1545 1015 1648 1054 vienge
1661 1024 1677 1044 a
1687 1023 1739 1044 nus
1750 1015 1783 1045 al'
1796 1015 1839 1053 jur
1851 1022 1934 1046 avant
1945 1023 2057 1045 nornee.

1368 1092 1512 1173 Relggpeg
1526 1104 1541 1126 a
1556 1093 1720 1126 Wincestre
1733 1093 1759 1125 le
1780 1092 1879 1125 Difine
1887 1095 1934 1134 jur
1953 1094 1990 1126 de
2011 1095 2144 1126 Oetobre
2158 1118 2168 1134 ,
2193 1096 2220 1127 le
2232 1106 2268 1128 an
2281 1097 2318 1129 de
2331 1098 2427 1131 nostre

1364 1266 1471 1298 Literae
1487 1269 1604 1314 Reginae
1623 1270 1812 1313 Margaretae
1824 1266 1997 1299 Materterae
2004 1266 2066 1312 [ἐκ
2081 1265 2116 1300 de
2131 1267 2249 1301 auxilio
2264 1271 2296 1301 in
2311 1258 2423 1317 negotia

1812 1317 1984 1349 Provinciae.

1362 1401 1420 1465 Ε
1430 1403 1471 1434 D.
1489 1404 1515 1434 al
1531 1404 1623 1435 eidem
1636 1403 1767 1444 Reginae.
2266 1445 2272 1450 ,
2442 1414 2519 1449 Ann.
2532 1416 2570 1453 D'.

1458 1442 1546 1473 Nous
1559 1452 1686 1474 recumes
1697 1453 1750 1473 vos
1762 1442 1869 1481 lettres,
1888 1441 1927 1473 les
1938 1442 2032 1481 queles
2042 1452 2115 1474 nous
2124 1453 2196 1475 vous
2208 1445 2358 1485 enviastes,
2372 1455 2421 1484 par
2467 1457 2552 1489 1231,

1361 1479 1447 1548 cli³eres
1460 1481 1496 1511 de
1509 1481 1584 1512 Frez
1598 1490 1679 1513 votre
1692 1480 1782 1512 Clerk
1793 1504 1804 1519 ,
1830 1481 1857 1511 le
1870 1480 1961 1512 mardi
1974 1481 2112 1519 prochain
2125 1492 2230 1515 venant
2245 1483 2271 1514 la
2284 1484 2344 1516 sent
2359 1486 2422 1516 An-
2441 1499 2493 1523 An.
2512 1507 2554 1527 ¹0.

1382 1529 1430 1549 [eu
1441 1531 1447 1536 “

1397 1543 1450 1588 En’
1458 1558 1496 1588 les
1512 1558 1603 1596 queles
1614 1568 1687 1589 nous
1697 1568 1769 1589 vous
1781 1557 1894 1598 priastes
1908 1581 1918 1596 ‚
1943 1567 2000 1596 que
2014 1567 2082 1588 cum
2096 1568 2149 1589 vos
2161 1568 2250 1590 autres
2263 1562 2332 1592 amis
2347 1571 2420 1593 vous
2439 1537 2524 1602 ξοηέἱ

1360 1597 1467 1627 cussent
1480 1599 1587 1636 promis
1600 1598 1657 1628 leur
1671 1597 1742 1636 eyde
1756 1607 1772 1627 a
1785 1597 1936 1628 demander
1950 1595 2041 1627 vestre
2061 1596 2132 1628 dreit
2152 1597 2188 1628 de
2201 1597 2366 1639 Provence,
2383 1602 2417 1632 &
2437 1611 2517 1639 Lim.

1360 1645 1432 1666 vous
1445 1636 1618 1667 entendiffez
1629 1637 1686 1667 fere
1698 1645 1779 1667 votre
1794 1635 1970 1674 Somounse,
1987 1645 2003 1664 a
2016 1634 2102 1674 Lyon
2115 1636 2140 1666 la
2154 1637 2292 1676 premiere
2306 1637 2422 1679 Semey-
2440 1649 2516 1686 Regal

1361 1683 1398 1704 ne
1410 1673 1447 1704 de
1462 1673 1534 1714 May
1550 1697 1560 1713 ,
1586 1674 1622 1705 ke
1643 1681 1715 1706 nous
1728 1684 1801 1707 vous
1816 1673 1930 1705 feissons
1948 1683 1964 1705 a
1981 1673 2071 1705 {avoir
2088 1675 2155 1713 quel
2173 1673 2245 1714 eyde
2260 1685 2333 1707 nous
2347 1687 2420 1710 vous
2437 1672 2550 1718 Memb'r·

1359 1712 1551 1743 entendissons
1564 1723 1581 1744 a
1593 1714 1666 1744 fere:
2442 1734 2469 1754 2,
2539 1710 2550 1719 '

1397 1751 1424 1781 A
1437 1751 1462 1781 la
1473 1761 1548 1791 queu
1563 1752 1665 1791 chose,
1682 1761 1729 1782 ma
1742 1750 1838 1782 Darne
1851 1773 1862 1789 ,
1885 1759 1958 1781 nous
1967 1760 2040 1781 vous
2055 1750 2226 1791 responnons
2239 1752 2276 1783 ke
2296 1763 2367 1785 nous
2384 1764 2420 1786 au

1358 1797 1448 1820 terme
1460 1814 1471 1829 ,
1496 1790 1532 1820 ke
1549 1800 1621 1822 nous
1642 1800 1712 1821 vous
1729 1798 1802 1820 avez
1818 1789 1940 1820 mauride
1954 1811 1964 1827 ,
1986 1789 2144 1820 entendons
2162 1792 2278 1822 envoier
2291 1801 2307 1822 a
2323 1791 2422 1833 Lyons

1358 1837 1426 1867 gens
1441 1839 1457 1859 a
1470 1839 1557 1859 armes
1571 1840 1624 1867 pur
1639 1839 1710 1860 vous
1723 1828 1806 1859 servir
1819 1839 1830 1866 3
1856 1837 1892 1858 ne
1910 1827 2042 1867 quident,
2060 1836 2106 1858 ma
2121 1827 2218 1860 Darne
2231 1852 2240 1868 ,
2261 1840 2332 1860 nous
2348 1841 2422 1863 vous

1378 1869 1454 1897 rions
1468 1868 1504 1897 ke
1519 1877 1590 1899 vous
1604 1868 1678 1898 ferez
1689 1875 1809 1898 trouvez
1822 1875 1866 1897 tus
1874 1867 1933 1904 jurs
1945 1875 1982 1896 en
1996 1866 2120 1906 mesure,
2138 1867 2165 1898 se
2175 1867 2195 1898 il
2209 1869 2302 1899 avient
2316 1868 2351 1900 ke
2365 1879 2418 1901 om

1369 1916 1385 1936 e
1398 1915 1470 1937 vous
1485 1906 1576 1944 offraz,
1595 1907 1628 1938 ὃ(
1645 1907 1681 1937 de
1694 1905 1770 1937 ceste
1782 1905 1868 1936 chose
1880 1905 1984 1936 mesme
2001 1906 2097 1945 prions
2110 1915 2181 1937 nous
2196 1906 2222 1936 le
2235 1905 2305 1946 Roy
2320 1907 2356 1938 de
2370 1909 2421 1939 Se-

1358 1944 1432 1982 fille,
1449 1945 1483 1976 &
1497 1945 1524 1974 le
1537 1945 1640 1976 Prince
1655 1954 1739 1976 notre
1751 1943 1841 1975 Cofin
1851 1965 1861 1983 ‚
1885 1953 1933 1984 par
1945 1943 1970 1974 la
1985 1943 2160 1984 prochenete
2171 1943 2209 1976 de
2217 1945 2300 1984 sanc,
2315 1947 2364 1986 qui
2376 1946 2419 1978 est

1357 1992 1435 2014 entre
1448 1992 1518 2013 vous
1534 1984 1568 2015 &
1580 1984 1607 2014 le
1622 1983 1734 2015 Prince.

1376 2062 1521 2132 eDonnee
1533 2073 1549 2094 a
1561 2064 1688 2095 Westm.
1703 2065 1743 2095 26
1759 2065 1802 2103 jur
1818 2063 1855 2095 de
1870 2063 2046 2095 Novembre
2059 2085 2070 2101 ‚
2092 2061 2147 2094 l’an
2166 2063 2203 2095 de
2223 2063 2320 2095 nostre
2337 2064 2421 2106 Reg-

1355 2113 1374 2133 n
1410 2113 1455 2133 10.

1354 2247 1462 2278 Litera
1481 2246 1586 2278 carolo
1608 2248 1680 2292 Regi
1696 2244 1820 2285 Siciliae,
1847 2242 1884 2277 de
1899 2246 1968 2277 Lite
1983 2270 1992 2286 ‚
2027 2246 2105 2276 inter
2122 2243 2234 2289 ipfitm,
2261 2247 2297 2282 ὠ·
2318 2247 2419 2278 Mar-

1394 2304 1539 2340 garetam
1570 2297 1717 2328 Matrem
1748 2295 1835 2340 Regis
1867 2295 1998 2326 Franciae
2015 2318 2026 2335 ,
2068 2289 2271 2326 amicabiliter
2303 2303 2417 2340 compo-

1401 2342 1508 2376 nenda.

1354 2431 1417 2493 K
1427 2429 1556 2462 Ariffima
1571 2430 1723 2462 Matertera
1737 2431 1848 2470 nostra,
1868 2429 1915 2460 M.
1930 2427 2042 2470 Regina
2059 2429 2185 2461 Franciae
2198 2429 2307 2462 illustris
2321 2455 2331 2470 ,
2355 2431 2417 2472 plu-
2440 2428 2516 2460 Ann.
2530 2427 2570 2464 D.

1426 2471 1477 2500 ries
1492 2480 1545 2500 nos
1558 2470 1667 2509 rogitat
1682 2480 1729 2509 ut,
1747 2471 1780 2502 ad
1795 2468 2012 2510 perquirendum
2027 2470 2067 2506 jus
2081 2470 2160 2500 suum
2179 2468 2214 2500 de
2229 2469 2363 2501 Provinc.
2379 2472 2412 2502 &
2460 2470 2564 2505 1281.,>;

1353 2508 1551 2548 Fulcharquer.
1567 2508 1775 2548 Comitatibus‚
1815 2520 1832 2539 u
1889 2517 1949 2539 non
1966 2507 2055 2538 solum
2071 2518 2134 2538 eam
2149 2508 2297 2548 tangebat,
2314 2519 2415 2540 verum
2437 2510 2488 2535 An.
2506 2515 2552 2536 10·

1351 2549 1435 2579 etiarn
1449 2546 1608 2579 Dominam
1623 2557 1744 2579 matrem
1759 2520 1900 2586 nociRtram,
1918 2546 2052 2578 vellemus
2066 2545 2196 2578 nostrum
2215 2547 2266 2578 sibi
2278 2547 2413 2579 auxilium
2437 2549 2466 2573 E·
2485 2556 2508 2574 1·

1352 2587 1487 2624 impartiri
1495 2598 1504 2625 3
2439 2585 2556 2621 Transcrs

1391 2625 1440 2655 Set
1455 2634 1523 2656 cum
1539 2636 1600 2656 non
1616 2626 1790 2657 crederemus
1802 2624 1880 2665 quod
1898 2623 1932 2654 ad
1954 2625 2013 2654 hoc
2027 2647 2037 2663 ‚
2063 2623 2141 2662 quod
2154 2624 2268 2655 devenit
2279 2624 2353 2655 istud
2367 2635 2418 2656 ne-
2437 2623 2517 2649 Lim.
2530 2633 2570 2651 m.

1352 2664 1481 2703 gotium,
1500 2665 1535 2694 ita
1549 2666 1665 2703 repente
1680 2665 1804 2702 veniret,
1822 2663 1984 2701 excogitatis
1997 2663 2106 2693 intimae
2117 2662 2275 2693 dilectionis
2287 2663 2417 2695 affectio·
2439 2664 2469 2687 Ε·
2482 2670 2568 2703 ΗΜ,

1352 2712 1407 2739 ne,
1423 2711 1507 2741 quam
1521 2702 1619 2732 eadem
1630 2702 1740 2741 Regina
1748 2702 1875 2732 Franciae
1887 2701 1983 2731 habuit
1997 2700 2030 2731 ad
2045 2710 2098 2730 nos
2109 2699 2231 2738 semper:
2251 2701 2284 2732 &
2299 2702 2417 2741 auxilio,
2439 2707 2467 2734 4-
2483 2700 2510 2728 d·

1352 2750 1403 2778 per
1424 2739 1543 2771 eandem
1566 2741 1650 2770 nobis
1669 2739 1797 2780 impenso
1813 2762 1823 2777 ,
1845 2740 1876 2768 in
1897 2738 1998 2768 nostris
2016 2738 2125 2768 dudum
2146 2738 2368 2771 tribulationibus
2383 2741 2418 2772 &

1351 2778 1480 2817 pressuris
1493 2787 1499 2807 :
1526 2779 1559 2808 ὅ(
1575 2778 1769 2816 compassione
1784 2777 1888 2807 doloris
1905 2786 1964 2815 quo
1976 2800 1987 2816 ,
2012 2783 2127 2816 propter
2146 2776 2336 2815 oppreffiones
2351 2788 2419 2809 nos-

1353 2825 1421 2856 tras,
1439 2817 1498 2855 ejus
1512 2817 1623 2846 animus
1639 2816 1818 2856 torquebatur
1833 2827 1844 2853 3
1868 2824 1985 2845 necnon
2004 2815 2038 2845 &
2053 2814 2128 2853 hoc,
2146 2814 2223 2852 quod
2239 2815 2314 2847 idem
2330 2825 2419 2856 nego-

1351 2857 1439 2894 tium,
1457 2863 1517 2884 non
1533 2856 1627 2885 minus
1642 2864 1726 2894 quarn
1740 2854 1826 2892 ipsam
1835 2876 1845 2891 ‚
1863 2854 1950 2892 tangit
1959 2852 2123 2884 Dominam
2138 2861 2258 2886 matrem
2272 2854 2418 2894 nostram;

1353 2895 1416 2933 cui,
1430 2902 1465 2924 ex
1477 2903 1535 2934 quo
1546 2902 1624 2933 pater
1637 2893 1732 2924 noster
1755 2891 1870 2924 deceffit
1889 2893 1920 2921 in
1938 2891 1992 2924 fata
2007 2915 2018 2932 ,
2045 2891 2107 2933 plus
2126 2899 2257 2922 tenemur
2272 2894 2358 2933 quam
2372 2895 2415 2924 vi-

1351 2933 1430 2965 venti
1441 2932 1554 2970 alicujus
1568 2939 1718 2971 creaturae,

1391 2970 1481 3010 Quod
1497 2971 1526 3000 in
1540 2970 1595 3001 hac
1608 2980 1684 3011 parte
1699 2970 1797 3011 petiit,
1812 2969 1882 3000 ficut
1895 2979 1949 2999 nec
1965 2967 2104 3008 denegare
2115 2969 2259 3009 potuimus
2271 2992 2283 3008 ,
2307 2969 2358 3000 nifi
2372 2969 2415 3001 su-

1351 3020 1400 3049 per
1417 3009 1621 3049 ingratitudinis
1634 3010 1706 3041 vitio
1719 3009 1854 3041 vellemus
1868 3008 1965 3047 argui,
1986 3007 2051 3039 licet
2065 3017 2127 3038 non
2147 3007 2314 3047 voluntarii,
2332 3009 2415 3040 duxi-

1351 3059 1413 3080 mus
1427 3048 1656 3079 concedendurn.

1390 3087 1498 3119 Verum
1534 3087 1598 3126 quia
1612 3087 1688 3118 dicta
1700 3085 1795 3117 nostra
1809 3085 1980 3123 Matertera,
1996 3084 2048 3115 hiis
2061 3083 2175 3124 diebus,
2192 3084 2285 3115 subito
2299 3094 2352 3116 nos
2365 3096 2414 3117 ro·-

1383 3127 1427 3158 vit
1439 3109 1533 3165 quod,
1555 3135 1623 3156 curn
1642 3125 1730 3156 amici
1751 3124 1789 3155 sui
1808 3125 1835 3154 se
1855 3124 1977 3155 facturos
1994 3123 2043 3154 fibi
2056 3122 2208 3154 subfidiurn
2226 3123 2246 3143 ¹¹⁸
2261 3124 2413 3154 conceffis-

1361 3173 1426 3202 ent,
1441 3163 1527 3201 adjus
1542 3163 1700 3202 hujusmodi
1713 3163 1952 3202 perquirendum,
1970 3161 2004 3193 &
2019 3163 2075 3200 jam
2091 3169 2203 3192 certum
2221 3161 2298 3192 diem
2318 3162 2352 3193 ad
2367 3164 2412 3193 in-

1351 3203 1516 3243 cipiendum
1532 3201 1609 3232 idem
1625 3212 1661 3232 ne
1681 3204 1771 3232 otium
1793 3201 1946 3233 statuiffent
1957 3224 1967 3240 ,
1992 3200 2084 3231 eidem
2096 3199 2131 3230 ad
2152 3199 2210 3230 hoc
2222 3223 2232 3239 ,
2251 3201 2321 3231 sicut
2336 3202 2414 3241 prius

1350 3240 1593 3279 conceffemmm,
1607 3211 1753 3271 numidiam
1771 3241 1940 3279 faceremus3
1958 3240 1992 3271 &
2008 3237 2101 3278 quod,
2117 3237 2153 3269 ad
2166 3239 2245 3270 diem
2259 3239 2358 3278 illum,
2378 3240 2412 3270 il-

1350 3281 1397 3312 lud
1410 3279 1560 3310 subsidium
1575 3280 1763 3318 mitteremus,
1781 3279 1914 3310 revolutis
1925 3280 1955 3309 in
1969 3277 2058 3308 corde
2070 3276 2170 3308 nostro
2181 3276 2326 3316 praemiffis
2337 3287 2411 3309 σου-

1351 3318 1522 3356 ditionibus,
1540 3317 1574 3348 &
1590 3317 1771 3349 conceffione
1783 3318 1878 3349 nostra
1892 3317 2000 3355 secuta,
2019 3325 2080 3346 non
2094 3316 2238 3354 potuimus
2247 3315 2301 3346 den
2337 3325 2391 3348 are.

1388 3355 1573 3390 Attendentes
1589 3357 1594 3362 '
1618 3357 1669 3386 'tur
1682 3356 1842 3387 dilectionis
1857 3357 2060 3396 integritatem,
2079 3364 2143 3393 quae
2159 3355 2230 3384 inter
2244 3364 2296 3386 nos
2357 3363 2409 3384 vos

1350 3397 1454 3429 diutius
1466 3395 1573 3433 extitit;
1587 3365 1624 3426 'g
1640 3395 1761 3426 honores
1776 3396 1809 3426 &
1824 3395 1929 3426 servitia
1943 3418 1952 3432 ,
1979 3403 2049 3432 quos
2064 3393 2148 3423 nobis
2168 3392 2236 3424 fecit
2249 3392 2341 3425 vestra
2357 3391 2410 3422 Se-

1351 3436 1462 3466 renitas:
1481 3434 1514 3464 ὃς
1527 3433 1571 3463 san
1611 3434 1662 3463 inis
1674 3435 1808 3465 unitatem
1822 3457 1832 3472 ,
1859 3433 1913 3472 qufi
1935 3433 1987 3463 n'os
2005 3433 2038 3464 δε
2059 3431 2130 3462 filios
2144 3430 2250 3462 vestros
2263 3454 2273 3469 ,
2298 3429 2410 3475 nostros

1370 3482 1499 3504 ermanos
1511 3481 1568 3502 con
1579 3473 1749 3512 anguineoe,
1767 3471 1991 3503 indissolubiliter
2006 3477 2103 3501 natura
2120 3470 2289 3507 conjunxit,
2314 3475 2409 3498 intimi

1349 3483 1455 3544 {oloris
1470 3511 1618 3541 acerbitate
1637 3512 1782 3541 turbamur
1803 3510 1880 3550 quod
1895 3520 1947 3540 nos
1965 3509 2026 3539 illos
2040 3517 2154 3547 gravare
2167 3515 2319 3548 cogamur,
2336 3515 2409 3543 quos

2430 3134 2563 3164 *11.182;

1349 3551 1472 3583 valemus
1484 3549 1534 3579 sub
1549 3548 1647 3578 nostro
1663 3549 1784 3580 clamide
1798 3549 1952 3587 defensare,
1967 3557 1999 3578 ac
2014 3556 2067 3587 pro
2081 3555 2183 3577 eorum
2195 3551 2346 3585 augmento
2359 3553 2410 3575 ex-

1348 3598 1456 3630 ponere
1467 3597 1518 3618 nos
1531 3587 1565 3617 &
1580 3587 1681 3617 nostra.

1388 3627 1430 3657 Ea
1444 3633 1557 3664 propter
1572 3625 1775 3657 Excellentiam
1791 3625 1931 3663 vestram,
1945 3624 1982 3654 de
1997 3621 2054 3662 qua
2069 3621 2239 3653 confidimus
2244 3639 2257 3659 5
2269 3627 2407 3664 quantum

1348 3666 1493 3704 postumus
1511 3673 1674 3703 exoramus,
1692 3666 1819 3704 quatinus
1831 3687 1841 3703 ,
1867 3664 2055 3703 excogitantes
2071 3671 2136 3701 quae
2155 3661 2241 3703 mala,
2257 3667 2291 3688 ex
2311 3658 2406 3697 hujus-

1349 3703 1448 3741 modi,
1464 3712 1514 3742 per
1524 3703 1600 3733 viam
1614 3702 1985 3747 inceptame'rosecutione
2007 3700 2112 3745 negotii
2123 3721 2134 3737 ,
2157 3706 2406 3765 attglcgstceovmmu-

2131 3745 2188 3804 Ege
2199 3745 2229 3765 ru
2314 3745 2408 3774 entre,

1347 3742 1431 3772 nibus
1447 3740 1585 3779 utriusque
1597 3743 1697 3781 partis,
1715 3742 1748 3773 &
1763 3749 1818 3771 toti
1833 3741 1940 3779 populo
1963 3738 2113 3770 chriflaano

1823 3780 1828 3784 ”
2208 3773 2337 3812 mundo,
2354 3783 2407 3805 vos

1347 3790 1462 3810 necnon
1476 3780 1646 3810 attendentes
1660 3780 1737 3821 quod
1747 3789 1883 3810 omnium
1895 3779 2043 3809 Dominus
2088 3776 2120 3804 in
2170 3812 2175 3817 υ
2266 3812 2272 3817 ι
2367 3814 2372 3819 ⁸

1348 3819 1417 3856 pros
1431 3819 1526 3848 erirate
1541 3818 1715 3849 successuum
1731 3816 1903 3855 honor-sarim
1927 3817 1961 3848 &
1980 3798 2064 3855 quod’
2074 3811 2189 3850 potestis
2202 3820 2286 3851 parus
2297 3812 2410 3857 alterius

1348 3857 1396 3887 res
1423 3866 1470 3886 ere
1484 3856 1586 3886 virilius
1595 3880 1606 3895 ,
1621 3857 1782 3887 humilitatis
1797 3855 1922 3893 clipeum
1944 3854 2132 3894 assumentes,
2153 3850 2222 3894 ficut
2234 3858 2408 3897 potennores

1347 3896 1431 3925 decet
1445 3894 1557 3932 facere,
1575 3895 1732 3926 mensuram
1741 3917 1750 3931 ‚
1767 3894 1845 3931 super
1851 3894 1915 3932 jam
1927 3892 2006 3922 disto
2025 3896 2143 3928 negotio
2156 3911 2166 3927 ,
2190 3888 2286 3919 eidem
2298 3888 2410 3920 Dorm-

1347 3943 1394 3964 nae
1413 3933 1533 3977 Reginae
1549 3933 1677 3963 Franciae
1691 3932 1824 3963 offeratis.

1382 3970 1450 4003 Nos
1465 3981 1541 4002 enim
1553 3971 1672 4003 eandem
1685 3971 1861 4010 rogavimus,
1881 3965 1958 4007 quod
1967 3988 1977 4005 ,
1991 3965 2010 3996 fi
2025 3965 2185 3997 mensuram
2199 3964 2248 3996 fibi
2262 3965 2408 4033 eontinelat
