2570 4261
9 273 86 306 Ann.
98 269 141 301 D.

28 309 112 349 1'296.

7 352 75 379 Ἐάν.
98 357 122 374 1.

9 390 26 407 *
35 385 140 422 11708.

0 1529 76 1561 Ann.
93 1529 133 1561 D.

23 1569 105 1608 1296.

0 1611 51 1636 An.
70 1616 114 1642 24.

0 1650 29 1674 E.
50 1655 71 1673 1.

0 1688 55 1712 Rot.
69 1682 130 1710 Ale-

0 1731 68 1749 man.
83 1730 128 1756 24.

1 1764 33 1786 E.
49 1769 113 1787 hm.

4 1800 47 1825 16.

708 173 820 221 ET
901 177 1170 224 ACTA

156 267 239 298 fultus
259 265 294 300 &
316 266 476 299 Invafiones
493 265 630 298 violentas
643 288 654 304 ,
676 272 735 296 tam
747 275 798 304 per
811 268 930 305 terram,
950 269 1036 306 quam
1052 278 1102 306 per
1117 274 1211 307 mare,

155 306 333 337 commisistis
348 306 512 336 inhumane.

191 345 210 364 '¹‘
230 344 298 375 Nos
312 369 322 383 ,
338 344 425 374 dietas
445 343 560 382 Injurias
573 367 584 381 ,
608 349 788 380 contemptus
802 365 812 380 ,
835 345 997 382 gravamina
1017 345 1051 375 &
1071 344 1209 382 dampna,

154 393 269 414 necnon
290 384 324 413 δε
344 382 457 412 hostiles
480 382 709 419 impugnationes
723 381 837 411 ulterius
851 381 982 412 sustinere
996 392 1056 412 non
1071 383 1207 413 valentes:

156 421 226 452 Nec
244 422 274 451 in
288 420 420 451 fidelitate
435 421 468 451 δε
482 420 570 450 homa
593 420 621 449 io
635 418 747 456 vestro,
767 429 816 457 per
831 419 985 450 violentam
999 420 1210 458 oppressionem

155 460 278 491 vestram
300 459 414 493 extortis
428 480 439 496 ,
464 467 567 487 manen
587 468 607 487 0
624 466 630 485 ε
656 456 767 486 Contra
778 467 830 487 vos
846 459 948 496 etiam,
966 458 999 488 ad
1015 459 1208 489 defensionem

155 498 281 529 nostram
298 520 308 534 ,
332 497 366 527 &
388 495 485 532 Regni
505 495 611 532 nostri,
631 495 720 533 (cujus
740 494 894 525 defensioni
914 497 947 527 ὃς
961 498 1074 527 tuitioni
1092 497 1209 528 vinculo

150 536 310 576 Juramenti
321 534 413 564 sumus
432 533 548 570 astriffi)
565 543 617 563 nos
631 533 759 562 volentes
776 534 893 570 erigere.

193 573 560 603 FIDELITATEM
580 573 643 600 ET
662 571 958 610 HOMAGIUM,
976 573 1059 602 vobis
1074 573 1210 604 saetatar‘n

155 622 172 642 a
193 612 292 647 nobis,
306 611 393 648 quam
412 610 448 639 ab
462 610 518 639 aliis
534 609 757 647 quibuscumque
770 609 866 648 Regni
881 610 969 640 nostri
981 610 1103 649 Incolis,
1123 612 1211 642 fideli—

155 651 208 680 bus
223 648 342 686 nostris,
361 649 468 678 ratione
481 657 635 684 terrarum,
654 657 720 684 quas
734 648 762 675 in
780 647 885 686 Regno
906 648 1005 678 nostro
1018 649 1054 679 de
1069 651 1153 680 vobis
1167 659 1209 680 te-

153 689 258 718 nebant
270 710 280 725 ,
303 696 337 716 ac
354 687 437 717 etiam
455 687 560 716 ratione
581 686 702 724 menagii
721 685 766 715 seu
784 688 947 716 retentionis
960 687 1073 726 vestrae,
1091 689 1209 718 nomine

154 725 271 763 nostro,
287 735 320 755 ac
333 726 452 755 nomine
467 722 635 753 eorumdem
651 723 783 753 omnium
798 725 831 754 &
851 724 1022 763 singulorum
1037 749 1046 764 ,
1071 727 1125 755 VO
1135 729 1210 755 BIS

155 765 419 794 REDDIMUS
445 771 496 800 per
520 763 821 791 PRAESENTES.
1106 797 1107 800 Ἴ

193 802 358 840 Exemplata
378 801 411 830 &
431 799 558 830 ascultata
578 799 630 829 fuit
648 798 795 836 subscripta
813 800 889 830 litera
905 811 980 831 anno
997 802 1029 832 &
1047 801 1210 832 Indiffime

153 841 298 878 praedietis
312 863 321 877 ‚
346 839 442 876 quinta
465 838 510 867 die
533 845 651 868 exeunte
670 836 771 867 Mense
786 837 905 877 Aprilis,
925 839 998 876 apud
1013 839 1208 879 Berewicum,

152 879 233 917 super
247 876 409 914 Twedam,
427 877 455 905 in
470 876 574 906 Domo
590 875 718 906 Fratrum
734 875 771 906 de
785 875 936 915 Carmelo,

346 951 531 983 Praesentibus
545 952 758 984 Venerabilibus
774 952 848 982 Viris
860 953 1011 991 Dominis,

188 1023 321 1068 Johanne
336 1030 367 1059 de
383 1032 544 1066 Langeton,
555 1026 670 1066 praefati
685 1032 797 1058 Domini
815 1032 891 1067 Regis
907 1029 1091 1059 Cancellario:

189 1071 233 1098 W
233 1067 339 1097 illielmo
357 1068 388 1097 de
403 1065 569 1104 Hamelton,
588 1066 786 1096 Archidz'acono
802 1068 938 1098 Eborum:
958 1070 1000 1097 Et

189 1105 306 1136 Roberto
322 1107 392 1136 diffie
409 1105 509 1143 Galbi,
524 1107 643 1134 Notario
659 1105 782 1135 Publica:

187 1182 268 1221 Qu,
290 1181 347 1212 una
361 1190 494 1224 mecum,
512 1180 621 1211 easdem
636 1181 770 1224 literas-ad
783 1183 950 1225 autenticas,
971 1190 1034 1220 quae
1049 1181 1148 1220 sigillo
1162 1182 1208 1225 su-

149 1220 336 1290 Ξέἒιῑιιιῗὲξιιίιτῐιιῗῑί
358 1219 446 1259 Regis
468 1218 576 1250 Scotiae
594 1219 703 1251 fuerant
716 1221 837 1260 iigillatae
851 1244 861 1260 ,
886 1221 1032 1260 diligenter
1044 1221 1078 1251 &
1094 1220 1209 1250 fideliter

197 1387 247 1419 De
265 1381 407 1427 potestate
425 1380 500 1414 data
515 1378 880 1462 CardinaltZustunciis
890 1408 900 1424 ‚
930 1384 1022 1429 ficper
1038 1377 1163 1429 Treugis

584 1441 667 1462 conce
689 1442 723 1461 en
746 1441 779 1462 ts.

153 1508 288 1578 REX
314 1513 556 1554 Archiepiscopis,
575 1511 738 1551 EpiscopiS,
761 1515 794 1544 &
809 1516 917 1545 caeteris
931 1514 1053 1546 Praelatis
1063 1525 1068 1545 :
1079 1515 1210 1547 Edmun-

234 1553 274 1584 do
289 1553 404 1585 Comiti
421 1554 592 1585 Lancastriae
612 1553 686 1583 fratri
701 1551 816 1590 nostro,
835 1555 939 1583 tenenti
958 1553 1057 1584 locum
1080 1555 1210 1585 nostrum

149 1592 179 1621 in
203 1591 320 1624 Ducatu
341 1593 441 1624 nostro
460 1594 487 1624 A
510 1592 661 1623 uitanniae:
687 1589 852 1621 Comitibus
865 1616 874 1629 ,
890 1592 1117 1623 Vicecomitibus
1131 1616 1140 1631 ‚
1159 1593 1210 1624 Ba-

150 1630 285 1669 ronibus,
304 1630 462 1670 Militibus,
482 1603 669 1661 flomicellisi
689 1627 825 1667 Civibus,
843 1629 1048 1670 Burgensibus‚
1064 1631 1210 1662 Commu-

151 1670 284 1699 nitatibus
299 1679 305 1699 :
332 1669 506 1708 Senescallis,
525 1668 650 1706 Ballivis,
668 1667 814 1705 Notariis,
832 1668 1030 1706 servientibus,
1050 1668 1209 1707 Capitaneis

152 1706 394 1746 Matinariorum,
414 1709 447 1739 ὃς
460 1709 522 1745 ipiis
538 1706 711 1743 Marinariis,
730 1704 905 1736 Custodibus
924 1707 1078 1744 Portuum,
1097 1709 1130 1738 &
1144 1718 1209 1738 orn-

151 1746 233 1776 nibus
247 1746 304 1776 aliis
315 1747 414 1777 amicis
428 1746 462 1777 &
477 1745 604 1775 fidelibus
617 1742 736 1782 nostris,
754 1745 783 1773 in
795 1744 898 1775 eodem
914 1744 1028 1776 Ducatu
1050 1745 1149 1777 nostro
1167 1746 1208 1777 Α-

149 1785 317 1822 quitanniae,
334 1785 367 1815 &
381 1793 454 1814 terra
465 1782 559 1814 nostra
575 1782 719 1822 Agenesii,
738 1782 772 1812 &
785 1783 919 1813 omnibus
943 1784 1001 1814 aliis
1016 1785 1093 1815 terris
1106 1785 1208 1816 nostris

149 1821 313 1861 Vaseoniae,
332 1824 366 1854 ὃς
380 1822 464 1860 alibi,
481 1829 540 1852 tam
552 1831 600 1859 per
613 1829 732 1858 terram,
749 1821 833 1858 quarn
850 1831 898 1858 per
911 1831 988 1853 mare
1004 1847 1013 1860 ,
1031 1823 1208 1862 ubicumque

147 1860 308 1929 constsitptis
325 1885 334 1899 ,
353 1859 524 1892 Valitoribus
542 1861 626 1890 etiam
638 1882 649 1898 ,
666 1860 701 1890 &
714 1855 916 1891 confoederatis
930 1860 1048 1899 nostris,
1068 1861 1102 1891 ad
1120 1872 1207 1901 quOS,

149 1900 210 1931 &ov
239 1909 254 1929 a
266 1907 352 1930 utem.
1065 1933 1066 1936 Ἴ

185 1937 285 1976 Cum,
302 1938 342 1968 ob
361 1937 548 1969 reverentiam
567 1935 679 1967 Sanitae
699 1936 845 1967 Roman-ze
866 1936 1002 1967 Ecclesiae
1015 1938 1048 1968 &
1064 1938 1206 1969 honorem

146 1976 310 2007 venerabilis
331 1975 420 2006 Patris
432 1976 555 2006 Domini
567 1974 597 2005 B.
618 1973 750 2012 Episcopi
770 1974 948 2014 Albanensis,
967 1976 1047 2014 ipsius
1063 1977 1207 2008 Romanae

148 2013 285 2045 Ecclefiae
299 2013 451 2045 Cardinalis
482 2014 516 2044 ad
529 2013 653 2043 nost-ram
669 2013 841 2052 praesentiam
856 2015 993 2044 venientis
1008 2023 1041 2044 ex
1055 2023 1131 2052 parte
1140 2015 1206 2046 Do-

147 2054 220 2083 mini
239 2076 313 2083 .....
331 2053 435 2083 summi
457 2038 605 2083 l’ontificis
619 2074 628 2090 ,
647 2061 700 2089 pro
717 2051 836 2082 sedanda
849 2051 1017 2083 diffenfione
1032 2053 1077 2083 seu
1090 2054 1206 2093 guerra,

146 2091 219 2122 inter
234 2091 371 2122 illustrem
384 2091 549 2132 Principem
564 2090 689 2120 Franciae
702 2089 816 2129 Regem
833 2091 868 2122 &
882 2100 934 2121 nos
946 2090 1067 2129 exorta,

183 2128 287 2160 Eidem
309 2129 451 2160 Cardinali
465 2153 475 2168 ,
503 2131 536 2160 &
557 2127 708 2159 venerabili
725 2128 815 2166 Patri,
834 2128 968 2159 Domino
983 2129 1011 2160 S.
1031 2128 1088 2160 Dei
1103 2130 1206 2170 gratia,

146 2166 290 2206 Episcopo
312 2167 479 2198 Penestrino
495 2191 504 2207 ,
531 2166 660 2236 Collegi}
680 2167 730 2197 suo
751 2167 780 2196 in
802 2167 961 2205 hujusmodi
981 2170 1100 2206 negotio
1115 2193 1125 2207 ,
1156 2179 1206 2207 per

146 2205 258 2236 diiium
280 2206 448 2237 Dominum
470 2205 614 2237 summum
651 2204 798 2236 ontificem
813 2205 962 2245 deputato,
980 2207 1203 2238 commiserimus

142 2253 194 2283 per
208 2244 316 2275 nostras
329 2245 432 2276 litteras
447 2244 591 2283 speciales,

183 2283 276 2322 Qiod
288 2307 297 2321 ,
323 2283 343 2314 fi
364 2283 493 2321 praefarus
519 2283 584 2313 Rex
598 2282 726 2314 Franciae
739 2282 808 2314 velit
822 2282 998 2322 concedere,
1016 2285 1050 2315 ὃς
1065 2285 1205 2317 concedat:

144 2321 232 2360 usque
246 2321 279 2352 ad
293 2321 408 2352 Festum
423 2321 457 2352 N
459 2323 585 2353 ativitatis
598 2320 753 2352 dominicae
769 2346 779 2359 ,
797 2323 930 2360 proximo
945 2331 1113 2361 venturum,
1131 2325 1204 2355 inter

145 2368 243 2399 gentes
283 2360 394 2391 raediffi
415 2360 504 2398 Regis
526 2361 560 2391 ὃς
580 2359 705 2398 nostras,
723 2370 756 2390 ac
772 2362 855 2391 etiam
869 2362 938 2391 inter
955 2361 1037 2399 ipsius
1053 2362 1204 2400 quoscum-

142 2408 201 2436 que
214 2398 242 2428 V
269 2400 353 2429 itores
367 2399 400 2429 &
415 2399 541 2436 nostrOS,
559 2409 575 2428 a
588 2398 812 2437 quibuscumque
826 2399 931 2430 bellicis
945 2400 1071 2438 actibus,
1089 2401 1122 2431 ὃς
1137 2402 1203 2431 hos-

143 2436 237 2467 tilibus
253 2437 459 2476 invasionibus,
477 2438 544 2467 hinc
559 2436 626 2467 inde
641 2437 760 2467 cessetur
775 2439 914 2475 omnino,

181 2475 272 2505 Iidem
293 2475 454 2506 Cardinales
466 2500 475 2513 ,
499 2477 565 2507 vice
585 2475 619 2506 «Sc
641 2475 807 2505 auetoritate
827 2475 923 2506 nostra
939 2500 948 2515 ,
986 2484 1062 2507 entes
1077 2476 1201 2516 nostras,

143 2513 319 2552 ubicumque
340 2522 398 2544 tam
419 2524 468 2552 per
491 2522 611 2551 terram,
630 2514 716 2551 quam
732 2523 782 2551 per
797 2524 890 2553 mare,
908 2515 937 2543 in
979 2515 1071 2554 nglifi,
1091 2515 1197 2546 Vasco-

143 2551 191 2582 nia
205 2575 215 2591 ‚
243 2552 277 2582 &
298 2554 328 2582 in
349 2553 486 2590 potestate
507 2551 624 2590 nostra,
650 2552 715 2581 alibi
737 2551 900 2583 constitutas
916 2576 925 2590 ,
952 2554 1056 2583 cessare
1071 2553 1171 2584 faciant
1186 2555 1201 2584 a

143 2590 310 2628 praemiffis;
334 2599 418 2628 prout
439 2592 468 2620 in
483 2589 579 2621 litteris
591 2589 693 2620 nostris
706 2591 877 2629 patentibus,
894 2590 960 2621 inde
971 2592 1125 2630 confectis,
1163 2592 1201 2622 le-

144 2629 208 2658 nius
229 2630 391 2660 continetur
405 2639 411 2658 z
437 2629 603 2666 Obligantes
619 2639 672 2658 nos
686 2651 696 2667 ‚
715 2629 765 2658 sub
779 2630 860 2660 certis
872 2631 1101 2669 conditionibus,
1118 2603 1161 2661 ad³
1168 2641 1199 2661 ea

142 2666 291 2707 servanda,
311 2677 374 2705 quae
388 2668 418 2696 in
432 2667 493 2705 ipsis
508 2667 602 2697 litteris
614 2668 825 2706 exprimuntur,
1167 2672 1169 2674 ·

180 2705 270 2736 Vobis
292 2705 418 2735 fidelibus
431 2707 464 2736 &
481 2705 593 2735 subditis
606 2705 706 2735 nostris
719 2705 901 2744 mandamus,
920 2705 1039 2738 firmiter
1051 2707 1199 2747 injungen-

140 2741 198 2781 do,
215 2753 268 2774 vos
282 2743 493 2775 confoederatos
509 2744 542 2774 ὅ(
555 2743 622 2773 alios
636 2745 742 2774 amicos
755 2743 866 2774 nostros
890 2753 1016 2783 rogantes
1025 2770 1034 2783 ,
1053 2747 1197 2784 quatinus,

141 2781 212 2813 sicut
235 2791 305 2821 nos,
321 2782 464 2812 honorem
485 2783 519 2813 ὃς
535 2782 726 2813 commodum
745 2781 875 2812 nostrum
888 2782 1015 2823 diligitis,
1036 2786 1199 2815 memoratis

141 2818 335 2851 Cardinalibus
349 2821 463 2858 pareatis
477 2821 511 2851 &
525 2820 673 2850 intendatis
687 2822 715 2850 in
729 2821 881 2858 omnibus,
900 2829 1031 2860 tanquam
1046 2823 1145 2861 nobis,
1154 2823 1198 2853 su-

141 2867 192 2895 per
211 2858 262 2888 hiis
276 2882 286 2898 ,
314 2869 378 2897 quae
400 2868 434 2889 ex
447 2866 523 2896 parte
539 2857 634 2889 nostra
649 2859 731 2890 vobis
744 2859 953 2898 demandanda,
971 2860 1017 2890 seu
1030 2861 1198 2901 injungenda

140 2896 287 2964 lduxerint,
305 2898 335 2927 in
348 2896 511 2936 praemiffis·‚
515 2897 592 2936 juxta
605 2897 804 2936 praediCtarum
818 2897 977 2930 nostrarum
992 2900 1197 2931 continentiam

161 2943 301 2966 tterarum.

176 3009 246 3043 Dat.
261 3011 336 3050 apud
350 3011 486 3052 Berewyk
499 3013 579 3051 super
593 3013 738 3046 Twedam
756 3023 805 3054 24.
823 3014 871 3045 die
884 3011 994 3053 Aprilis.

140 3132 169 3160 ³*
194 3135 244 3167 De
269 3135 394 3181 Tieugis
416 3134 508 3180 astque
530 3133 574 3166 ctd
593 3134 710 3178 Festum
735 3137 925 3169 Nativitatis
944 3139 1105 3171 Dominicae
1122 3139 1196 3183 Regi

498 3184 628 3216 Franciae
641 3183 838 3219 concedendis.

209 3267 276 3299 EX
301 3267 453 3307 universis,
471 3267 607 3306 presentes
621 3268 722 3299 litteras
736 3270 915 3309 inspedfflris,
933 3271 1056 3303 salutem.

240 3306 363 3337 Veniens
377 3306 411 3336 ad
424 3307 551 3337 nostram
565 3306 736 3344 praesentiam
747 3308 894 3339 Dominus
912 3309 943 3339 B.
959 3310 1018 3340 Dei
1034 3309 1136 3350 gratia,
1152 3308 1193 3340 E-

89 3332 102 3374 ..
138 3337 267 3382 piscopus
290 3344 453 3375 Albaneniis
465 3368 475 3384 ,
502 3345 612 3376 Sanctae
631 3344 772 3377 Romanae
792 3346 928 3378 Ecclefiae
949 3347 1121 3386 cardinalis,
1139 3358 1191 3386 pro

137 3381 257 3413 sedanda
276 3382 464 3421 dissensione,
489 3383 535 3414 seu
557 3382 674 3421 guerra,
692 3384 764 3414 inter
779 3385 915 3417 illustrem
930 3386 1093 3425 Principem
1107 3387 1192 3417 Fran-

107 3440 118 3445 -
140 3421 193 3449 ciae
213 3420 326 3460 Regem
346 3421 379 3451 &
401 3431 452 3451 nos
473 3421 587 3459 exorta,
612 3431 662 3459 per
677 3421 889 3454 Sanetiffimum
900 3424 1012 3456 Patrem
1026 3425 1191 3456 Dominum

113 3482 120 3490 .
137 3457 336 3495 Bonifacium,
354 3458 451 3489 divina
462 3458 654 3497 providentia,
670 3459 814 3491 summum
826 3461 997 3494 Pontificem
1008 3463 1175 3502 destinatus,

176 3495 221 3527 Ex
234 3505 311 3535 parte
323 3496 404 3534 ipfius
419 3496 521 3527 summi
537 3497 680 3535 PraesuIiS,
698 3499 732 3529 &
744 3498 807 3537 sua,
823 3500 897 3538 apud
908 3499 960 3532 nos
970 3527 979 3541 ‚
996 3512 1130 3540 tanquam
1143 3512 1191 3541 pa-

138 3535 179 3566 cis
202 3536 236 3566 &
256 3535 422 3566 concordiae
441 3535 547 3566 zelator
568 3535 690 3566 fervidus
711 3538 746 3568 &
760 3536 862 3576 fidelis,
880 3539 1011 3572 instanter
1027 3542 1060 3572 &
1073 3541 1190 3571 sollicite

137 3573 261 3612 institit,
283 3582 315 3605 ut
335 3573 529 3604 reformationi
548 3575 623 3614 pacis
641 3573 771 3605 nostrum
785 3576 921 3608 vellemus
935 3580 1060 3610 animum
1074 3579 1191 3610 inclina-

135 3621 175 3642 re.

174 3649 232 3689 Et,
251 3651 332 3689 quia,
348 3657 380 3681 ut
390 3650 473 3689 dixit,
491 3659 651 3690 treugarum
665 3651 746 3682 initio
757 3653 832 3690 pacis
853 3653 1012 3691 hujusmodi
1026 3655 1118 3694 poffet
1134 3656 1191 3687 effe

137 3689 293 3726 plurimum
314 3688 459 3720 inductiva
474 3712 484 3727 ,
508 3689 670 3727 supplicavit
689 3698 719 3720 ut
732 3714 742 3727 ,
760 3690 839 3728 super
854 3695 958 3730 treugis
972 3695 1118 3732 ineundis,
1135 3705 1190 3725 no-

138 3726 230 3758 strum
251 3727 380 3765 praestare
400 3727 536 3758 vellemus
556 3728 715 3765 assensum,
732 3727 861 3760 instantia
872 3731 1072 3763 nichilominus
1086 3733 1190 3773 magna

138 3773 237 3802 petens
249 3774 281 3796 ut
292 3765 450 3796 consentire
462 3765 611 3804 vellemus,
631 3765 709 3804 quod
723 3788 732 3804 ‚
755 3765 850 3798 donec
865 3769 962 3806 plenus
976 3772 1106 3801 tractatus
1121 3782 1189 3802 cum

141 3802 213 3841 hiis,
231 3813 303 3842 quos
324 3814 366 3834 res
386 3805 473 3844 tangit
484 3827 494 3841 ,
519 3804 599 3841 super
616 3804 698 3834 dietis
713 3804 815 3844 treugis
829 3807 954 3838 ineundis
969 3809 1060 3846 poffet
1075 3810 1188 3848 haberi,

141 3849 200 3871 tam
212 3850 263 3878 per
277 3851 379 3872 terram
390 3865 400 3880 ,
425 3842 511 3880 quam
535 3852 584 3880 per
598 3852 675 3873 mare
688 3866 698 3880 ,
713 3842 780 3873 hinc
795 3843 878 3882 inde,
892 3846 962 3876 inter
976 3856 1071 3886 gentes
1083 3848 1188 3886 praefati

141 3878 268 3910 Francia»,
278 3880 370 3918 Regis
385 3882 418 3911 ὃς
434 3880 557 3919 nostras,
574 3891 607 3911 ac
621 3882 692 3911 inter
705 3881 786 3918 ipsius
794 3881 919 3913 Franciae
932 3884 1021 3922 Regis
1035 3887 1188 3924 quoscum-

139 3927 199 3955 que
212 3918 340 3949 valitores
353 3921 387 3950 δε
400 3918 528 3957 nostrOS,
545 3920 666 3949 omnino
678 3920 693 3948 a
708 3919 930 3959 quibuscumque
943 3923 1117 3962 proceffibus
1130 3925 1190 3955 bel-

139 3955 202 3985 licis
237 3956 271 3986 &
285 3957 473 3988 invaiionibus
485 3957 632 3988 hostilibus
645 3957 801 3988 ceffaretur.

178 3977 248 4023 N’os
269 4003 362 4025 autem
377 4020 386 4034 ,
411 3996 517 4027 devote
537 4006 631 4034 parere
652 3995 796 4026 Roman-z
814 3995 949 4027 Ecclesiae
968 4001 1050 4030 matri
1067 4000 1188 4040 nostrae,

141 4040 257 4062 necnon
270 4032 305 4062 &
317 4033 428 4064 dietum
443 4034 621 4066 Cardinalem
634 4034 774 4065 honorare
785 4035 927 4075 volentes,
940 4037 982 4067 ob
995 4038 1077 4076 ipsius
1085 4039 1188 4071 Eccle-

134 4069 181 4102 siae
203 4069 345 4103 Romanae
360 4074 558 4114 reverentiam,
575 4074 610 4108 &
624 4071 776 4107 Cardinah's
790 4073 916 4115 ejusdem
929 4073 1090 4117 honorem,
1108 4079 1188 4117 ipsius

1251 145 1718 227 ΡῡΒιῙεΑ.
2236 195 2314 241 157

1250 266 1430 307 petitionibus
1446 295 1455 307 ,
1480 280 1616 308 quantum
1637 271 1781 309 possumus
1795 296 1804 309 ,
1829 274 1994 310 annuentes,
2013 273 2041 303 iii
2059 271 2139 311 ipsius
2153 270 2307 303 Cardinalis
2324 263 2453 299 Ann-D-

1250 307 1391 343 przesentifi.
1410 309 1596 339 concessimus
1612 335 1620 348 ,

1648 311 1679 340 ἃ
1703 310 1887 341 concedimus
1912 312 1949 354 (1³1¹
1959 312 2085 348 praefatus
2099 310 2165 339 Rex
2181 311 2306 341 Franciae
2346 310 2431 345 129⁶-

1249 343 1326 373 idem
1348 346 1415 375 velit
1435 347 1613 384 concedere,
1638 349 1670 378 ἃ
1690 348 1838 383 concedar)
1864 358 1894 379 ut
1907 374 1916 386 ,
1938 359 2015 393 Juxta
2038 349 2118 387 ipsius
2137 350 2306 392 petitionem
2325 343 2391 373 Edv.
2415 354 2439 371 ¹⁴

1250 381 1420 421 cardinalis,
1437 384 1522 422 usque
1535 385 1568 414 ad
1584 385 1698 416 Festum
1713 385 1878 417 Natu-itatis
1890 387 2045 418 dominicae
2060 409 2068 424 ,
2086 395 2218 425 proximo
2231 398 2302 417 ven-

1249 428 1344 450 turum
1359 445 1369 459 ,
1393 430 1449 451 tam
1472 433 1521 459 per
1543 431 1643 453 terram
1656 447 1664 461 ,
1690 425 1774 461 quirin
1794 435 1842 462 per
1864 435 1940 455 mare
1954 450 1962 463 ,
1981 427 2051 455 inter
2066 432 2161 463 gentes
2176 426 2304 462 praedicti

1250 458 1338 495 Regis
1361 460 1393 489 &
1415 460 1521 490 nostras
1534 484 1543 498 ,
1566 472 1597 491 ac
1620 463 1691 491 inter
1714 463 1792 499 ipsius
1813 463 1900 502 Regis
1917 464 2110 502 quoscumque
2129 463 2256 494 valitores
2270 464 2304 494 &

1250 497 1362 527 nostros
1373 522 1382 535 ,
1411 498 1426 527 a
1445 500 1666 537 quibuscumque
1680 500 1785 530 bellicis
1799 502 1904 532 afflbus
1913 525 1922 540 ,
1939 504 1972 533 ὃς
1990 501 2136 532 hostilibus
2151 502 2303 533 invasioni:-

1251 535 1319 571 bus,
1337 535 1403 566 hinc
1420 537 1501 574 inde,
1520 538 1639 568 ceffetm·
1653 539 1783 567 omnino.
2280 574 2283 577 Γ

1289 573 1390 603 Eidem
1411 574 1552 605 Cardinali
1567 599 1576 614 ,
1600 585 1632 605 ac
1648 575 1807 605 Venerabili
1820 576 1911 614 Patri,
1928 577 2062 608 Domino
2078 579 2106 609 S.
2126 578 2185 608 Dei
2201 578 2304 617 gratia,

1248 611 1392 649 Episcopo
1414 612 1580 643 Penestrino
1595 638 1604 651 ,
1629 613 1761 650 Collega:
1782 614 1830 644 suo
1847 639 1856 652 ,
1880 616 1908 643 in
1929 616 2088 653 hujulinodi
2102 618 2235 655 negotio,
2254 620 2304 657 pei·

1251 650 1358 680 dietum
1386 650 1528 681 summum
1556 651 1726 681 Pontificem
1751 652 1885 689 deputato
1900 677 1908 689 ,
1935 655 2098 684 auctoritate
2121 655 2302 692 praesentium

1252 689 1479 727 committentes,
1498 690 1593 728 quod,
1613 690 1631 719 si
1646 690 1735 720 diti-us
1750 690 1814 719 Rex
1830 690 1953 720 Francia:
1968 692 2033 721 velit
2048 693 2124 722 idem
2140 693 2249 731 facere,
2268 695 2302 724 δε

1252 727 1358 756 effectu
1377 729 1520 765 compleat
1537 728 1721 768 prosequente
1734 751 1743 765 ,
1760 728 1846 759 iidem
1860 728 2038 766 Cardinales,
2058 731 2121 760 vice
2133 732 2166 761 ὅτ
2179 732 2303 762 austeri*

1249 772 1305 794 tate
1318 764 1430 802 nostrii,
1448 775 1542 804 gentes
1555 766 1661 796 nostras
1677 767 1864 805 ubicumque,
1884 776 1940 797 tam
1957 778 2005 804 per
2022 776 2141 804 terram,
2160 770 2246 805 quam
2253 775 2304 807 per

1254 812 1345 841 mare,
1364 804 1390 832 in
1402 803 1520 847 Angli-si,
1531 804 1668 835 Vascouia
1678 829 1685 840 ,
1705 806 1736 835 ἃ
1752 806 1779 834 in
1795 804 1930 842 potestate
1945 805 2041 835 nostra
2055 806 2117 835 alibi
2131 807 2305 846 constitutaS,

1252 842 1374 871 omnino
1396 843 1498 873 cellite
1518 843 1620 873 faciant
1639 843 1655 871 a
1675 843 1840 880 praeniiffis,
1866 853 1898 873 ac
1920 844 2079 873 mandantes
2100 843 2303 875 nichilominus

1250 880 1382 909 omnibus
1402 882 1530 917 gentibus
1549 881 1649 911 nostris
1662 905 1672 917 ,
1698 890 1728 910 ut
1749 882 1776 910 in
1798 881 1940 918 praemiffis
1961 882 2077 919 praeiatis
2094 880 2306 921 Cardinalibus3

1253 917 1323 948 ficut
1338 918 1437 956 nobis,
1456 928 1567 956 pareant
1581 920 1614 950 &
1631 919 1781 948 intendant.
2290 955 2292 957 μ

1287 954 1483 986 Promittimus
1503 959 1588 987 etiam
1602 981 1611 993 ,
1638 958 1671 987 ὃς
1691 967 1742 986 nos
1758 978 1767 994 ,
1794 958 1827 987 &
1841 958 1914 988 bona
1932 958 2044 997 nostra,
2062 959 2228 990 audioritate
2241 968 2304 996 pre-

1251 993 1387 1032 sentium,
1405 994 1577 1033 obligamus,
1598 995 1617 1024 fi
1630 995 1721 1024 dicius
1737 995 1801 1024 Rex
1818 995 1942 1026 Francia:
1956 997 2031 1027 idem
2049 998 2082 1027 &
2095 997 2198 1027 eodem
2214 998 2306 1028 modo

1251 1032 1365 1070 fecerit,
1385 1033 1463 1070 quod
1487 1034 1519 1070 si,
1540 1032 1689 1070 postquam
1711 1034 1727 1062 a
1748 1034 1866 1070 praefatis
1889 1033 2080 1065 Cardina'iibus
2101 1036 2230 1072 gentibus
2249 1046 2304 1066 no-

1252 1070 1312 1100 stris
1326 1070 1489 1100 mandatum
1506 1071 1604 1107 fuerit,
1623 1070 1656 1100 &
1671 1072 1833 1101 mandatum
1856 1072 2012 1109 hujusmodi
2030 1076 2186 1110 pei-venerit
2201 1075 2234 1104 ad
2247 1084 2304 1104 eas-

1249 1108 1333 1147 dem,
1352 1117 1381 1139 ut
1395 1110 1431 1138 ab
1447 1108 1591 1139 hostilibus
1605 1109 1822 1147 aggressionibus
1835 1109 2004 1147 abstineant,
2024 1120 2053 1140 ut
2066 1112 2187 1149 superius
2201 1113 2241 1142 est
2256 1120 2304 1142 ex-²

1249 1148 1391 1186 pressum,
1408 1147 1498 1185 aliqua
1513 1147 1650 1185 dampna,
1669 1157 1717 1184 per
1732 1157 1825 1184 mare,
1844 1148 1900 1178 sive
1912 1158 1960 1185 per
1984 1158 2099 1185 terram,
2118 1150 2246 1187 gentibus
2261 1151 2306 1180 di·-

1251 1186 1290 1215 <sti
1308 1186 1393 1224 Regis
1410 1185 1535 1215 Franciae
1547 1210 1556 1222 ,
1582 1185 1627 1216 vel
1642 1186 1802 1216 valitoribus
1824 1186 1890 1224 suis,
1909 1195 1958 1226 per
1978 1196 2089 1223 gentes,
2107 1189 2152 1217 seu
2168 1187 2306 1218 Valitores

1250 1223 1380 1261 nostros,
1398 1225 1427 1253 in
1444 1224 1578 1262 personis,
1596 1223 1642 1254 vel
1657 1225 1755 1261 rebus,
1774 1224 1830 1253 dari
1844 1225 1889 1254 seu
1902 1225 1998 1254 inferri
2015 1226 2183 1263 contigerit,
2201 1235 2254 1256 nos
2269 1227 2304 1256 de

1250 1262 1377 1330 datInpnis
1392 1262 1548 1300 hujusmodi
1561 1262 1673 1300 plenam
1687 1262 1836 1293 emendam
1850 1262 1908 1292 fieri
1920 1263 2063 1293 faciemus.

1303 1311 1322 1330 n
1334 1301 1426 1339 cujus,
1446 1302 1506 1331 δῖε.

1289 1372 1356 1407 Dat.
1375 1377 1448 1415 apud
1462 1375 1595 1416 Berewyk
1611 1370 1689 1414 super
1703 1375 1845 1408 Twedam
1862 1386 1910 1415 24.
1927 1376 1971 1407 die
1987 1364 2096 1415 Aprilis.

1250 1505 1298 1535 De
1312 1502 1437 1550 Trengis
1452 1506 1528 1535 inter
1546 1506 1634 1549 Reges
1654 1504 1767 1549 Angliae
1782 1507 1818 1541 ὢν
1838 1506 2038 1535 Romanorum
2066 1516 2103 1535 ex
2116 1515 2205 1549 μιν-[ι’
2221 1516 2282 1537 una
2292 1532 2302 1548 ‚

1437 1553 1474 1589 (ᾗ
1496 1554 1603 1596 Regem
1619 1552 1749 1583 Franciae
1771 1562 1809 1584 ex
1829 1553 1927 1583 altem
1942 1551 2118 1584 frustrandis.

1311 1629 1456 1666 *Niversis
1472 1633 1580 1665 Christi
1595 1634 1720 1666 fidelibus
1732 1635 1767 1666 ad
1783 1646 1853 1674 quos
1868 1661 1877 1675 ,
1903 1638 1963 1668 ὅτε.
1982 1635 2149 1675 Edwardus‚
2170 1633 2228 1668 Dei
2243 1647 2305 1678 gra·
2319 1624 2396 1656 Asm-
2410 1625 2442 1656 D

1335 1672 1373 1703 tia
1381 1697 1390 1712 ,
1410 1675 1469 1705 &Q
1490 1673 1613 1703 salutem.

2342 1667 2427 1701 1296.

1286 1710 1415 1742 Noverit
1435 1712 1592 1742 universitas
1611 1711 1720 1750 vestra,
1739 1712 1817 1750 quod
1833 1723 1900 1751 nos,
1918 1713 1958 1743 ob
1974 1715 2158 1744 reverentiam
2171 1714 2248 1745 Sedis
2263 1715 2304 1745 A·
2318 1706 2371 1732 Aa,
2386 1713 2431 1739 ²4·

1248 1748 1412 1787 postolicae,
1432 1751 1466 1780 ὅ(
1479 1750 1513 1780 ad
1527 1750 1675 1780 instantem
1691 1751 1898 1788 requiiitionem
1918 1753 2079 1781 venerabilis
2099 1752 2186 1782 Patris
2198 1753 2305 1783 Domi—

1248 1787 1333 1856 {iringi
1347 1786 1508 1857 ggbffienfis
1523 1788 1674 1827 Episcopi,
1694 1788 1806 1820 Sanctae
1822 1789 1963 1820 Romanae
1983 1789 2117 1821 Ecclesiae
2133 1790 2304 1830 Cardinalis,

1443 1851 1452 1866 7

2317 1784 2373 1806 Rot.
2394 1779 2450 1806 Ks—

2423 1802 2429 1815 A

2318 1827 2370 1844 cmx.
2383 1827 2428 1852 24.

2322 1860 2339 1872 ’Τ

1286 1864 1397 1895 Damus
1418 1867 1451 1897 δί
1468 1865 1653 1896 concedimus
1676 1876 1726 1903 per
1742 1865 1879 1904 presentes
1892 1865 1998 1897 di¹et⁰tis
2014 1867 2047 1897 ὃς
2061 1866 2188 1898 fidelibus
2201 1867 2302 1899 nostris
2318 1869 2347 1881 ¹“·
2371 1865 2392 1882 ¹·
2408 1864 2447 1884 'n‘

1249 1902 1284 1933 A.
1305 1902 1416 1933 Comiti
1436 1903 1579 1934 Sabaudiae
1594 1929 1603 1942 ,
1628 1905 1836 1943 consanguineo
1855 1904 1954 1934 nostro
1970 1904 2130 1944 karissimo,
2150 1907 2253 1937 Ottoni
2266 1907 2302 1937 de

1249 1941 1445 1972 Grandissono
1461 1966 1469 1981 ,
1492 1944 1525 1974 &¹
1546 1942 1677 1973 Waltero
1698 1942 1733 1972 de
1755 1943 1905 1980 Langeton
1920 1943 2105 1974 Thesaurario
2121 1945 2238 1982 nostro,
2259 1946 2303 1975 seu

1247 1978 1358 2011 duobus
1379 1980 1503 2018 ipsorum
1518 2006 1527 2019 ,
1544 1980 1655 2011 absente
1669 1982 1767 2019 tertio,
1783 1980 1893 2019 plenam
1908 1981 1941 2012 δεῖ
1956 1982 2072 2012 liberam
2086 1983 2256 2020 potestatem
2271 1994 2304 2014 ac

1249 2019 1366 2056 speciale
1380 2019 1558 2057 mandatum,

1286 2057 1305 2075 *³
1323 2056 1478 2088 Traeiandi
1493 2080 1502 2095 ,
1529 2058 1647 2088 nomine
1666 2057 1764 2088 nostro
1779 2080 1788 2094 ,
1809 2057 1844 2088 de
1860 2059 1983 2096 Treugis
1999 2061 2070 2089 inter
2086 2059 2200 2099 Regem
2217 2060 2304 2091 Fran-

1247 2095 1299 2125 ciae
1315 2095 1348 2126 &
1364 2096 1502 2127 Valitores
1514 2096 1575 2126 suos
1588 2105 1621 2126 ex
1636 2105 1712 2133 parte
1726 2096 1797 2134 unfit,
1808 2098 1841 2127 ὃς
1856 2096 1969 2137 Regem
1986 2097 2190 2128 Romanorum
2206 2099 2303 2130 &Va-

1248 2133 1343 2163 litores
1358 2134 1435 2172 suQs,
1450 2135 1486 2166 δε
1499 2145 1552 2164 nos
1565 2135 1598 2165 &
1613 2135 1742 2165 valitores
1754 2135 1866 2166 nostros
1876 2145 1909 2166 ex
1923 2135 2006 2166 altera
2024 2145 2100 2174 parte
2114 2138 2192 2174 super
2206 2137 2304 2168 Guer-

1250 2172 1302 2210 ris,
1322 2172 1536 2203 diffentionibus
1556 2174 1589 2204 δε
1613 2172 1756 2203 discordiis
1780 2174 2004 2212 quibuscumque
2017 2199 2025 2212 ,
2054 2176 2124 2204 inter
2140 2175 2304 2207 Dominum

1248 2209 1364 2248 Regem
1383 2212 1509 2241 Franciae
1523 2211 1556 2242 δε
1572 2211 1702 2242 valitores
1716 2211 1793 2249 suOS,
1812 2213 1845 2243 δε
1861 2212 1952 2250 ipsum
1966 2212 2080 2251 Regem
2090 2213 2306 2253 Romanorum,

1248 2249 1283 2279 δε
1304 2259 1356 2279 nos
1375 2260 1408 2281 ac
1433 2249 1572 2280 Valitores
1587 2249 1696 2280 nostros
1712 2251 1829 2288 exortis,
1849 2251 1883 2281 δε
1896 2252 1979 2281 eriam
1994 2251 2103 2281 easdem
2118 2252 2250 2289 Treugas
2262 2254 2305 2282 in—

1246 2287 1331 2318 eundi
1347 2288 1380 2325 &c
1399 2287 1548 2326 firmandi,
1567 2298 1599 2318 ac
1616 2289 1713 2318 omnia
1725 2288 1773 2318 alia
1788 2290 1821 2320 ὃς
1836 2288 1939 2329 singula
1953 2289 2089 2328 faciendi,
2107 2300 2172 2328 quae
2186 2291 2220 2321 ad
2234 2301 2306 2329 prae-

1246 2326 1395 2357 mifforum
1411 2327 1619 2364 expeditionem
1632 2327 1735 2357 fuerint
1752 2336 1909 2364 oportuna:

1285 2364 1393 2395 Ratum
1410 2365 1530 2395 habituri
1552 2366 1585 2396 δε
1605 2364 1721 2395 firmum
1742 2366 1877 2403 quicquid
1901 2376 1950 2406 per
1972 2366 2123 2404 praedfflos
2135 2367 2305 2408 Comitem;

1244 2403 1386 2434 Ottonem
1407 2404 1441 2434 δε
1460 2403 1677 2433 Thesaurarium
1690 2427 1699 2441 ,
1718 2403 1762 2433 seu
1779 2404 1849 2434 duos
1862 2405 2003 2442 ipsorum,
2021 2405 2088 2435 sicut
2103 2407 2301 2444 praemuntur,

1245 2442 1410 2509 trag-tatum,
1428 2441 1605 2480 ordinatum,
1623 2441 1742 2479 initum,
1760 2440 1904 2472 firmatum
1919 2443 1951 2473 &
1966 2443 2072 2473 factum
2087 2443 2172 2473 fuerit
2185 2445 2213 2473 in
2228 2454 2300 2481 prae-

1243 2489 1283 2509 ml
1307 2491 1338 2510 is.

1281 2517 1335 2555 Et,
1353 2517 1388 2547 ad
1410 2517 1473 2548 haec
1495 2519 1592 2548 omnia
1613 2517 1732 2548 fideliter
1748 2518 1936 2557 observanda,
1951 2519 2108 2559 obligamus
2123 2529 2175 2550 nos
2188 2521 2221 2552 &
2236 2528 2302 2558 οιιίω4

1242 2558 1288 2587 nia
1303 2553 1378 2586 bona
1393 2555 1509 2594 nostra,
1528 2556 1670 2596 praesentia
1683 2556 1716 2587 ὃ(
1731 2557 1829 2588 futura.

1278 2594 1312 2624 In
1327 2595 1423 2632 cujus,
1441 2595 1502 2625 δίε.

1278 2670 1387 2702 Datum
1402 2670 1475 2711 apud
1490 2670 1685 2709 Rokesburgh
1705 2681 1750 2702 12.
1767 2671 1812 2702 die
1831 2671 1915 2702 Maii.

1574 2746 1632 2786 Ista
1645 2746 1726 2777 litera
1744 2747 1883 2786 triplicata
1891 2746 1960 2786 fuit.

1280 2823 1468 2855 Confimilem
1490 2825 1660 2862 potestatem
1682 2825 1786 2855 habent
1808 2824 1931 2865 praedicii
1946 2848 1955 2862 ,
1983 2823 2092 2855 Comes
2107 2848 2116 2864 ,
2142 2825 2216 2857 Otto
2230 2850 2239 2864 ,
2258 2827 2299 2857 ⁶&

1240 2861 1382 2893 walterus
1397 2887 1408 2902 ,
1432 2872 1481 2900 per
1498 2864 1561 2894 alias
1584 2864 1673 2894 literas
1694 2872 1816 2900 patentes
1831 2887 1840 2900 ,
1865 2862 1985 2900 ejuldem
2001 2865 2120 2901 tenoris,
2139 2875 2174 2894 eo
2189 2873 2299 2894 tanturn

1240 2909 1367 2938 mutato,
1388 2900 1466 2940 quod
1489 2902 1518 2932 in
1538 2903 1589 2932 illis
1604 2903 1690 2931 literis
1707 2901 1771 2931 Rex
1788 2901 1913 2930 Franci-„c
1927 2902 1960 2932 ἃ
1977 2900 2115 2931 Valitores
2130 2902 2167 2931 sui
2180 2902 2297 2942 postpo-

1239 2940 1394 2969 nebantur:
1414 2939 1452 2969 Et
1475 2939 1541 2970 Rex
1563 2940 1768 2971 Romanorum
1783 2941 1816 2971 &
1838 2939 1900 2969 Rex
1916 2939 2029 2976 Angliae
2045 2941 2078 2971 ἃ
2093 2940 2233 2970 Valitores
2248 2950 2298 2977 θοή

1238 2987 1302 3008 rum
1318 2978 1565 3015 praeponebantur.

1276 3053 1344 3085 Dat.
1363 3061 1394 3084 ut
1406 3053 1492 3091 supra.

1617 3124 1658 3159 Et
1673 3138 1753 3161 erant
1765 3125 1917 3170 triplicatae.

1234 3259 1284 3290 De
1298 3255 1470 3290 intendendo
1489 3251 1701 3289 Cardinalibus
1729 3260 1766 3295 (ῤ’
1792 3258 1922 3290 Nunciis
1940 3284 1950 3299 ‚
1984 3254 2183 3290 tranantibus
2198 3257 2291 3303 fhper

1605 3307 1729 3352 Treugis
1736 3305 1920 3352 sepe-distis.

2321 1894 2363 1920 16.

2321 2063 2451 2099 *11.710.

1234 3388 1388 3451 REX,
1407 3390 1467 3421 &o
1488 3387 1729 3426 Archiepiscopis,
1748 3388 1909 3428 Episcopis,
1928 3391 1962 3421 ὃς
1976 3390 2083 3420 caeteris
2098 3388 2286 3419 Ecclefiarum
2307 3398 2435 3431 Arm-D,¹

1247 3467 1252 3471 η
1316 3428 1455 3459 Praelatis:
1475 3426 1630 3470 Edmundo
1645 3426 1755 3457 Comiti
1769 3428 1954 3472 Lancastriae,
1969 3429 2043 3472 fra-tri
2058 3427 2170 3471 nostro,
2190 3436 2288 3472 teneti-
2327 3439 2410 3478 1296.
2434 3435 2435 3438 ’

1233 3473 1253 3495 ti
1269 3465 1369 3497 locum
1389 3466 1518 3496 nostrum
1537 3475 1565 3494 in
1580 3465 1696 3495 Ducatu
1710 3466 1904 3533 Acbuitanniae:
1925 3466 2101 3504 Comitibus,
2121 3466 2287 3496 Vicecomi-
2303 3481 2356 3505 Aa.
2373 3488 2417 3513 24,

1232 3504 1306 3535 tibus
1320 3528 1329 3543 ,
1355 3504 1508 3535 Baronibus
1523 3527 1532 3540 ,
1558 3502 1701 3533 Militibus
1716 3526 1726 3542 ,

1777 3505 1930 3534 omicellis:
1952 3504 2125 3541 Majoribus,
2146 3503 2284 3543 Civibus,
2304 3521 2332 3543 E.
2354 3526 2375 3543 Σ,

1231 3542 1442 3580 BurgensibuS,
1468 3541 1750 3572 Communitatibus:
1775 3543 1932 3573 Senescallis
1947 3567 1955 3580 ,
1981 3542 2105 3579 Ballivis‚
2125 3541 2281 3581 Ministris,
2301 3559 2355 3581 ΚΜ,
2370 3554 2437 3581 Ale-2⁴

1232 3579 1391 3619 Capitaneis
1414 3580 1634 3610 Marinariorum
1657 3580 1689 3610 &
1708 3578 1809 3610 eisdem
1830 3580 2005 3618 Marium-iis,
2025 3579 2198 3610 Custodibus
2211 3580 2283 3611 Por·
2301 3602 2359 3619 ,mm
2388 3602 2433 3627 24·

1233 3628 1335 3658 tuum,
1354 3620 1388 3650 &
1403 3619 1536 3649 omnibus
1547 3617 1603 3647 aliis
1615 3617 1741 3654 fidelibus
1757 3619 1790 3649 ὃς
1806 3618 1918 3649 subditis
1932 3618 2031 3648 nostris
2046 3620 2074 3647 in
2088 3620 2166 3649 terris
2181 3619 2283 3649 nostris
2302 3635 2330 3657 E.
2344 3640 2366 3657 μ
2374 3639 2411 3658 m·

1232 3657 1398 3695 Vaseoniae,
1416 3654 1449 3688 ὃς
1464 3654 1592 3686 Ducatfis
1607 3657 1802 3694 Aquitanniae,
1823 3657 1951 3695 Angiiae,
1969 3656 2116 3686 Hibernia:
2130 3680 2139 3693 ,
2154 3657 2286 3696 NValliae3
2306 3669 2347 3696 15·

1233 3705 1350 3727 necnon
1367 3697 1399 3726 &
1411 3695 1543 3725 omnibus
1564 3694 1621 3723 aliis
1640 3695 1754 3732 amicis,
1773 3695 1952 3732 valitoribus,
1971 3695 2003 3724 ὃς
2017 3694 2217 3726 confoederatis
2231 3707 2285 3726 no-

1233 3734 1293 3764 stris
1309 3759 1318 3773 ,
1343 3735 1372 3765 in
1396 3733 1476 3763 dietis
1498 3732 1575 3762 terris
1589 3756 1598 3769 ,
1623 3732 1657 3762 δε
1677 3732 1759 3770 alibi,
1777 3741 1834 3763 tam
1850 3743 1898 3771 per
1910 3741 2028 3769 terram,
2048 3734 2133 3770 quam
2146 3743 2195 3771 per
2207 3744 2284 3766 mare

1232 3772 1405 3810 constitutis,
1423 3770 1456 3801 ad
1472 3781 1558 3808 QUOS,
1577 3771 1638 3801 &o
1657 3770 1780 3801 salutem.

1269 3810 1366 3848 Cum,
1384 3810 1424 3840 ob
1438 3809 1619 3839 reverentiam
1635 3807 1746 3839 SanEtae
1761 3809 1901 3839 Romanae
1921 3808 2071 3847 Ecclesiae,
2090 3810 2123 3841 ὃς
2139 3809 2282 3842 honorem

1230 3848 1403 3879 Venerabilis
1425 3847 1546 3877 Domini
1566 3846 1596 3876 B.
1615 3846 1749 3885 Episcopi
1767 3847 1928 3877 Albanensis
1944 3870 1953 3886 ,
1976 3848 2056 3884 ipsius
2069 3847 2210 3879 Romana:
2223 3849 2281 3880 Ec-

1230 3887 1319 3918 cleliae
1334 3885 1505 3923 Cardinalis,
1521 3885 1555 3914 ad
1568 3884 1693 3915 nostram
1707 3885 1879 3922 praesentiam
1901 3886 2037 3916 venientis
2050 3910 2060 3923 ,
2078 3896 2112 3916 ex
2125 3896 2202 3925 parte
2214 3888 2281 3918 Do-

1231 3927 1301 3956 mini
1314 3925 1415 3956 summi
1429 3923 1590 3960 Pontificis,
1609 3932 1661 3960 pro
1675 3923 1792 3954 sedanda
1807 3923 1990 3961 diffensione,
2008 3924 2053 3954 seu
2066 3926 2165 3963 guerr&
2180 3949 2190 3964 ,
2208 3928 2280 3956 inter

1229 3964 1355 3994 Franciae
1377 3962 1488 4002 Regem
1511 3962 1544 3992 δε
1556 3971 1608 3991 nos
1622 3970 1732 3997 exorta,
1751 3961 1909 3991 dederimus
1923 3963 1956 3992 &
1971 3963 2190 3994 concesserimus
2202 3987 2212 4001 ,
2229 3974 2278 4002 per

1229 4003 1290 4033 alias
1304 4001 1409 4032 nostras
1444 4008 1546 4030 arentes
1560 3999 1680 4038 litteras,
1697 3999 1803 4030 dilectis
1819 4001 1851 4031 ὃς
1866 4000 1990 4030 fidelibus
2004 4002 2104 4031 nostris
2120 4002 2153 4031 Α.
2173 4002 2278 4032 Corni-

1231 4042 1252 4071 ti
1265 4039 1407 4071 Sabaudiae
1450 4038 1643 4075 onsanguineo
1656 4038 1755 4068 nostro
1770 4037 1911 4068 kariffimo
1923 4062 1933 4077 ,
1953 4038 2058 4069 Oitoni
2070 4039 2106 4070 de
2123 4040 2279 4070 Grandiso⁴

1229 4089 1286 4118 no,
1304 4080 1338 4112 &
1351 4077 1482 4111 Waltero
1493 4076 1530 4108 de
1543 4076 1692 4117 Langeton
1703 4075 1889 4145 TVesamario
1912 4076 2012 4108 nostro
2026 4101 2036 4116 ,
2054 4077 2099 4109 seu
2114 4078 2225 4109 duobus
2237 4080 2280 4146 isp-

1776 4124 1790 4156 3
2248 4125 2282 4152 0·,
