2570 4261
216 155 271 194 92
644 134 1294 179 coNVEN‘rioN

68 225 145 258 Ann.
163 225 203 256 D.
222 226 340 257 decimo
355 225 437 256 tertio
453 223 516 254 Kal.
533 221 713 253 Novembris
725 244 736 260 ,
756 219 943 252 Pontificatfis
957 220 1083 253 Domini
1100 221 1215 254 Urbani
1235 221 1291 254 Pa-

68 264 173 331 111264.
224 275 270 304 pae
285 265 389 304 quarti,
406 272 481 292 anno
493 270 602 302 quarto.

95 314 132 332 en.
149 312 175 341 3.

290 387 337 418 De
352 386 472 418 Nuncio
491 382 535 416 ad
552 386 660 430 Regem
677 385 829 426 Francia,
854 386 1002 431 Reginam
1019 384 1155 432 Angue,
1180 387 1218 423 ὠ·

535 431 703 465 Gnidonem
718 435 870 479 Legatum
886 435 980 479 Papae.

104 541 135 565 Re
152 547 164 564 e
220 542 243 559 2,
260 516 385 573 REX
405 518 555 562 omnibus,
574 518 635 549 &c.
649 517 785 563 salutem..
1267 562 1269 564 ‚

130 547 151 581 -g
357 579 377 594 „
397 556 494 588 Sciatis
527 556 585 587 uod
596 556 763 594 suscepimus
777 566 808 586 in
829 555 935 587 salvum
954 556 989 587 &
1010 556 1141 587 securum
1159 555 1291 587 conduc-

66 582 199 643 Xssssvss·
221 618 241 634 „
258 603 319 625 tum
333 595 470 626 dilectum
484 566 631 626 Celericum
645 594 793 633 nostrum,
813 592 987 639 Magistrum
1007 594 1197 639 Eadwardum
1216 594 1251 625 de
1264 595 1289 625 la

87 661 117 680 ι,
125 635 144 679 6‘
222 657 241 673 ‚‚
260 634 366 664 Cnolle
400 633 554 664 Decanum
567 634 759 671 Wellensem,
778 632 1002 674 proficiscentem
1016 632 1210 664 inNuncium
1223 643 1290 664 nos-

66 673 120 717 An'
144 659 172 688 4⁸
223 696 243 711 „
258 681 333 703 trum
347 683 361 703 a
402 672 566 703 Dominum
587 672 773 703 Ludovicum
792 671 906 712 Regem
922 671 1049 701 Franciae
1068 671 1203 702 illustrem
1218 695 1228 711 ‚
1254 673 1288 703 &

66 732 102 756 H·
114 698 183 763 '3249‘
222 735 243 751 „
262 710 449 742 venerabilem
465 711 577 741 Pan-em
591 709 632 740 G.
646 710 741 741 Sabin.
757 709 860 751 Episco
882 720 947 749 um,
967 709 994 741 A
1035 710 1143 741 stolicae
1154 710 1223 741 sedis
1231 710 1290 741 Le-

65 769 179 803 Par-49·
222 773 242 789 κ
260 757 354 789 gamm
363 773 373 788 ‚
392 751 426 781 &
440 750 473 781 ad
485 749 618 780 dilectam
631 748 793 779 consortem
807 759 848 779 no
876 759 952 787 ram,
969 748 994 779 A
1007 749 1130 779 ianoram
1145 749 1289 790 Reginam
1309 771 1311 773 ,

65 808 94 832 Η
112 813 169 840 3,πῄ
221 812 242 829 „
260 789 370 858 Arilgliaer
407 789 436 818 in
448 788 544 832 eundo
561 787 595 817 ad
610 795 698 828 partes
717 787 926 832 transmarinas,
943 787 977 817 «Sc
992 787 1095 817 abinde
1108 787 1262 833 redeundo.

67 850 132 877 ²¹9·
257 850 278 866 „
324 836 334 858 t
356 811 422 858 ideo
444 827 526 858 vobis
547 826 713 857 mandamus
733 827 812 864 quod
835 827 928 857 eidem
949 825 1108 857 Eadwardo
1122 849 1132 865 ‚
1155 826 1289 866 famihae,

218 889 240 907 2,
259 867 318 897 &c.

255 928 275 944 „
293 903 325 935 In
337 904 429 942 cujus,
448 904 508 935 &c.

254 1005 276 1022 ,,
293 981 381 1013 Teste
394 980 476 1021 Rege
487 979 561 1020 'apud
577 979 739 1012 Windesor.
757 980 792 1011 18
805 980 851 1012 die
863 980 1051 1013 Novembris.
1087 966 1092 969 V

260 1110 381 1141 Littera
396 1108 509 1153 Regina
523 1105 560 1140 de
567 1103 655 1150 statu
672 1108 760 1153 Regis
775 1110 811 1146 ὠ·
829 1110 924 1155 Regni
934 1135 944 1152 ‚
970 1112 1007 1148 ώ-
1025 1107 1062 1141 de
1077 1106 1246 1141 Credentia.

99 1207 160 1239 Rege
218 1216 240 1233 „
257 1191 382 1248 REX
401 1191 525 1237 Reginae
539 1191 650 1231 Angliae
662 1191 775 1222 salutem
789 1193 822 1224 &
838 1192 952 1237 fincerae
965 1193 1124 1238 dileffionis
1137 1192 1282 1223 affeetum.

62 1244 176 1278 captiva.
355 1255 376 1271 „
390 1231 488 1262 Seiatis
500 1241 569 1270 nos,
587 1231 620 1262 &
635 1230 822 1262 Eadwardum
836 1230 1066 1272 Primogenitum
1081 1230 1229 1269 nostrum,
1246 1231 1286 1261 sa-

63 1279 141 1309 Ann,
156 1278 198 1309 D,
220 1293 241 1310 „
258 1279 311 1301 nos
325 1271 359 1302 &
371 1270 526 1300 incolumes
541 1269 611 1308 effe,
628 1269 706 1307 quod
719 1270 755 1300 de
770 1270 851 1301 vobis
864 1269 932 1300 scire
952 1270 1160 1311 precordialiter
1171 1269 1286 1301 affe&-

87 1316 171 1356 1264.
219 1332 241 1349 „
259 1319 339 1349 mus,
355 1309 437 1339 vobis
451 1307 633 1347 significantes
646 1307 724 1346 quod
739 1309 850 1352 negotia
863 1309 973 1348 nostra,
992 1311 1026 1342 &
1038 1309 1146 1347 vestra,
1165 1310 1199 1340 &
1212 1319 1284 1347 pra:-

60 1360 115 1384 Aa,
126 1366 174 1392 49,
220 1371 242 1388 ‚,
259 1348 327 1379 dic'ti
340 1348 388 1378 filii
401 1347 504 1385 nostri,
524 1346 558 1377 ad
572 1347 713 1376 honorem
727 1346 785 1376 Dei
798 1357 831 1377 ac
852 1346 982 1378 nostrum
996 1372 1006 1387 ,
1030 1350 1065 1380 &
1078 1347 1202 1378 vestrum
1218 1357 1285 1387 pro-

59 1399 96 1423 H.
112 1404 123 1431 3
219 1409 240 1426 ,‚
259 1386 380 1424 cedunt,
398 1385 565 1417 Benedic‘tus
574 1384 670 1424 Deus;
690 1386 726 1416 ita
739 1384 816 1423 quod
829 1394 935 1416 certam
948 1386 1025 1425 spem
1039 1387 1176 1418 habemus
1188 1386 1224 1416 de
1238 1385 1286 1416 fir-

131 1415 137 1422 ”
173 1455 179 1462 ,
220 1448 240 1464 „
259 1435 304 1455 ma
318 1425 351 1455 ὃ(
365 1426 441 1455 bona
454 1434 523 1463 pace
535 1423 661 1454 habenda
680 1424 709 1454 in
724 1423 832 1465 Regno
845 1424 945 1456 nostro
960 1448 970 1464 ,
993 1434 1108 1466 propter
1121 1425 1200 1466 quod
1215 1425 1285 1456 hila-

60 1437 118 1461 Pat.
133 1442 170 1469 49
345 1465 349 1469 ·
428 1465 433 1468 Ι

59 1476 95 1499 H.
118 1481 142 1508 3.
220 1487 241 1503 ‚,
255 1474 295 1494 res
310 1464 363 1494 sitis
377 1464 411 1494 &
426 1462 568 1507 Jchndae5
787 1502 793 1507 ο
959 1504 964 1509 .
980 1503 985 1509 Ι
1210 1504 1215 1509 .

59 1519 86 1538 n.
101 1519 128 1538 2.
145 1511 165 1539 d
254 1525 276 1541 „
293 1501 431 1532 Praeterea
445 1502 632 1532 intelleximus
650 1500 728 1541 quod
767 1501 862 1532 uidam
880 1502 1075 1534 venditionem
1088 1526 1098 1541 ,
1124 1502 1170 1534 {eu
1182 1503 1283 1534 aliena-

215 1564 236 1581 „
252 1543 359 1572 tionem
372 1541 473 1578 jurium
488 1541 521 1572 ὃς
536 1539 687 1570 feodalium
709 1550 748 1570 no
776 1550 874 1571 rorum
886 1563 896 1579 ‚
919 1543 953 1573 &
968 1542 1097 1581 praedieti
1110 1541 1160 1572 filii
1176 1542 1283 1581 nostri,

213 1603 234 1619 „
253 1582 282 1611 in
295 1580 416 1620 partibus
434 1579 485 1610 illis
497 1602 507 1619 ,
531 1579 566 1609 ad
582 1577 763 1622 nostramU&
781 1579 927 1610 haeredum
942 1580 1107 1612 nostrorum
1121 1581 1281 1612 exhaereda-

211 1642 233 1658 „
250 1620 375 1657 tionem,
390 1618 481 1649 facere
501 1624 665 1658 proponunt
685 1617 735 1647 hus
754 1617 851 1648 diebus
864 1641 874 1657 ‚
900 1627 999 1650 contra
1019 1620 1194 1652 voluntatem
1212 1630 1280 1651 nos..

209 1680 230 1697 „
247 1666 336 1695 tram,
353 1656 432 1696 quod
446 1656 599 1688 nullatenus
612 1656 683 1687 velle
695 1664 742 1686 aut
756 1655 889 1687 sustinere
899 1656 1014 1689 debetis.

248 1720 269 1735 „
285 1696 376 1728 Unde
388 1696 470 1740 vobis
482 1696 647 1740 mandamus
662 1694 740 1732 quod
757 1694 839 1739 super
859 1696 1005 1740 praemiffis
1024 1696 1113 1741 nichil
1131 1705 1280 1739 attempta-

210 1758 231 1775 ²’
250 1736 273 1804 {³³
280 1759 290 1774 ²
309 1734 626 1805 Effiafiessnffi‘bssssaaffl}
639 1733 790 1803 &tilii-‚⁵⁸
798 1734 830 1765 ἃ
845 1735 903 1803 ²32⁹
909 1734 1281 1806 en‘iffiiffiffe‘vffffl‘i

210 1797 231 1852 :J
247 1784 322 1854 pprste
334 1811 431 1843 nostra
444 1812 543 1843 dixerit
552 1835 562 1851 ,
577 1811 663 1842 fidem
676 1783 952 1843 adhibent’espeidem.
1114 1798 1125 1814 ³

245 1913 267 1929 „
283 1888 373 1921 Teste
389 1888 472 1929 Rege
484 1887 556 1929 apud
571 1887 733 1918 Windesbr.
750 1887 784 1918 18
798 1887 844 1918 die
857 1887 1047 1920 Novembris.

299 2018 408 2050 Litera
428 2017 501 2063 Regi
520 2017 652 2049 Francia
670 2013 707 2048 de
718 2011 845 2061 juribus
852 2013 920 2061 fitis
937 2027 993 2048 non
1012 2015 1191 2049 alienandis.

210 2104 231 2141 ᾗ,
249 2100 398 2157 REGI
418 2100 562 2145 Franci-az,
578 2099 645 2131 Rex
660 2099 773 2144 Angliae
787 2099 909 2145 salutem.
996 2139 1001 2144 .
1044 2138 1050 2144 ·
1260 2141 1276 2147 ..

389 2139 486 2177 Cum,
503 2149 562 2178 lure
574 2139 728 2178 sanguinis,
745 2139 778 2169 &
797 2147 909 2170 ratione
929 2137 1080 2176 fidelitatis,
1096 2138 1130 2169 &
1151 2139 1277 2180 homagii

56 2152 167 2182 captivo.
350 2162 370 2178 υ
764 2178 768 2182 .
914 2178 918 2182 -
948 2178 952 2183 ¹

56 2184 133 2214 Ann.
151 2183 191 2214 D,
215 2202 236 2217 „
255 2179 336 2208 vobis
352 2177 468 2217 praestiti
482 2201 491 2216 ‚
514 2178 550 2208 de
566 2177 655 2208 vestra
675 2177 826 2208 dilectione
846 2176 997 2215 specialiter
1014 2177 1158 2208 confidere
1177 2178 1279 2210 debea-

79 2224 164 2261 1264.
215 2223 235 2257 ,3
255 2227 333 2254 mus,
348 2216 425 2256 quod
435 2218 496 2255 jura
511 2216 604 2246 nostra
614 2217 683 2247 tueri
698 2216 731 2247 &
752 2216 907 2246 confovere
921 2216 1028 2255 velitis,
1045 2226 1077 2246 ac
1093 2218 1174 2247 nobis
1189 2227 1279 2258 nuper

54 2264 107 2290 An.
126 2271 173 2297 49,
210 2258 234 2296 '„
254 2256 405 2286 innotuerit
419 2255 495 2295 quod
508 2254 639 2295 quidam,
660 2262 759 2292 praeter
775 2254 974 2285 conscientiam
989 2255 1022 2286 &
1038 2255 1214 2287 voluntatem
1227 2267 1280 2287 no-

54 2304 88 2329 H.
108 2310 134 2337 3.
214 2318 235 2334 „
254 2293 355 2331 stram,
373 2294 411 2324 de
419 2294 527 2332 juribus
540 2294 574 2324 δε
590 2292 803 2331 poiseffionibus
823 2292 940 2332 nostris,
959 2293 1008 2324 sub
1022 2293 1117 2324 vestro
1132 2295 1279 2326 Dominio

53 2342 113 2366 ΡΜ.
126 2347 173 2374 49.
213 2357 233 2373 „
252 2331 409 2364 constitutis
422 2355 431 2370 ‚
451 2332 487 2362 de
500 2333 601 2372 quibus
621 2332 702 2364 vobis
720 2332 887 2371 homagium
900 2332 1020 2363 fecimus
1032 2357 1042 2370 ,
1063 2333 1276 2373 venditionem,

54 2381 89 2404 Η.
105 2386 129 2413 3.
212 2396 233 2411 2,
252 2372 298 2402 seu
312 2372 525 2410 alienationem,
540 2369 575 2401 ad
592 2369 719 2401 nostram
738 2371 771 2401 ὃ(
788 2370 933 2401 haeredurn
954 2370 1134 2411 nostrorum,
1153 2372 1278 2404 exhaere-

54 2424 124 2483 nli.
137 2417 161 2443 d.
210 2434 231 2451 „
249 2410 396 2454 dationem·
408 2418 587 2449 perpetuam,
606 2409 698 2439 facere
712 2417 892 2449 proponunt,
910 2409 956 2440 seu
970 2409 1028 2440 fieri
1043 2410 1239 2448 procurarunt.

55 2453 72 2470 ⁰
105 2454 169 2483 .801

178 2475 185 2482 .
245 2449 264 2469 *
275 2448 485 2487 „Serenitatem
498 2448 619 2479 vestram
630 2471 639 2486 ‚
672 2456 751 2478 uanta
765 2446 911 2488 possumus
925 2447 1096 2487 afledtione,
1113 2460 1125 2479 r
1163 2451 1275 2481 uirimus

205 2511 225 2527 „
242 2488 275 2519 ὃς
289 2497 436 2527 rogamus,
474 2489 595 2525 uatinus,
613 2496 652 2516 no
686 2497 717 2516 ⁴ae
730 2488 763 2518 ὃς
775 2486 922 2517 haeredum
934 2487 1098 2518 nostrorum
1113 2459 1274 2527 iffiempni-

205 2549 227 2565 ,,
243 2527 291 2557 tati
303 2526 385 2556 solito
399 2536 452 2564 pro
464 2527 599 2567 picientes
616 2524 738 2563 affeetu,
757 2535 815 2556 non
832 2526 996 2564 permittatis
1010 2549 1020 2564 ,
1045 2536 1100 2557 nec
1119 2528 1277 2559 consentia-

204 2587 225 2603 „
242 2566 290 2603 tis,
309 2565 328 2595 si
344 2565 436 2603 placet
451 2588 461 2604 ,
488 2564 682 2595 venditionem
696 2587 706 2602 ,
728 2564 775 2595 seu
789 2565 988 2596 alienationem
1002 2566 1106 2603 jurium
1118 2566 1163 2597 seu
1179 2566 1276 2599 feoda-

204 2626 225 2643 „
242 2603 311 2634 lium
326 2603 487 2634 nostrorum
503 2603 561 2633 fieri
576 2604 605 2633 in
618 2603 671 2633 hac
685 2612 770 2642 parte.

254 2665 264 2687 Ζ
279 2641 348 2672 Nos
361 2651 454 2672 autem
469 2643 605 2672 mittimus
619 2641 754 2671 diiettum
770 2641 917 2673 Clericum
939 2641 1086 2681 nostrum,
1103 2642 1273 2683 Magistrum

204 2703 224 2720 2,
268 2681 446 2719 adwardum,
463 2680 615 2711 Decanum
632 2679 825 2719 XVellensem,
842 2690 954 2718 propter
976 2681 1034 2711 hoc
1049 2682 1082 2712 &
1096 2682 1145 2712 alia
1159 2683 1274 2721 negotia

203 2742 225 2758 2,
243 2718 337 2749 nostra
350 2720 432 2750 vobis
449 2719 632 2759 exponenda,
650 2720 696 2749 cui
712 2719 790 2756 super
806 2720 876 2758 hiis,
894 2720 927 2750 &
947 2720 1003 2750 aliis
1018 2742 1028 2757 ,
1053 2729 1117 2759 quae
1138 2721 1220 2750 vobis
1240 2730 1274 2751 ex

203 2780 224 2797 „
242 2767 319 2799 parte
339 2757 432 2788 nostra
455 2758 530 2788 dicet
546 2781 555 2797 ,
582 2757 667 2787 fidem
688 2757 818 2789 adhibere
840 2758 930 2789 velitis
943 2780 953 2796 ,
976 2757 1174 2790 demandantes
1190 2759 1273 2791 nobis

203 2819 223 2835 2,
242 2796 341 2828 vestrae
353 2797 558 2835 beneplacitum
574 2796 733 2827 voluntatis.

241 2896 262 2912 „
275 2873 364 2905 Teste
379 2873 462 2914 Rege
475 2873 549 2913 apud
560 2873 689 2905 Windes.
709 2873 742 2904 18
759 2872 805 2904 die
817 2873 1007 2905 Novembris.

242 2971 263 2988 „
281 2951 383 2980 Eodem
395 2952 469 2982 modo
475 2950 608 2991 scribitur
620 2954 730 2991 Reginae
748 2954 890 2990 Francz‘ae,
907 2951 1001 2982 verbis
1016 2958 1111 2982 tamen
1124 2958 1271 2991 competen-

203 2994 246 3018 ter
259 2992 382 3021 mutatis,

226 3114 334 3146 Litera
350 3114 436 3145 Petro
456 3115 565 3146 Comiti
579 3114 615 3146 de
632 3113 809 3158 Sabaudia‚
835 3114 870 3148 de
881 3113 1006 3160 juribus
1023 3117 1112 3162 Regis
1129 3117 1160 3148 in
1170 3125 1247 3162 par-

442 3159 526 3196 tibus
546 3164 759 3209 transmarinis
776 3177 832 3196 non
849 3163 1027 3199 alienandis.

88 3263 147 3294 Rege
204 3270 224 3285 „
241 3246 365 3304 REX
385 3246 472 3278 Petro
486 3246 598 3278 Comiti
612 3247 646 3278 de
660 3248 813 3292 Sabaudia,
830 3249 953 3294 salutem.

51 3299 163 3332 „pflw-
341 3308 362 3325 „
380 3285 459 3316 Cum
478 3286 644 3326 prudentem
666 3297 759 3318 virum
785 3287 955 3328 Magistrum
982 3287 1170 3320 Eadwardum
1189 3288 1226 3318 de
1243 3288 1268 3320 la

53 3333 129 3364 Anu·
146 3334 186 3366 D·
206 3346 227 3362 „
241 3321 333 3362 Cnol,
354 3324 507 3354 Decanum
523 3324 696 3356 Wellensem
712 3349 721 3364 ,
747 3327 861 3357 latorem
883 3327 1060 3368 praesentium
1076 3350 1085 3365 ,
1110 3326 1145 3357 ad
1160 3325 1269 3358 Domi-

75 3375 159 3410 1264.
207 3385 227 3401 υ
246 3371 314 3391 ”Um
331 3362 460 3402 Regem,
478 3363 512 3394 &
526 3362 556 3393 R
594 3365 668 3395 inam
681 3365 807 3395 Franciae
821 3388 830 3404 ,
855 3375 970 3396 necnon
990 3366 1024 3396 ad
1038 3365 1181 3405 Reginam
1197 3376 1269 3397 con-

52 3414 104 3438 Αη,
119 3420 167 3446 49,
208 3423 228 3439 ‚‚
245 3399 345 3431 sortem
360 3401 486 3432 nostram
499 3411 552 3441 pro
591 3403 681 3433 iverfis
698 3405 817 3442 negotiis
831 3426 841 3442 ,
866 3414 918 3434 nos
932 3405 964 3435 &
988 3404 1125 3444 Regnum
1138 3403 1267 3435 nostrum

51 3452 89 3476 Η,
112 3458 137 3485 3,
209 3460 229 3477 ‚‚
246 3440 435 3483 tangentibus,
452 3441 501 3471 sibi
518 3441 552 3471 &
567 3441 648 3472 vobis
668 3442 840 3480 exponendis
855 3442 1047 3481 destinemus;
1073 3452 1107 3473 ac
1120 3443 1202 3473 nobis
1214 3454 1268 3474 nu·-

53 3489 112 3514 ΡΜ,
126 3496 173 3522 49,
208 3498 230 3514 „
248 3484 295 3520 per
309 3479 459 3509 innotuerit
479 3479 556 3519 quod
570 3479 684 3520 quidam
705 3480 897 3512 venditionem
910 3504 919 3519 ,
946 3482 990 3512 seu
1011 3481 1207 3513 alienationem
1226 3483 1268 3519 ju-

52 3528 89 3552 H.
106 3533 131 3560 3,
142 3535 168 3552 n,
207 3537 226 3552 „
245 3523 314 3558 rium
329 3517 361 3546 &
374 3517 525 3548 feodalium
543 3518 704 3549 nostrorum
718 3543 728 3558 ,
754 3520 787 3551 &
807 3519 953 3551 Eadwardi
967 3520 1146 3560 primogeniti
1161 3519 1267 3560 nostri,

55 3570 83 3599 3,
94 3563 121 3592 a,
205 3573 226 3590 ,‚
244 3562 271 3596 in
285 3556 403 3593 partibus
417 3556 468 3586 illis
483 3581 492 3594 ,
518 3556 552 3587 ad
572 3556 699 3588 nostram
719 3559 752 3588 &
768 3557 911 3589 haeredum
926 3559 1089 3590 nostrorum
1108 3558 1267 3590 exhaereda-

205 3612 226 3628 „
245 3598 351 3620 tionem
364 3615 374 3630 ,
397 3594 487 3625 facere
506 3605 670 3634 proponunt
690 3596 742 3626 hiis
758 3597 856 3627 diebus
867 3620 877 3636 ,
902 3606 1002 3628 contra
1014 3597 1150 3630 affensum
1164 3597 1198 3628 &
1213 3608 1266 3628 vo-

205 3650 227 3667 „
243 3628 376 3672 luntatein
389 3632 529 3672 nostram,
548 3634 627 3673 quod
643 3635 796 3666 nullatenus
812 3635 883 3666 velle
897 3635 1046 3667 deberetis:

239 3689 259 3704 ‚‚
276 3665 366 3696 Vobis
379 3670 541 3702 mandamus
555 3674 584 3702 in
605 3672 659 3703 fide
674 3673 708 3704 &
727 3673 880 3704 dileetione
894 3675 994 3714 quibus
1010 3676 1094 3706 nobis
1114 3675 1269 3713 tenemini,

205 3727 227 3743 „
243 3704 321 3743 quod
339 3704 416 3748 super
435 3709 638 3752 venditionibus
652 3713 686 3743 &
707 3712 917 3743 alienationibus
937 3713 1096 3753 hujufinodi
1114 3713 1203 3744 nichil
1222 3723 1265 3745 at-

203 3765 226 3782 „
243 3750 371 3782 temptari
382 3744 426 3773 vel
440 3745 497 3776 fieri
509 3751 677 3788 permittatis.

240 3803 261 3819 „
280 3780 299 3810 S
325 3789 424 3825 ‘ramus
437 3785 512 3814 enim
526 3786 640 3818 firmiter
655 3789 732 3828 quod
748 3789 860 3829 negotia
873 3789 966 3821 nostra
979 3813 989 3828 ,
1006 3791 1041 3821 δε
1055 3789 1203 3822 Eadwardi
1217 3789 1265 3820 filii

205 3841 227 3858 υ
244 3829 284 3849 no
311 3828 348 3855 ri,
363 3819 396 3848 ad
410 3819 548 3852 honorem
564 3825 621 3856 Dei
636 3828 669 3858 &
685 3827 815 3858 nostrum
829 3850 838 3865 ,
861 3828 1016 3865 procedent
1033 3840 1039 3846 ·
1065 3830 1101 3858 ita
1115 3828 1193 3868 quod
1213 3828 1268 3858 bo-

204 3880 224 3896 „
243 3867 311 3926 nDagnO
321 3856 477 3925 {cantignam
492 3870 590 3898 pacem
603 3865 633 3893 in
647 3867 779 3905 proximo
799 3867 967 3897 habebimus
980 3868 1010 3897 in
1025 3852 1134 3907 Regno
1151 3866 1268 3906 nostro,

205 3918 227 3934 2³
409 3920 415 3924 '

241 3956 261 3971 7,
280 3934 368 3973 Super
375 3933 437 3978 'hiis‘
443 3941 535 3965 autem
546 3958 555 3973 ‚
571 3937 604 3967 &
616 3938 688 3982 aliis,
708 3951 772 3978 quae
793 3941 883 3974 dietus
897 3942 1032 3976 Decanus
1047 3944 1130 3976 vobis
1141 3952 1177 3976 ex
1188 3950 1265 3984 parte

206 3995 227 4011 „
245 3971 338 4002 nostra
353 3973 469 4010 dixerit,
487 3972 571 4003 fidem
582 3976 730 4008 adhibeatis
743 3979 844 4010 eidem.

241 4061 262 4080 „
277 4040 367 4072 Teste
378 4040 460 4082 Rege
474 4041 547 4083 apud
559 4042 720 4076 Windesor.
740 4048 774 4078 18
788 4047 833 4079 die
849 4048 1036 4081 Novembris„

1327 136 1456 189 Εε,
1513 132 1903 190 LiTERAE,

2415 227 2494 260 Ann.
2509 227 2552 265 D.

2435 267 2523 308 1264.

1331 313 1382 345 De
1405 309 1580 343 intendendo
1605 314 1722 345 Simoni
1740 311 1777 345 de
1798 311 1954 357 Montfort
1966 339 1976 355 ‚
2012 310 2176 357 custodiam
2193 312 2318 349 habenti
2337 329 2401 351 om·
2416 311 2482 337 Hm·
2503 318 2529 346 3·

1383 362 1470 392 nium
1495 370 1650 393 terrarum
1678 360 1806 395 Ricardi
1838 363 1927 408 Regis
1953 365 2161 396 Romanorum
2186 366 2219 396 in
2251 366 2406 400 Comitatus

1376 411 1499 442 Devon.

1331 515 1352 531 „
1370 491 1497 547 REX
1512 492 1672 539 Militibus,
1690 494 1783 526 liberis
1796 495 1961 528 hominibus
1975 519 1984 535 ,
2006 496 2041 528 &
2057 497 2194 528 omnibus
2212 498 2270 531 aliis
2287 499 2324 531 de
2337 499 2401 532 Co-
2455 506 2518 541 Rege

1330 553 1352 570 ’³
1408 540 1499 600 offitia
1500 531 1634 601 &1133ss³
1635 534 1894 604 ‘Ecaeid‘ssiisst‘iigst'er
1915 572 2017 604 simon
2036 573 2074 605 de
2095 573 2268 606 Monteforti
2289 576 2339 609 co
2415 543 2540 611 ‘Xifivb

1332 631 1352 647 „
1370 589 1534 639 'Jsseicestnae
1548 609 1648 641 habeat
1660 610 1819 642 custodiam
1830 613 1963 643 omnium
1974 620 2109 643 terrarum
2123 614 2156 645 &
2170 587 2400 649 tenementorrfix‘ii
2444 589 2530 657 1254.
2542 604 2550 612 ⁹

1329 669 1352 686 „
1371 644 1504 677 karissimi
1517 648 1606 692 fratris
1616 648 1706 693 nostri
1720 649 1835 681 Ricardi
1847 650 1935 695 Regis
1949 651 2129 695 Alemanniae
2147 653 2177 683 in
2192 654 2314 692 partibus
2326 655 2397 696 illis,
2415 659 2526 693 Ari-49.

1332 708 1353 724 ,‚
1370 695 1420 725 per
1435 685 1513 724 quod
1527 686 1624 718 Balliw
1635 687 1757 726 ejusdem
1769 687 1893 720 Comitis
1907 700 1937 719 in
1951 690 2073 730 partibus
2086 690 2139 721 illis
2149 692 2225 722 circa
2239 692 2398 726 custodiam
2416 699 2449 723 H.
2471 704 2497 732 3.

1332 747 1352 764 ,,
1370 725 1534 769 earumdem
1546 733 1681 770 terrarum
1696 728 1730 758 &
1744 736 1973 760 tenementorum
1993 729 2112 760 consilio
2131 729 2226 762 vestro
2247 731 2281 763 &
2295 733 2398 764 auxilio
2415 736 2533 769 Pat.49.

1329 786 1349 802 ,‚
1367 763 1425 793 indi
1446 772 1510 808 ent,
1529 772 1560 795 ut
1573 774 1747 804 accepimu53
1773 805 1779 810 .
1843 805 1849 811 ·
1873 806 1879 811 υ
2414 775 2450 798 H.
2467 781 2493 807 3.
2508 783 2535 800 n.

1368 825 1418 871 'f'ati
1432 803 2400 878 &liiiffissndffiss'13t2m¹“²isg¹¹l2¹1³ig1{¹fflifiqssssffisssfflivffipfae‘

1331 864 1353 918 ζ
1370 879 1424 910 sitis
1438 865 1651 925 &auxiliantes
1663 904 1673 919 ,
1696 853 1835 926 proultxiib
1855 883 1916 926 ipsis
1933 868 2011 922 sui-ier
2026 855 2083 915 hope
2102 895 2137 915 ex
2157 894 2234 923 parte
2253 858 2402 919 ῐξιοιίὶΐξαῃῖἕέ

1330 941 1351 957 ‚,
1371 917 1495 950 Comltis
1508 920 1638 964 praedidh
1652 920 1757 951 fueritis
1771 922 1908 960 requihti3
1926 923 1964 953 ita
1976 923 2053 963 quod
2070 923 2146 954 idem
2166 924 2275 957 Comes
2289 936 2338 963 per
2351 926 2401 957 de·

1329 979 1351 996 „
1370 957 1478 989 sedtum
1494 957 1579 989 vestri
1591 969 1622 989 in
1635 957 1688 989 hac
1701 967 1778 998 parte
1790 958 1947 999 dampnum
1962 971 2022 991 non
2037 962 2161 994 incurrat
2174 972 2220 994 aut
2234 963 2378 1002 jasturam.

1365 1057 1387 1074 ‚,
1405 1034 1494 1066 Teste
1503 1035 1587 1076 Rege
1598 1035 1672 1075 apud
1687 1035 1885 1077 wigorniam,
1910 1046 1944 1078 13
1961 1037 2007 1068 die
2021 1037 2200 1071 Decembris.

1329 1169 1358 1197 ³*
1383 1171 1443 1205 Ad
1459 1171 1688 1218 constcltandum
1713 1184 1783 1205 cum
1801 1170 1901 1204 eodem
1929 1175 2048 1205 Simone
2063 1195 2073 1211 ,
2109 1175 2218 1221 Regem
2242 1180 2399 1222 captivum
2419 1185 2550 1217 *1.802,

1373 1219 1497 1255 ducente
1508 1248 1518 1265 ‚
1542 1221 1671 1268 quidam
1681 1222 1835 1268 Epiftopi,
1859 1222 1995 1254 nonnulli
2011 1224 2139 1255 Barones
2149 1249 2159 1265 ,
2185 1222 2346 1258 Abbamm
2360 1229 2397 1264 &-

1374 1273 1517 1303 Priorum
1532 1270 1675 1303 inaudita
1692 1267 1784 1303 turba
1796 1296 1805 1312 ‚
1830 1281 1938 1302 necnon
1963 1273 2000 1309 (ῥ’
2019 1271 2208 1317 specialiores
2220 1283 2276 1319 per
2295 1275 2398 1307 Comi-

1368 1328 1451 1352 tatus
1466 1322 1503 1358 &
1521 1321 1633 1367 Burgos
1647 1318 1860 1366 usquequaque
1869 1318 1972 1363 stletti
1994 1320 2154 1366 Complices
2172 1333 2394 1368 convocantur,

1365 1378 1422 1414 per
1438 1366 1492 1400 hoc
1505 1370 1637 1402 Simonis
1652 1367 1835 1400 mandatum
1845 1393 1856 1410 ‚
1880 1371 1912 1399 in
1929 1372 2048 1401 nomine
2066 1371 2164 1415 Regis.

1322 1476 1342 1494 „
1441 1453 1576 1492 Enricus,
1595 1452 1768 1497 migratis,
1786 1452 1853 1497 Reii
1866 1452 1994 1497 Angliae,
2011 1453 2157 1486 Dominus
2176 1454 2345 1497 Hiberniae,
2360 1459 2394 1490 &
2450 1461 2512 1495 Rege

1444 1492 1512 1524 Dux
1526 1493 1704 1531 Aquitaniae,
1721 1490 1873 1522 venerabili
1885 1501 1915 1521 in
1923 1491 2042 1524 Christo
2057 1493 2149 1533 Patri,
2167 1494 2207 1525 R.
2219 1494 2319 1527 eadem
2333 1507 2392 1537 gri-
2412 1499 2539 1565 ἏἜΖ-ωἱ)

1375 1531 1380 1536 ’
1436 1531 1579 1571 Episcopo
1591 1530 1795 1568 Dunelmenfi,
1809 1529 1934 1561 salutem.
2471 1575 2489 1602 6

2433 1582 2469 1603 12
2489 1582 2521 1613 4.

1321 1515 1342 1532 >²
1386 1530 1396 1539 Α

1361 1538 1398 1561 tia

1322 1554 1342 1571 ’³
1359 1593 1379 1608 „
1398 1554 1495 1610 (Eum,
1514 1569 1579 1610 post
1594 1571 1686 1610 gravia
1705 1570 1898 1600 turbationum
1920 1569 2102 1610 discrimina,
2124 1571 2233 1604 dudum
2254 1573 2348 1606 habita
2362 1577 2390 1606 in

1321 1633 1342 1649 ,‚
1361 1608 1468 1649 Regno
1481 1610 1596 1648 nostro,
1615 1607 1789 1640 charissimus
1803 1607 1873 1638 filius
1886 1607 2041 1641 Edwardus
2062 1611 2136 1648 prim
2176 1612 2266 1642 enitus
2277 1613 2391 1653 noster,
2409 1615 2464 1640 An.
2478 1622 2528 1648 49-

1320 1672 1342 1688 „
1360 1657 1413 1686 pro
1425 1658 1493 1687 pace
1503 1649 1534 1679 in
1548 1648 1654 1688 Regno
1665 1647 1764 1678 nostro
1782 1646 1975 1686 atsteuranda,
1993 1648 2027 1679 &
2041 1647 2141 1680 firman
2163 1660 2195 1689 a,
2214 1650 2294 1682 obses
2308 1653 2392 1684 tradi·
2409 1655 2445 1679 H.
2466 1659 2492 1688 3.

1321 1711 1341 1727 „
1359 1695 1402 1717 tus
1416 1688 1564 1725 extitisset,
1583 1688 1616 1718 &
1632 1689 1686 1725 jam
1702 1709 1712 1725 ,
1732 1684 1821 1717 sedata
1842 1685 2018 1723 (benedictus
2033 1686 2124 1725 Deus)
2144 1689 2305 1721 turbatione
2318 1687 2390 1730 piae-
2410 1689 2498 1726 Claus.

1319 1749 1340 1765 „
1358 1725 1451 1765 dieta,
1470 1726 1548 1766 super
1563 1726 1764 1756 deliberatione
1775 1725 1897 1762 ejusdem
1911 1725 2051 1756 salubriter
2069 1727 2261 1767 providenda,
2279 1729 2313 1761 δε
2351 1731 2391 1761 le-
2408 1737 2456 1764 47.
2471 1732 2505 1755 H.
2524 1730 2552 1764 3:

1318 1788 1340 1804 „
1359 1763 1394 1795 na
1409 1765 1568 1802 securitate,
1586 1766 1620 1795 ὅ(
1634 1764 1820 1803 tranquilitate
1835 1765 1925 1804 pacis,
1944 1765 1978 1795 ad
1993 1764 2136 1796 honorem
2149 1766 2225 1806 Dei,
2241 1769 2275 1799 &
2288 1770 2328 1799 uti
2343 1771 2391 1801 'ta-
2410 1776 2448 1796 m.
2465 1774 2475 1794 ι
2485 1776 2509 1795 ι.
2523 1766 2550 1795 d.

1317 1827 1338 1843 „
1355 1811 1414 1833 tem
1428 1805 1514 1835 totius
1526 1804 1621 1843 Regni
1635 1802 1724 1834 nostri
1738 1825 1748 1841 ‚
1772 1802 1908 1833 firmanda
1921 1826 1932 1841 ,
1956 1803 1990 1834 &
2005 1803 2125 1834 totaliter
2138 1814 2207 1836 com
2229 1805 2312 1838 lenda
2326 1819 2337 1847 ς
2358 1819 2393 1841 ac

1319 1866 1339 1881 „
1357 1842 1435 1882 super
1454 1842 1619 1881 quibusdam
1639 1842 1695 1872 aliis
1715 1841 1811 1881 Regni
1831 1841 1920 1872 nostri
1941 1843 2084 1881 negotiis,
2108 1853 2173 1882 quae
2204 1854 2250 1875 ine
2273 1846 2393 1878 consilio

1319 1905 1340 1921 2,
1356 1880 1452 1912 vestro
1464 1905 1474 1920 ,
1501 1882 1534 1913 &
1548 1881 1668 1912 aliorum
1684 1879 1871 1911 Praelatorum
1894 1881 1926 1911 ὃ(
1942 1881 2113 1919 Magnatum
2127 1882 2293 1914 nostrorum
2312 1885 2396 1917 nolu-

1319 1943 1341 1960 „
1359 1930 1422 1951 mus
1435 1920 1577 1960 expediri,
1592 1929 1660 1951 cum
1674 1919 1781 1950 eisdem
1793 1919 1942 1950 traetatum
1955 1920 2057 1950 habere
2071 1930 2123 1950 nos
2135 1930 2279 1961 oporteat:

1358 1982 1378 1999 ,‚
1394 1958 1486 1990 Vobis
1499 1960 1680 1998 mandamus,
1697 1966 1825 1998 rogantes
1838 1959 1868 1988 in
1882 1957 1937 1988 fide
1957 1959 1991 1990 &
2012 1958 2182 2000 dilectione,
2199 1961 2300 2000 quibus
2313 1963 2398 1996 nobis

1319 2020 1340 2037 „
1357 1999 1511 2038 tenemini,
1523 1998 1601 2039 quod
1610 2021 1620 2036 ,
1633 1999 1715 2028 omni
1728 1997 1880 2028 occasione
1891 1996 2058 2037 postposita,
2071 1998 2105 2029 &
2117 2001 2237 2038 negotiis
2249 2000 2308 2031 aliis
2322 2012 2395 2039 prae-

1320 2059 1340 2076 ‚,
1358 2036 1487 2067 termiffis
1501 2061 1510 2076 ‚
1536 2039 1590 2068 sitis
1604 2037 1638 2067 ad
1654 2047 1706 2067 nos
1720 2035 1855 2066 London.
1872 2037 1901 2065 in
1917 2035 2038 2066 Oetabis
2058 2035 2156 2068 Sancti
2171 2037 2284 2072 Hillarii
2298 2043 2394 2080 proxi..

1320 2098 1341 2114 ,,
1358 2085 1405 2106 me
1421 2074 1536 2115 futuris,
1555 2076 1704 2107 nobiscum
1713 2098 1723 2114 ,
1743 2075 1776 2106 &
1790 2084 1858 2105 cum
1871 2075 2012 2114 praedietis
2026 2074 2150 2106 Praelatis
2162 2077 2196 2107 &
2209 2076 2396 2118 Magnatibus

1320 2137 1340 2153 „
1359 2113 1476 2153 nostris,
1494 2125 1564 2155 quos
1576 2115 1682 2145 ibidem
1699 2114 1795 2145 vocari
1811 2113 1929 2143 fecimus
1941 2135 1951 2152 ,
1972 2113 2051 2153 super
2071 2115 2216 2154 praemiffis
2231 2117 2391 2157 tractaturi,

1319 2176 1339 2192 „
1357 2153 1392 2183 &
1405 2153 1554 2184 confilium
1568 2153 1693 2185 vestrum
1706 2151 1871 2190 impensuri:
1892 2151 1931 2182 Et
1947 2151 2004 2182 hoc
2014 2174 2025 2190 ,
2050 2152 2120 2183 sicut
2134 2163 2186 2184 nos
2199 2155 2233 2186 ὃς
2247 2154 2391 2187 honorem

1319 2214 1339 2231 „
1356 2191 1485 2222 nostrum
1500 2193 1534 2223 ὃ(
1550 2191 1693 2231 vestrum,
1712 2201 1828 2221 necnon
1843 2191 1876 2220 &
1899 2199 2087 2221 communem
2101 2191 2197 2233 Regni
2213 2193 2302 2225 nostri
2316 2203 2391 2227 tran-

1319 2253 1340 2270 „
1358 2231 1514 2269 quilitatem
1528 2231 1658 2271 diligitis,
1676 2231 1829 2261 nullatenus
1842 2229 1985 2260 omittatis.

1356 2330 1378 2347 ,,
1392 2306 1483 2339 Teste
1496 2308 1578 2349 Rege
1590 2309 1664 2348 apud
1678 2308 1881 2349 VVigorniam,
1901 2315 1938 2346 14
1951 2307 1997 2338 die
2010 2305 2191 2341 Decembris.

1626 2410 1646 2427 „
1662 2387 1765 2417 Eodem
1777 2384 1852 2416 modo
1868 2385 2030 2415 mandatum
2045 2383 2082 2425 est

1317 2486 1338 2502 „
1355 2461 1480 2531 priliopo
1495 2461 1676 2505 Karliolenfi,
1868 2468 1893 2501 '‚,
1911 2464 2002 2492 Priori
2015 2463 2048 2492 de
2061 2460 2257 2506 Bridlington,

1317 2524 1337 2541 '³
1355 2502 1637 2579 {frisissassi‘isszi
1650 2502 1786 2543 Eb⁰⁷⁷²⁶³³
1872 2525 1892 2540 '’
1911 2501 2272 2571 fflifftffffluoffldi'

1317 2564 1338 2619 ζ
1358 2582 1449 2610 Priori
1466 2563 1574 2610 Savi'ttae
1595 2561 1744 2611 firmitatis
1758 2580 1834 2611 Ebo-
1871 2564 1893 2618 Ξῖ
1909 2581 2000 2609 Priori
2012 2580 2046 2609 de
2062 2578 2103 2608 Β]
2117 2582 2170 2618 da,
2208 2564 2218 2579 ’

1405 2642 1414 2656 ,
1432 2623 1505 2658 raci,
1872 2641 1892 2656 ,‚
1910 2620 2004 2664 Priori
2016 2619 2049 2648 de
2064 2620 2092 2648 T
2108 2625 2258 2657 urgarton,

1316 2643 1636 2726 ’'iiiiii-§iata
1870 2680 1891 2695 „
1910 2656 2204 2725 §insatiata

1314 2719 1337 2773 ζζ
1354 2734 1466 2764 Abbati·
1482 2736 1514 2764 de
1527 2719 1670 2772 inmitis,
1869 2716 1889 2770 ζζ
1908 2734 2000 2761 Priori
2013 2733 2046 2762 de
2059 2705 2236 2772 Gifiburnff'

1313 2797 1334 2812 2,
1349 2773 1466 2819 Abbati
1478 2774 1510 2803 de
1523 2771 1670 2812 Ryevalle,
1867 2793 1888 2809 „
1908 2768 2111 2816 Archiepifiopo
2125 2769 2306 2813 Eboracenfi,¹

1313 2835 1334 2891 ξς
1351 2811 1465 2880 aaa
1479 2813 1511 2880 ΖΞ
1524 2810 1618 2888 siff}
1626 2834 1636 2849 ²
1866 2831 1888 2886 3:
1905 2810 2202 2890 assistata.

1313 2913 1334 2930 „
1352 2889 1466 2920 Abbati
1480 2890 1512 2919 de
1525 2887 1608 2919 Bella
1622 2887 1717 2918 lauda.

1488 2990 1510 3007 „
1529 2967 1633 2997 Eodem
1646 2965 1721 2997 modo
1734 2963 1895 2995 mandatum
1908 2962 1945 3004 est
1950 2962 2125 3004 fiabsc’riptir,
2144 2966 2208 2998 viz,

1865 3063 1886 3080 ‚‚
1901 3039 2029 3080 Epistopo
2044 3045 2161 3072 covent.
2173 3040 2213 3077 ὀ·
2227 3040 2310 3071 Lich.

1864 3102 1885 3118 „
1903 3078 2027 3118 Epifiopo
2040 3079 2190 3120 cicestren,

1862 3141 1882 3156 ,‚
1901 3117 1998 3148 Electa
2013 3118 2102 3148 Rath.
2115 3117 2155 3154 ὠ·
2169 3117 2286 3156 Wlles,

1863 3180 1884 3196 „
1902 3159 2013 3187 Decano
2030 3161 2123 3188 Oxon.

1863 3218 1883 3234 „
1901 3198 2014 3225 Decano
2027 3197 2060 3226 de
2075 3194 2191 3234 Wlles,

1863 3258 1884 3274 „
1905 3237 2018 3265 Decano
2031 3238 2140 3265 Sarum.

1863 3297 1885 3313 „
1904 3276 2016 3304 Decano
2034 3273 2176 3314 Lyncoln,

1312 3068 1333 3085 „
1351 3042 1475 3084 Epifiopo
1487 3044 1619 3082 Lmdon,

1313 3107 1334 3125 „
1352 3082 1476 3124 Epifiopo
1494 3085 1627 3121 Wnton,

1312 3147 1333 3164 ‚,
1351 3122 1478 3162 Episcopo
1491 3124 1583 3151 Exon.

1312 3185 1334 3203 ‚‚
1355 3160 1477 3201 Episcopo
1491 3163 1623 3201 uagom,

1313 3225 1334 3240 ³,
1354 3199 1478 3239 Episcopo
1491 3197 1624 3237 Lincoln,

1310 3264 1331 3280 ‚‚
1352 3238 1476 3278 Episcopo
1493 3238 1588 3275 Elim,

1311 3302 1332 3319 „
1352 3277 1477 3318 Epistopo
1489 3281 1587 3308 Sarum
1595 3299 1606 3314 ,

1330 3379 1351 3396 „
1369 3358 1404 3386 In
1413 3353 1510 3394 forma
1516 3352 1653 3393 praedicta
1658 3350 1791 3430 [σὶὂῇιῖ
1803 3350 1970 3421 ίῗίιαῗέἒῖις
1983 3350 2023 3388 &0
2042 3349 2184 3382 Prioribus
2186 3347 2362 3390 fiebscr'ptis,

1309 3493 1331 3510 „
1347 3468 1437 3503 Teste
1449 3466 1534 3508 Rege
1545 3467 1617 3506 apud
1633 3466 1834 3499 Wodestocke
1843 3490 1853 3506 ‚
1874 3467 2011 3500 vicefimo
2029 3474 2131 3507 quarto
2144 3464 2190 3497 die
2202 3463 2379 3498 Decembri».

1861 3568 1883 3585 „
1900 3544 2014 3575 Abbati
2027 3544 2060 3574 de
2071 3542 2245 3584 Meffenden‚

1861 3608 1883 3624 „
1898 3586 1990 3613 Priori
2004 3583 2036 3612 de
2050 3585 2180 3622 Lenton,

1861 3645 1883 3663 ‚,
1901 3621 2014 3652 Abbati
2027 3621 2059 3651 de
2074 3619 2169 3660 Bello,

1861 3685 1884 3703 ‚,
1900 3663 1992 3691 Priori
2000 3660 2115 3690 Ordinis
2121 3660 2154 3689 de
2162 3654 2375 3696 Sempringham‚

1902 3701 1993 3729 Priori
2008 3699 2041 3728 de
2056 3700 2191 3735 Watton‚

1860 3724 1884 3779 ,Ξ
1903 3740 1993 3768 Priori
2012 3735 2161 3816 Holspitalit
2181 3736 2209 3764 S.
2228 3731 2372 3799 Jolbannis

1861 3838 1882 3856 „
1898 3775 2373 3860 Μῖἔῇξῖᾪζὶῖἶέῗεῖηῗῗῑΐᾌη-

1860 3914 1882 3932 ,,
1899 3851 2203 3927 Atbfil'iaz'eamesoenfi,

1860 3953 1882 3970 „
1897 3929 2012 3961 Abbati
2024 3927 2057 3957 de
2068 3927 2176 3963 Burgo,

1860 3991 1883 4008 ,‚
1901 3966 2014 3998 Abbati
2028 3964 2061 3994 de
2076 3962 2203 4004 Thorney

1861 4028 1883 4045 ‚,
1901 4003 2014 4036 Abbati
2026 4002 2058 4032 de
2073 4000 2191 4033 croulan
2216 4025 2228 4042 ,

1861 4065 1883 4083 „
1901 4041 2015 4075 Abbati
2029 4039 2138 4082 Cestriae
2145 4063 2155 4081 ,

1309 3573 1329 3589 „
1347 3547 1462 3578 Abbati
1474 3546 1570 3576 Sant‘li
1583 3545 1741 3585 Edmundi,

1309 3611 1331 3628 „
1347 3585 1463 3617 Abbati
1474 3585 1507 3614 de
1524 3583 1692 3621 Wautham,

1309 3649 1330 3666 ‚,
1349 3624 1464 3655 Abbati
1476 3624 1509 3652 de
1522 3623 1621 3651 Sanan
1636 3622 1768 3662 Albam,

1310 3687 1332 3704 „
1349 3662 1446 3692 Eleate
1457 3663 1489 3692 de
1503 3659 1641 3697 Evelham

1308 3725 1330 3742 „
1349 3700 1464 3731 Abbati
1477 3684 1761 3741 Wstmonasserienfi‚

1308 3763 1331 3781 ‚‚
1346 3736 1541 3807 staats
1554 3739 1656 3807 2⁷²5!

1347 3815 1461 3846 Abbati
1474 3815 1506 3845 de
1519 3789 1674 3856 Οἰνεησεβῆῗ

1308 3878 1329 3895 „
1345 3853 1461 3885 Abbati
1473 3855 1506 3884 de
1523 3855 1671 3896 Waverle,

1308 3917 1330 3934 „
1349 3895 1441 3923 Priori
1455 3891 1574 3932 Elienfi,

1308 3955 1330 3972 „
1347 3933 1440 3961 Priori
1452 3934 1579 3962 Norwic.

1308 3993 1329 4009 '³
1346 3971 1625 4048 ZZZJ‘ZJSJZY‘

1309 4031 1330 4087 ζζ
1346 4048 1437 4079 Prion·
1449 4050 1478 4080 s.
1493 4021 1667 4089 masobia
1681 4049 1772 4086 om,

2392 3783 2523 3822 *1303-

1309 3802 1331 3819 ³>

1308 3841 1330 3857 ²>

2274 4080 2295 4116 ἐι
2310 4077 2376 4113 Ab}
