2570 4261
715 172 827 212 ET
910 171 1179 214 ACTA
1260 168 1742 211 PUBLICA.

27 287 104 320 Ann.
118 282 160 316 D.

28 335 101 394 332¹
110 334 144 392 ¹2·-
245 335 273 362 *ἶ
297 340 355 371 Pro
375 336 505 370 Ricardo
523 337 559 370 de
577 335 726 370 Cornnbia
742 349 844 371 contra
863 341 1023 371 citationes
1031 340 1161 385 Papales.

30 404 121 477 {7171}
181 420 314 483 REX
336 420 561 460 Archiepiscopis
572 445 582 460 ,
606 421 749 460 Episcopis
763 446 773 460 ,
797 422 952 453 Abbatibus
966 446 975 461 ,
993 423 1152 462 Prioribus,
1171 423 1234 453 De-

259 459 334 490 canis
350 484 359 498 ,
386 459 600 490 Archidiaconis
614 483 623 498 ,
648 459 843 499 Cancellaiiis,
860 461 1000 499 Sacristis,
1018 461 1235 500 Praebendariis,

181 499 211 527 in
227 497 377 535 Ecclesiis,
394 497 605 529 Cathedralibus
618 498 662 528 seu
679 497 857 538 Collegiatis,
875 500 907 529 δε
922 501 1054 530 omnibus
1068 500 1125 529 aliis
1140 500 1235 537 perso-

182 537 224 565 nis
248 535 448 567 Ecclesiasticis
461 560 470 574 ,
493 537 523 566 in
543 545 710 574 quacunque
728 536 860 576 dignitate
873 538 919 568 vel
934 537 1045 568 Officio
1059 538 1235 576 constitutis,

179 574 214 604 ad
229 583 317 613 quos,
334 575 394 604 &c.
413 574 537 606 salutern.

215 612 285 651 Jura
306 611 400 643 nostra
416 613 492 649 regia
506 613 670 643 conservare
691 612 785 650 illaesa,
803 623 857 644 nec
872 624 932 644 non
947 615 980 645 &
989 613 1111 652 judicia,
1129 615 1158 644 in
1173 614 1236 645 Cu-

182 651 222 680 ria
235 649 333 681 nostra
349 652 400 681 rite
417 650 538 689 reddita,
556 661 592 681 eo
606 650 768 688 diligentius
786 660 968 682 manutenere
983 675 993 689 ,
1011 662 1066 682 nec
1082 662 1142 682 non
1155 654 1187 683 ὃς
1203 653 1236 682 il-

181 689 240 728 los,
260 689 310 727 qui
327 688 396 727 Jura
416 689 461 720 illa
483 689 650 726 impugnare
671 691 795 719 nituntur
809 714 819 728 ,
843 691 989 720 refraenare
1009 700 1061 720 nos
1083 692 1236 728 convenit,

183 737 245 766 quo
259 727 314 765 ipsa
323 727 442 766 judicia,
461 727 536 757 dicta
550 726 645 757 nostra
655 726 722 764 Jura
735 726 885 765 specialiter
900 736 1013 766 tangere
1021 728 1212 759 dinoscuntur.

223 765 304 797 Csim
327 767 411 805 igitur
433 764 551 795 dileetus
570 764 800 805 consanguineus
819 766 852 797 &
866 765 994 796 Clericus
1010 766 1119 804 noster,
1137 766 1239 796 Ricar-

184 803 237 835 dus
254 803 290 834 de
312 802 462 834 Cornubia
474 828 483 841 ‚
502 803 709 871 1possessionem
724 804 891 834 Praebendae
904 804 940 834 de
953 804 1192 842 Northnenbald,
1210 806 1239 834 in

186 841 315 874 Ecclesia
327 842 400 872 beati
414 841 489 871 Petri
518 842 647 880 borum,
664 845 766 873 virtute
781 842 949 873 Collationis
963 842 1083 881 nostrae,
1102 844 1187 880 pleno
1200 844 1242 880 ju-

188 891 220 911 re
243 881 337 919 Regio
359 879 451 909 eidem
471 879 598 911 Ricardo
618 880 684 910 inde
698 880 795 919 fa&ae,
814 891 863 918 per
878 880 1132 911 confiderationem
1146 881 1243 912 Curiae

188 918 310 957 nostrae,
328 917 436 948 dudum
447 918 540 949 fuiffet
552 919 680 956 adeptus:

229 956 274 987 Ac
289 956 503 987 intellexerimus
516 981 525 994 ,
545 958 605 995 jam
620 956 656 986 de
671 967 766 996 novo,
784 956 862 995 quod
879 956 1011 995 quidam,
1031 958 1086 987 'ura
1102 957 1198 987 nostra
1211 958 1244 989 &

186 995 291 1035 judicia
304 995 461 1033 hujusmodi
476 996 603 1026 volentes
620 1005 674 1033 pro
686 996 792 1025 viribus
805 997 987 1034 impugnare,
1034 995 1247 1034 ommiffiones,

191 1044 242 1072 per
260 1043 325 1071 quas
338 1033 430 1063 dietus
445 1032 676 1072 Consanguineus
691 1034 724 1064 &
738 1032 867 1064 Clericus
880 1033 990 1072 noster,
1008 1036 1086 1072 super
1101 1033 1248 1071 poffeffio—

193 1083 230 1102 ne
245 1071 411 1102 Praebendae
422 1071 564 1109 praedistae
572 1095 582 1110 ,
600 1071 692 1109 poffet
704 1071 739 1102 de
752 1072 825 1102 facili
836 1071 964 1103 indebite
976 1073 1148 1111 perturbari,
1165 1072 1247 1103 alicui

195 1109 325 1143 vestrum
337 1110 396 1140 fieri
411 1110 612 1148 procurarunt3

233 1149 303 1179 Nos
315 1171 325 1187 ‚
351 1148 477 1178 volentes
491 1150 554 1187 jura
575 1149 609 1179 &
626 1147 731 1186 judicia
744 1148 876 1186 praedic‘ta
895 1149 924 1178 in
944 1149 1078 1179 omnibus
1092 1149 1126 1179 &
1140 1149 1250 1188 singulis

197 1195 379 1218 manutenere
391 1210 401 1224 ,
420 1187 452 1216 &
469 1196 584 1216 conatus
598 1185 710 1216 illicitos
724 1186 838 1217 illorum
851 1209 861 1225 ,
879 1188 928 1225 qui
936 1188 1016 1225 jura,
1036 1187 1082 1218 seu
1089 1187 1193 1226 judicia
1205 1187 1251 1219 illa

198 1226 365 1264 impugnare
375 1225 533 1263 voluerint,
552 1232 684 1262 quatenus
700 1227 869 1263 poterimus,
887 1226 1050 1263 refraenare,

238 1263 330 1293 Vobis
350 1263 485 1293 omnibus
505 1264 539 1294 &
557 1263 667 1301 lingulis
685 1263 858 1302 injungendo
877 1262 993 1294 firmiter
1007 1264 1182 1303 inhibemus,
1201 1274 1253 1302 ne,

199 1310 337 1341 praetexm
357 1301 472 1338 alicujus
494 1300 712 1331 Commiffionis
727 1325 737 1339 ,
759 1302 842 1332 vobis
860 1302 907 1331 vel
926 1302 1009 1332 alicui
1024 1301 1151 1333 vestrum
1164 1327 1174 1340 ,
1204 1312 1254 1340 per

224 1349 403 1377 uemcunque
423 1339 506 1369 faetae
527 1339 573 1369 vel
586 1338 737 1377 faciendae,
752 1340 830 1377 super
844 1339 1014 1377 possessione
1025 1339 1109 1371 dic‘tae
1122 1341 1256 1371 Praeben-

200 1352 263 1416 dae,
281 1387 329 1408 aut
341 1377 476 1415 aliquibus
492 1377 525 1407 ad
538 1387 600 1407 eam
615 1377 817 1415 pertinentibus
833 1399 842 1415 ,
869 1379 1038 1416 quicquam,
1056 1379 1139 1409 nobis
1152 1380 1256 1410 incon-

29 483 83 508 An.
98 487 125 514 5.

32 522 62 545 Ε.
84 527 111 544 2.

32 559 92 583 Pat.
108 562 137 589 5.

31 597 62 621 Ε.
79 602 105 620 2.
120 598 145 629 p.

36 640 107 659 1.m.
119 638 162 665 19.

201 1417 294 1455 sultis,
311 1416 403 1446 facere
442 1416 590 1446 raesumatis
602 1439 611 1453 ‚
629 1425 678 1453 per
691 1415 769 1453 quod
784 1415 867 1446 nobis
881 1424 927 1446 aut
939 1418 995 1454 Juri
1007 1416 1137 1447 Coronae
1151 1417 1256 1447 nostrae

202 1453 399 1495 praejudicium
442 1455 481 1483 eri
529 1454 576 1484 seu
597 1453 688 1483 dictus
711 1453 941 1493 consanguineus
953 1455 986 1486 &
1000 1454 1128 1486 Clericus
1144 1456 1259 1494 noster,

204 1493 284 1531 super
296 1492 465 1530 possessione
485 1477 530 1523 iiia
547 1491 713 1522 Praebendae
733 1492 876 1530 praedictae
890 1515 900 1530 ‚
917 1493 962 1523 seu
975 1493 1136 1531 aliquorum
1149 1494 1183 1524 ad
1196 1504 1261 1524 ean-

205 1531 273 1562 dem
286 1531 485 1569 speetantium,
503 1530 628 1560 indebite
641 1532 794 1569 perturbari
808 1531 895 1561 valeat
909 1541 1028 1570 quoquo
1043 1532 1142 1562 modo.

245 1569 371 1601 Scientes
384 1592 394 1607 ,
419 1578 471 1606 pro
481 1576 561 1599 certo
574 1592 584 1607 ,
602 1568 697 1606 quod,
714 1568 734 1598 si
748 1570 825 1600 secus
840 1570 975 1608 feceritis,
991 1570 1026 1600 ad
1040 1581 1109 1609 vos,
1127 1580 1260 1609 tanquam

207 1607 242 1639 ad
257 1607 408 1640 violatores
416 1608 485 1647 juris
503 1606 594 1638 nostri
607 1606 707 1647 Regii,
721 1616 781 1639 non
795 1608 959 1647 immerito,
975 1609 1094 1647 graviter
1109 1610 1261 1648 capiemus.

242 1684 278 1716 ln
289 1684 385 1724 cujus,
402 1684 464 1716 &c.

246 1760 338 1794 Teste
349 1759 432 1802 Rege
447 1760 520 1799 apud
534 1759 670 1793 London.
687 1771 737 1801 27.
755 1761 801 1793 die
815 1759 944 1803 Augusti.

721 1838 775 1869 Per
789 1842 883 1870 Breve
894 1839 926 1869 de
934 1841 1050 1879 privato
1063 1838 1162 1878 sigillo.

213 1969 272 2001 Pro
292 1964 390 1999 eodem
412 1964 543 1999 Ricardo
554 1992 565 2009 ‚
591 1965 627 1998 de
642 1966 702 1999 illis
717 1963 879 2009 arestandis
895 1969 949 2013 qui
965 1966 1123 1999 Citationes
1135 1965 1269 2010 faciunt.

61 2045 140 2080 nnn.
154 2043 196 2077 D.
286 2050 350 2082 EX
375 2049 601 2082 vicecomitibus
615 2076 625 2089 ‚
649 2051 760 2082 Baiiivis
773 2074 784 2090 ‚
802 2050 957 2090 Minima,
975 2052 1009 2083 sc
1023 2051 1159 2083 omnibus
1171 2051 1227 2082 aliis
1240 2051 1274 2082 fi-

91 2093 178 2125 1311·
296 2090 403 2121 delibus
416 2089 482 2129 suis,
501 2090 560 2121 tam
572 2090 643 2120 infra
656 2090 810 2128 libertates,
828 2089 914 2129 quam
930 2099 1004 2121 extra
1019 2115 1029 2128 ‚
1055 2090 1089 2121 ad
1105 2100 1193 2129 qum,
1211 2091 1271 2122 &c.

67 2129 160 2193 :gf-
213 2128 336 2160 salutern.

249 2167 318 2206 Jura
331 2166 427 2197 nostra
441 2167 550 2206 Regia,
567 2164 627 2201 &a
647 2172 678 2196 ut
693 2165 773 2205 ficpra
787 2165 884 2207 usque,
901 2176 954 2205 pro
968 2167 1072 2198 viribus
1094 2168 1273 2207 impugnare,

63 2203 171 2232 Ibidem·
216 2206 434 2244 provocationes
450 2204 495 2240 ,δε
518 2207 664 2236 citationes
684 2206 774 2236 facere
787 2229 797 2243 ‚
828 2215 861 2235 ac
881 2203 1076 2243 appellationes
1095 2206 1275 2243 interponere

216 2251 386 2282 procurant,
400 2253 451 2282 per
465 2254 531 2281 quas
545 2244 636 2274 dietus
650 2243 880 2283 Consanguineus
895 2245 928 2274 &
943 2243 1071 2274 Clericus
1084 2243 1180 2274 noster
1193 2244 1274 2282 super

216 2282 387 2321 poffeffione
405 2282 549 2319 praediffitae
569 2281 736 2312 Praebendae
752 2304 762 2320 ,
784 2281 822 2312 fic
844 2279 898 2312 rite
910 2281 1026 2320 adepta,
1045 2281 1137 2320 poffet
1151 2281 1187 2312 de
1200 2282 1274 2313 facili

216 2320 342 2351 indebite
354 2320 515 2357 inquietari:

255 2358 324 2389 Nos
341 2357 485 2394 volentes,
503 2355 563 2391 ὠς.
583 2362 615 2386 ut
623 2355 709 2396 fiaepra
723 2356 819 2401 usque,
834 2357 997 2388 resraenare:

255 2396 347 2426 Vobis
366 2396 544 2435 praecipimus
560 2418 570 2433 ,
587 2395 703 2425 firmiter
718 2393 907 2434 injungendo,
926 2395 1003 2433 quod
1017 2395 1127 2426 dietum
1142 2395 1271 2427 Consan-

216 2433 400 2471 sanguineum
418 2433 452 2464 &
473 2432 620 2464 Clericum
639 2433 771 2463 nostrum
791 2435 820 2462 in
840 2433 1010 2471 possessione
1023 2433 1188 2465 Praebendae
1202 2445 1275 2473 prae-

218 2473 305 2504 dietae
321 2472 534 2509 manuteneatis,
553 2471 702 2511 protegatis
717 2473 750 2503 &
763 2471 932 2510 defendatis3
949 2482 1010 2502 non
1025 2474 1215 2510 permittentes
1230 2475 1275 2514 ip-

220 2512 282 2544 sum
296 2510 361 2541 inde
373 2511 518 2548 inquietari
531 2509 656 2540 indebite
669 2509 715 2540 seu
730 2510 842 2540 turbari.

258 2549 312 2587 Et,
332 2549 401 2587 {iqui
420 2548 522 2578 fuerint
539 2570 549 2587 ,
575 2549 624 2586 qui
638 2549 870 2586 provocationes,
887 2547 933 2579 seu
947 2548 1093 2580 citationes
1105 2548 1211 2588 facere,
1228 2558 1276 2581 aut

218 2588 434 2629 appellationes,
452 2586 499 2617 seu
521 2588 571 2617 alia
588 2586 787 2624 impedimanta
807 2596 985 2625 quaecunque
1006 2586 1186 2626 interponere
1199 2599 1273 2627 prae-

220 2626 403 2664 sumpserint,
422 2635 472 2663 per
507 2631 550 2656 uae
564 2624 646 2655 nobis
658 2646 669 2663 ‚
692 2632 738 2656 aut
746 2625 803 2663 juri
817 2624 944 2655 Coronae
958 2624 1063 2655 nostrae
1078 2627 1273 2665 praejudicium

221 2665 299 2703 fieri,
316 2665 361 2696 seu
374 2664 464 2694 dietus
527 2664 711 2700 nsanguineus
734 2664 768 2694 ὅ(
784 2662 913 2694 Clericus
927 2663 1022 2694 noster
1036 2664 1115 2702 super
1128 2665 1275 2702 poss'essio-

222 2714 259 2735 ne
273 2702 319 2734 sua
334 2702 500 2733 Praebendae
515 2702 658 2743 praediftae
670 2701 795 2733 indebite
810 2701 897 2732 valeat
914 2702 1066 2740 perturbari
1072 2726 1082 2742 ,
1099 2711 1168 2734 tunc
1184 2703 1277 2742 hujus-

225 2741 304 2773 modi
324 2749 511 2779 provocantes
525 2763 536 2779 ,
557 2741 684 2778 citantes,
703 2740 737 2770 &
750 2740 932 2808 apspellantes,
950 2741 994 2771 seu
1011 2741 1065 2771 alio
1081 2741 1172 2772 modo
1185 2743 1276 2781 impe-

224 2780 348 2817 dientes,
367 2778 492 2817 arestari,
509 2781 543 2811 &
562 2780 593 2809 in
614 2778 725 2817 prison&
736 2788 775 2809 no
804 2777 831 2808 ra
844 2778 923 2822 salvo
937 2778 1073 2811 custodiri
1086 2779 1207 2821 faciatis,
1223 2781 1276 2813 do-

226 2828 282 2850 nec
296 2818 369 2849 aliud
386 2828 402 2848 a
414 2818 497 2848 nobis
510 2817 658 2849 habueritis
670 2818 699 2848 in
715 2824 870 2856 praeceptis.

262 2856 354 2888 Teste
367 2865 399 2887 ut
410 2856 497 2895 supra.

733 2935 787 2964 Per
799 2936 894 2964 Breve
908 2934 940 2963 de
947 2936 1063 2972 privato
1077 2933 1175 2972 Sigillo.

324 3060 383 3092 Pro
397 3053 616 3092 Executoribus
635 3056 814 3100 Testamenti
831 3060 960 3092 Antonii
975 3058 1185 3101 Dnnelmensis.

84 3151 159 3184 Ami.
171 3149 215 3180 D.
233 3143 368 3207 REX
393 3143 546 3188 omnibus,
562 3142 596 3173 ad
611 3152 698 3187 qum,
715 3144 776 3175 ὅτε.
794 3144 914 3189 salutern.
1136 3183 1142 3189 ,
1253 3182 1269 3189 ..

104 3199 191 3230 1311.
333 3182 369 3213 N
370 3192 484 3227 overitis
497 3192 549 3226 nos
561 3191 647 3212 teneri
751 3182 957 3227 Executoribus
966 3181 1144 3227 Testamenti
1151 3182 1288 3227 Antonii,

85 3234 137 3259 Αῃ,
155 3238 182 3265 5,
235 3220 532 3265 quondam-Episcopi
553 3219 750 3264 Dunelmensis
769 3221 894 3265 defuncti
909 3244 918 3260 ,
950 3231 979 3251 in
1001 3222 1078 3252 mille
1092 3245 1102 3260 ,
1125 3221 1264 3252 trescentis
1277 3245 1288 3259 ,

85 3273 117 3297 Ε.
133 3277 159 3295 2.
237 3261 452 3305 quaterviginti,
469 3260 503 3291 &
521 3259 541 3278 *
559 3258 604 3288 sex
615 3258 705 3296 libris,
723 3259 870 3290 tresdecim
884 3260 976 3291 solidis
991 3282 1002 3298 ‚
1020 3260 1054 3291 &
1069 3268 1189 3298 quatuor
1203 3258 1289 3290 dena-

86 3310 146 3334 ΡΜ.
162 3315 189 3341 5.
235 3308 298 3337 rm,
422 3336 427 3342 .
576 3335 581 3341 ⁶
683 3335 688 3341 Ι
835 3336 840 3342 .

85 3348 118 3372 Ε,
133 3354 160 3373 2,
169 3350 194 3381 p,
276 3337 335 3380 Pro
355 3337 380 3367 ci
400 3337 442 3366 his
456 3359 466 3374 ,
488 3334 596 3379 &ollis
615 3345 720 3380 aureis,
739 3337 880 3374 tentoriis,
899 3336 933 3367 ὃς
948 3346 1008 3367 uno
1021 3347 1114 3374 panno
1129 3336 1267 3380 broudato
1279 3361 1289 3376 ,

93 3392 218 3411 1,m,20.
238 3377 274 3406 ab
297 3375 358 3414 ipsis
385 3415 388 3419 Ι
406 3374 585 3405 xecutoribus
607 3381 709 3412 emptis
730 3373 764 3404 ad
785 3384 857 3412 opus
870 3373 1017 3414 nostrum,
1035 3375 1172 3407 solvendis
1187 3375 1288 3406 eisdem

89 3421 181 3494 ἓξὲ-
237 3414 529 3490 Exffiigoriltffigfioet'
544 3449 694 3481 medietate
714 3451 744 3481 in
765 3449 851 3481 Festo
871 3450 1073 3482 Purificationis
1085 3451 1175 3482 Beatae
1187 3450 1290 3482 Mariae

238 3491 291 3522 Vir
312 3491 367 3534 inis·
373 3490 508 3537 proximo
524 3489 634 3532 futuro:
781 3527 787 3533 ⁶
811 3528 816 3533 ⁵
859 3528 864 3533 .
982 3528 987 3534 ⁸
1115 3529 1120 3535 .
1215 3527 1221 3534 ι

305 3539 316 3560 t
335 3528 386 3559 aha
407 3528 553 3559 medietate
575 3537 604 3558 in
620 3525 704 3558 Festo
715 3526 878 3560 Nativitatis
893 3527 1134 3567 SanetiJohanms
1145 3527 1289 3568 Baptistae,

240 3569 376 3607 proximo
391 3567 522 3605 sequenti.

279 3606 315 3637 In
330 3606 418 3643 cujus,
436 3606 496 3636 δίε.

279 3681 369 3714 Teste
383 3681 469 3720 Rege
482 3680 556 3721 apud
568 3681 704 3712 London.
723 3682 770 3714 28.
789 3682 835 3714 die
848 3681 978 3723 Augusti.

526 3761 580 3788 Per
595 3758 700 3789 Billam
710 3758 848 3797 Ingelardi
858 3758 975 3800 Custodi:
989 3758 1152 3790 Garderobae
1167 3760 1254 3797 Regis.

97 3853 173 3885 Ann.
186 3851 229 3884 D.
593 3886 599 3892 ,
872 3886 877 3892 .
960 3886 965 3892 .
990 3887 994 3892 .

116 3900 204 3932 1311.
452 3885 500 3915 De
519 3886 612 3916 Scotxs
627 3882 671 3916 ad
680 3894 785 3929 pacem
803 3886 890 3930 Regu
906 3883 1086 3930 recipiendis.

93 3934 193 3998 {ina-5
248 3965 374 4024 REX
398 3969 546 4013 omnibus,
564 3968 598 3998 ad
614 3978 701 4012 quos,
719 3968 779 3999 &c.
799 3968 920 4013 salutem.
998 4008 1003 4013 ¹
1076 4008 1080 4013 Π
1141 4007 1147 4013 ι

98 4011 166 4035 scot.
185 4015 212 4042 5.
342 4004 390 4035 De
409 4005 539 4037 fidelitate
559 4007 591 4037 ὃς
614 4007 874 4044 circumspec‘tionis
889 4005 1038 4046 industria,
1054 4005 1149 4038 dileeci
1163 4006 1197 4038 δε
1210 4005 1297 4038 fidelis

98 4049 130 4120 ξ.
147 4054 174 4074 2.
187 4053 225 4073 m.
249 4042 359 4113 nossorrii
372 4043 546 4114 {ilgenlipde
559 4046 678 4084 Bohun,
696 4044 902 4078 Constabularii
920 4045 1013 4080 Castn'
1029 4045 1067 4079 de
1085 4045 1274 4086 Loghmaban
1288 4069 1299 4084 2

2242 183 2323 222 195

1287 254 1376 284 lenius
1398 255 1586 292 confidentes,
1606 255 1696 286 eidem
1720 254 1854 285 Gilberto
1876 251 2027 290 recipiendi
2049 251 2082 283 ad
2105 261 2203 292 pacem
2219 253 2251 284 &
2267 264 2321 285 vo·
2337 257 2414 287 Arm,
2424 255 2468 285 D.

1276 302 1401 322 untatem
1424 293 1549 323 nostram
1570 295 1700 324 homines
1719 294 1754 323 de
1773 293 1886 329 Scocifi,
1905 301 2003 322 contra
2023 302 2074 322 nos
2087 291 2253 329 ezistenoes,
2268 294 2321 330 ,qui
2358 303 2443 334 1311,

1265 330 1299 360 ad
1315 340 1415 368 pacem
1430 332 1463 362 ὅς
1477 333 1649 362 voluntatem
1664 331 1787 361 nostram
1803 333 1898 361 venire
1914 330 2068 369 voluerint,
2084 330 2197 369 plenam
2210 353 2221 368 ,
2241 338 2322 361 teno*
2338 338 2405 363 Eae.
2424 343 2449 359 2.

1265 378 1296 399 re
1307 369 1505 408 presentium,
1524 369 1711 400 concedimus
1725 368 1902 409 pozestatem.

1305 444 1340 476 In
1352 445 1446 483 cujus,
1463 444 1524 477 &c.
1541 443 1676 484 quamdiu
1689 445 1772 476 nobis
1785 445 1936 483 placuerit,
1955 444 2078 476 duratur.
2213 414 2234 438 ⁸

1305 521 1392 552 Teste
1405 521 1487 561 Rege
1504 522 1577 560 apud
1593 522 1730 553 London.
1751 523 1777 553 8.
1795 522 1842 552 die
1853 521 2002 552 Ostobris.

1479 645 1528 676 De
1547 643 1725 676 Protestione
1741 653 1797 689 pro
1814 646 1899 677 Petro
1916 641 1952 675 de
1966 640 2128 686 Gavaston.

1343 725 1408 757 EX
1434 726 1566 757 omnibus
1580 726 1703 763 Ballivis,
1721 726 1781 757 &c.
1799 726 1833 756 ad
1851 736 1939 764 quos,
1954 726 2013 757 &c.
2033 725 2157 756 salutem.
2347 726 2421 756 Arm.
2434 725 2477 756 D.

1374 765 1471 795 Sciatis
1485 765 1566 803 quod
1578 764 1745 801 suscepimus
1759 767 1788 795 iti
1803 765 2011 802 proteetionem
2025 764 2058 794 &
2071 763 2262 794 defensionem
2275 772 2330 794 rio-
2369 772 2455 803 1311.

1274 802 1357 832 stram
1378 803 1526 840 specialem
1538 827 1548 841 ,
1573 813 1626 832 nec
1649 812 1707 833 non
1727 804 1757 832 in
1779 803 1885 833 salvum
1900 803 1931 834 St
1945 802 2073 833 securum
2086 801 2262 832 conduetum
2276 811 2329 831 no-
2348 807 2400 830 Azi.
2415 812 2441 838 5.

1276 840 1384 879 strum,
1403 841 1540 871 dilestum
1555 841 1588 872 &
1604 840 1716 871 fidelem
1732 840 1881 880 nostrum,
1898 840 2016 871 Petrum
2037 839 2072 870 de
2086 840 2249 878 Gavaston,
2267 839 2332 870 Co-
2354 845 2380 868 Ε.
2403 851 2429 869 2.

1277 880 1377 909 mitem
1394 879 1566 916 Cornubiae,
1585 879 1614 908 in
1628 879 1770 909 veniendo
1784 878 1817 909 ad
1832 889 1886 909 nos
1906 879 1933 909 le
1949 877 2081 909 mandato
2093 877 2201 908 nostro.
2350 883 2408 906 Par.
2422 887 2450 914 5.

1317 916 1356 947 Et
1370 917 1436 947 ideo
1451 918 1535 948 vobis
1550 917 1717 947 mandamus
1731 917 1809 956 quod
1821 917 1914 948 eidem
1926 916 2032 955 Petro,
2044 924 2090 946 aut
2107 915 2288 954 hominibus,
2306 917 2335 946 in
2352 921 2382 945 Ε.
2400 927 2426 944 2.
2438 923 2464 953 p.

1281 954 1431 985 Comitiva
1452 955 1499 986 sua
1513 954 1691 985 existentibus
1727 957 1755 985 in
1771 955 1914 988 veniendi)
1926 955 2019 985 versus
2035 964 2103 992 nos,
2123 964 2182 985 non
2195 954 2334 992 inferatis,
2359 965 2426 984 r.m.
2438 961 2480 990 15.

1280 992 1344 1032 seu>
1383 1002 1498 1024 uantum
1520 995 1549 1023 in
1571 994 1653 1024 vobis
1672 980 1730 1032 eii,
1755 993 1791 1023 ab
1811 994 1867 1023 aliis
1884 992 1982 1023 inferri
1999 994 2163 1030 permittatis
2182 993 2311 1030 injuriam
2325 1016 2337 1030 ,

1283 1033 1362 1062 mole
1389 1033 1442 1062 iam
1452 1055 1462 1069 ‚
1477 1031 1633 1069 dampnum
1643 1055 1653 1069 ‚
1672 1030 1907 1072 impedimentum
1920 1029 2032 1069 aliquod
2042 1052 2052 1068 ‚
2068 1031 2113 1060 seu
2126 1041 2299 1069 gravamen3

1320 1069 1368 1100 Set
1389 1070 1482 1115 eidem
1503 1069 1591 1099 Petro
1610 1069 1705 1107 potitis
1720 1069 1827 1100 salvum
1849 1070 1882 1100 &
1897 1068 2026 1099 securum
2041 1068 2220 1099 conduetum
2234 1069 2336 1099 habere

1281 1108 1402 1147 faciatis,
1427 1117 1495 1138 cum
1507 1108 1543 1137 ab
1556 1107 1616 1145 ipso
1628 1117 1662 1138 ex
1675 1115 1752 1146 parte
1762 1106 1859 1140 nostrii
1871 1106 1950 1145 super
1965 1106 2024 1137 boc
2039 1106 2140 1137 fueritis
2155 1107 2284 1145 requisiti.

1320 1183 1355 1214 In
1372 1184 1449 1223 cujus
1462 1207 1472 1223 ,
1497 1185 1558 1215 &a
1577 1182 1662 1221 usque
1679 1182 1714 1214 ad
1736 1182 1854 1214 Festum
1873 1182 2007 1214 omniurn
2020 1181 2194 1213 Sanctorum
2207 1182 2340 1221 proximo

1284 1223 1411 1254 futurum
1424 1222 1573 1253 duraturas.

1322 1296 1413 1329 Teste
1427 1296 1509 1337 Rege
1521 1295 1595 1337 apud
1607 1295 1744 1328 London.
1761 1298 1789 1329 8.
1806 1296 1853 1328 die
1866 1296 2012 1328 octobris.

1972 1373 2026 1402 Per
2041 1369 2123 1412 ipfiem
2137 1372 2241 1409 Regem.

1292 1497 1351 1532 Ad
1370 1501 1478 1546 Regem
1503 1497 1628 1542 Castellae
1655 1498 1840 1545 Responfhriae
1855 1525 1865 1541 ‚
1899 1496 2006 1545 quibus
2025 1498 2060 1544 ft
2090 1500 2156 1530 Rex
2178 1497 2301 1543 excussat
2315 1495 2352 1530 de

1463 1547 1623 1592 cujusdam
1639 1550 1764 1594 pecuniae
1778 1550 1907 1582 Summae
1924 1557 2027 1580 mutuo
2036 1544 2188 1592 faciendo.

1298 1630 1385 1689 RE
1393 1630 1447 1662 GI
1466 1630 1597 1663 Castellae
1611 1631 1677 1663 Rex
1690 1631 1820 1671 Angliae,
1837 1630 1953 1663 salutem
1965 1632 1999 1663 &
2011 1630 2127 1663 fincerae
2140 1630 2298 1663 dileetionis
2311 1631 2353 1662 af·
2368 1634 2445 1666 Anii.
2460 1632 2501 1664 D.

1371 1670 1489 1700 fectum.
2392 1683 2405 1704 1
2433 1681 2478 1702 ιι.

1338 1707 1456 1740 Litteras
1470 1708 1572 1740 vestras
1586 1709 1622 1740 de
1642 1708 1813 1747 Credentia,
1831 1708 1914 1739 nobis
1935 1718 1984 1746 per
1999 1706 2164 1739 Dominum
2181 1707 2353 1739 Ferrandum
2372 1682 2426 1741 Aa}
2439 1722 2468 1748 5.

1301 1745 1506 1777 Gundesalumi
1520 1771 1530 1787 ,
1553 1748 1672 1779 latorem
1695 1748 1871 1786 praesentium
1886 1771 1897 1785 ‚
1920 1746 2052 1785 direstas,
2070 1748 2226 1786 recepimus
2241 1757 2300 1778 non
2314 1746 2356 1777 est
2377 1756 2405 1779 Ε.
2426 1760 2452 1777 2.

1300 1784 1367 1824 diu,
1382 1785 1515 1823 idemque
1536 1786 1690 1816 Ferrandus
1703 1809 1713 1825 ‚
1738 1785 1912 1817 credentiam
1927 1808 1936 1824 ‚
1954 1785 2004 1815 fibi
2021 1786 2048 1814 in
2063 1786 2115 1816 hac
2132 1794 2206 1824 parte
2218 1786 2357 1816 commis-
2373 1788 2459 1826 claus.
2477 1794 2505 1822 ς.

1301 1823 1376 1861 sam,
1395 1824 1512 1854 seriatim
1532 1834 1676 1863 exponens
1692 1846 1702 1862 ,
1721 1825 1793 1854 inter
1806 1833 1926 1862 caetera,
1941 1833 2012 1862 nos,
2029 1832 2063 1853 ex
2079 1831 2153 1861 parte
2168 1823 2274 1862 vestra,
2290 1833 2358 1854 cuui
2378 1831 2409 1855 Ε.
2427 1837 2452 1854 2.
2469 1834 2506 1852 m.

1301 1859 1429 1892 instantia
1443 1862 1582 1900 requisivit
1597 1871 1645 1901 ut,
1659 1865 1688 1892 in
1703 1862 1917 1893 subventionem
1927 1861 2110 1902 expeditionis
2123 1871 2229 1902 guerrae
2239 1885 2247 1900 ,
2262 1871 2363 1900 quam,
2381 1874 2424 1903 23·
2438 1864 2465 1894 A.

1303 1899 1339 1930 ad
1358 1899 1553 1931 exaltationem
1572 1901 1638 1931 fidei
1660 1899 1830 1931 Christianae
1846 1923 1856 1939 ,
1880 1900 1949 1931 Deo
1970 1900 2054 1931 dante
2067 1923 2077 1938 ,
2105 1909 2204 1930 contra
2223 1900 2362 1930 Inimicos

1306 1935 1429 1977 Christi,
1444 1939 1520 1977 jam,
1536 1948 1566 1969 ut
1582 1939 1708 1977 asseruit,
1727 1937 1904 1977 affumpfistis
1914 1961 1925 1977 ,
1949 1937 1985 1968 de
2005 1938 2127 1976 quadarn
2143 1940 2272 1977 pecuniae
2287 1937 2364 1968 suni-

1306 1975 1355 2010 ,ma
1370 1985 1501 2007 mutuum
1516 1977 1609 2008 facere
1621 1987 1793 2008 curaremus.

1344 2014 1437 2046 Porto
1456 2015 1490 2046 ad
1512 2025 1543 2046 ea
1558 2040 1568 2055 ,
1594 2025 1659 2054 quae
1678 2014 1803 2046 vestrum
1822 2015 1965 2046 honorem
1986 2015 2020 2046 &
2042 2013 2192 2045 utilitatum
2207 2014 2364 2046 vestrarum

1307 2062 1492 2093 augmentum
1513 2062 1691 2085 concernunt
1706 2077 1715 2094 ,
1741 2054 1828 2092 parati
1853 2054 1946 2084 sumus
1960 2053 1993 2084 &
2007 2054 2110 2083 erimus
2125 2055 2153 2083 in
2166 2053 2312 2091 futurum3
2328 2053 2369 2085 set

1307 2101 1323 2122 a
1337 2101 1481 2130 tempore,
1501 2103 1559 2131 quo
1579 2093 1705 2132 regimen
1719 2091 1817 2130 Regni
1833 2091 1920 2123 nostri
1943 2091 2107 2129 disponente
2120 2091 2282 2123 Clementia
2294 2092 2368 2122 divi-

1308 2129 1346 2160 na
1364 2130 1531 2168 suscepimus
1545 2154 1554 2169 ,
1575 2132 1634 2161 tam
1655 2129 1714 2161 dirfi
1736 2140 1898 2168 guerrarum
1922 2131 2123 2160 commotione
2143 2130 2172 2160 in
2187 2130 2260 2160 terra
2271 2129 2368 2160 nostra.

1308 2168 1429 2207 Scottis,
1446 2170 1479 2200 &
1494 2169 1551 2200 aliis
1564 2169 1770 2207 impedimentis
1786 2169 1900 2199 diverfis
1912 2193 1921 2205 ,
1941 2178 2006 2206 quae
2021 2168 2152 2198 nondum
2164 2168 2286 2206 cessant,
2304 2167 2368 2198 fue-

1307 2208 1393 2275 rimi‘iis
1410 2208 1517 2275 fatigat}
1530 2229 1540 2246 ,
1562 2207 1641 2246 quod
1662 2215 1794 2247 rogatum
1816 2207 1983 2245 praedistum
2005 2206 2098 2236 facere
2119 2215 2178 2236 non
2202 2206 2369 2244 possumus,

1329 2255 1366 2275 uo
1398 2255 1449 2275 nos
1463 2254 1499 2275 tae
1519 2254 1555 2275 et.

1308 2255 1328 2284 q
1343 2284 1527 2322 Qapropter
1539 2281 1661 2314 vestram
1676 2284 1830 2314 amicitiam
1845 2282 2003 2314 affestuofis
2017 2282 2146 2321 precibus
2159 2281 2347 2320 deprecamur
2357 2304 2371 2321 5

1307 2324 1435 2390 qu}tinus
1450 2331 1520 2360 nos,
1537 2323 1567 2352 in
1579 2322 1632 2352 hac
1646 2330 1738 2359 parte,
1756 2330 1792 2352 ex
1805 2321 1890 2353 causis
1903 2321 2044 2360 praedietis
2059 2342 2070 2360 ‚
2087 2321 2191 2351 habere
2208 2320 2297 2353 velitis
2313 2329 2362 2351 ex-

1307 2370 1344 2391 cu
1356 2368 1425 2390 atos.
2363 2371 2366 2373 ·

1345 2436 1414 2469 Dat.
1433 2435 1569 2467 London.
1587 2445 1615 2476 9.
1632 2434 1678 2466 die
1692 2435 1841 2468 Odiobris.

1308 2566 1336 2593 ἒ*
1354 2569 1402 2600 De
1422 2567 1525 2599 Terris
1548 2568 1584 2604 (ῥ’
1601 2567 1784 2600 Τὲηεηιεηιὶς
1800 2564 2039 2612 Templariorum
2051 2591 2061 2608 ‚
2086 2567 2122 2604 ά·
2140 2564 2265 2601 Wltm'
2280 2562 2373 2599 Lich-
2393 2563 2410 2581 *
2426 2562 2484 2593 111·

1572 2613 1711 2660 feldenfis
1735 2613 1866 2661 Epifiopi
1889 2611 2090 2657 custodiendis.
2395 2610 2460 2638 ²⁷9·

1309 2698 1431 2759 REX
1445 2698 1596 2737 omnibus,
1612 2698 1647 2730 ad
1664 2708 1750 2738 quOS,
1768 2699 1828 2731 &c.
1845 2698 1969 2731 salutem.

1380 2739 1477 2769 Sciatis
1504 2736 1584 2777 quod
1607 2738 1801 2768 commisimus
1826 2736 1930 2769 dileeto
1950 2738 1984 2769 &
2003 2736 2077 2769 fideli
2098 2736 2218 2776 nostro,
2243 2736 2375 2769 Roberto

1307 2776 1378 2808 Filio
1395 2775 1516 2814 Pagani,
1535 2774 1692 2807 custodiam
1708 2776 1842 2807 omnium
1857 2785 1990 2807 terrarum
2007 2777 2039 2808 &
2053 2785 2278 2808 tenementorum
2285 2777 2379 2806 Tem·

2395 2707 2472 2740 Arm.
2486 2704 2529 2738 D.

2418 2754 2504 2788 ¹31¹·

2425 2796 2439 2813 12

1312 2816 1486 2854 planorum,
1504 2815 1537 2846 &
1553 2814 1669 2845 Walteri
1680 2815 1716 2845 de
1738 2814 1888 2850 Laneeton
1903 2813 2067 2846 Coventriae
2079 2815 2112 2846 &
2129 2814 2301 2856 LychFeldiae
2314 2814 2380 2853 Epi·
2399 2789 2428 2852 ἕ,
2445 2794 2496 2850 25

1310 2855 1412 2892 scopi,
1435 2863 1504 2897 cum
1529 2854 1716 2891 pertinentiis,
1733 2852 1934 2897 in,Comitatu
1963 2853 2117 2892 Suthampt.
2140 2863 2203 2898 quae
2216 2853 2379 2898 quibusdam
2399 2864 2452 2890 Fin.
2466 2870 2494 2898 5,

1311 2892 1348 2923 de
1363 2891 1464 2936 causis,
1482 2901 1513 2922 m
1528 2901 1614 2923 manu
1629 2890 1723 2922 nostra
1736 2890 1873 2931 existunt,
1890 2890 2061 2923 Habendain
2075 2892 2209 2932 quamdiu
2223 2892 2305 2922 nobis
2321 2891 2379 2932 pla-
2398 2905 2427 2929 E.
2439 2908 2468 2930 2,
2480 2903 2519 2928 m,‘

1313 2939 1483 3007 cuftraitquod
1495 2967 1531 2998 de
1543 2968 1659 2998 exitibus
1671 2990 1682 3008 ,
1706 2967 1771 2999 inde
1786 2968 2015 3007 provenientibus
2025 2991 2038 3008 ‚
2063 2968 2147 3001 nobis
2168 2966 2329 3008 respondeat
2345 2967 2381 3001 ad
2404 2948 2444 2975 ¹⁷⁰

1314 3006 1494 3039 Scaccarium
1509 3005 1643 3037 nostrum.

1355 3044 1389 3076 In
1402 3046 1495 3084 cujus,
1514 3045 1575 3075 &c.

1351 3121 1440 3154 Teste
1453 3121 1534 3161 Rege
1547 3120 1619 3160 apud
1634 3120 1767 3153 London.
1785 3129 1814 3160 9.
1831 3121 1878 3153 die
1891 3121 2036 3154 Odiobris.

2062 3199 2116 3230 Per
2133 3197 2282 3239 Consilium.

1321 3278 1484 3312 Consimiles
1499 3276 1720 3310 Commissiones
1739 3275 1807 3309 fiunt
1821 3277 1976 3318 subscriptis
2008 3278 2045 3310 de
2065 3277 2224 3316 hujusmodi
2237 3275 2332 3308 Terris
2351 3276 2386 3309 δε

1453 3319 1655 3356 Tenementis,
1673 3319 1703 3348 in
1718 3316 1906 3349 Comitatibus
1917 3302 2089 3356 subscriptiS,
2106 3316 2255 3354 videlicet,

1319 3395 1447 3437 Johanni
1469 3396 1500 3426 de
1519 3394 1730 3435 PVylburgham‚
1747 3397 1777 3425 in
1792 3394 1968 3425 eomitatibus
1987 3391 2167 3430 Cantebrigiae
2188 3390 2227 3428 ό·
2242 3393 2383 3431 Hunting-

1359 3436 1442 3465 doniae
1455 3443 1461 3449 ·

1321 3455 1461 3504 Richardo'
1471 3470 1563 3502 Lovel
1569 3494 1579 3510 ‚
1596 3473 1624 3501 in
1638 3471 1818 3501 comitatibus
1831 3469 1992 3508 Somerfi’tiae
2005 3467 2043 3504 ὁ·
2054 3469 2207 3543 Dymae,-

1319 3515 1418 3543 Simoni
1430 3511 1462 3540 de
1474 3509 1598 3551 Heyford
1606 3509 1721 3548 clerico,
1739 3513 1767 3538 in
1783 3509 1960 3538 eomitatibus
1978 3507 2071 3546 Norff.
2139 3505 2206 3546 Suff

1322 3551 1448 3590 Johanni
1463 3550 1494 3579 de
1509 3547 1662 3586 Blexham,
1679 3550 1707 3576 in
1723 3547 1902 3576 comitatibus
1916 3549 2030 3576 Oxoniae
2070 3545 2173 3584 Berks,
2192 3544 2325 3576 Wiltoniae
2339 3542 2380 3580 ό·

1359 3588 1612 3625 Northamptoniae5
1632 3591 1738 3623 excepto
1746 3588 1874 3615 Manerio
1887 3585 1920 3615 de
1933 3568 2113 3625 Bistelsssam,
2130 3594 2186 3614 cum
2194 3587 2382 3623 pertinentiis,

1357 3630 1386 3656 in
1399 3627 1467 3656 didio
1481 3628 1622 3656 comitatu
1637 3624 1732 3653 Berks.

1324 3665 1450 3705 Johanm'
1466 3665 1497 3694 de
1510 3666 1571 3703 Ho,
1588 3667 1618 3693 in
1632 3665 1770 3693 comitatu
1787 3660 1881 3701 Effix,

1325 3704 1451 3743 Johanni
1464 3704 1495 3733 de
1508 3705 1640 3740 Ferariis,
1655 3704 1683 3730 in
1698 3703 1836 3730 Comitatu
1849 3698 1991 3740 Glaucestr.

1325 3742 1441 3772 Waltero
1461 3739 1632 3778 Waldeshef,
1654 3741 1811 3768 Manerium
1832 3738 2040 3778 Templariorum
2058 3737 2091 3768 de
2114 3736 2273 3779 Wytherflet
2287 3759 2298 3776 ‚
2323 3745 2382 3768 cnm
2440 3762 2442 3764 .

1359 3783 1544 3819 pertinentiis,
1563 3782 1592 3808 in
1607 3781 1745 3808 comitatu
1759 3781 1836 3808 Surr.

1324 3822 1422 3857 Rogero
1435 3818 1467 3847 de
1481 3815 1645 3859 Wyngefeld,
1663 3817 1820 3845 Manerium
1840 3813 2047 3855 Rmplariorum
2065 3815 2098 3846 de
2115 3814 2301 3856 Bistelsham,
2325 3823 2384 3844 cum

1358 3859 1543 3896 pertinentiis,
1562 3859 1590 3885 in
1606 3857 1742 3884 Comitatu
1754 3854 1838 3884 Berk.

1324 3896 1452 3935 Johanni
1472 3895 1504 3925 de
1522 3893 1674 3930 Bloxham,
1693 3895 1851 3922 Manerium
1869 3890 2076 3932 Templarimm
2093 3893 2126 3925 de
2143 3889 2286 3933 mebe
2296 3912 2309 3931 ,
2325 3899 2383 3922 cun!

1354 3936 1542 3974 pertinentiis,
1558 3936 1588 3966 in
1600 3934 1737 3965 comitatu
1749 3931 1820 3962 Buk.

1834 4077 1922 4113 Bba
2326 4073 2388 4108 ΓΑΔ
