2570 4261
720 162 829 204 ET
910 160 1176 203 ACTA

171 251 242 283 Sane
262 252 391 283 laborem
411 250 498 281 animi
519 249 618 288 vestri,
633 259 691 288 quo
713 248 815 279 diutius
829 247 980 285 laboravit,
994 246 1137 278 altiffimus
1150 245 1187 275 sui

130 300 215 330 gratia
236 290 457 326 consummabit,
476 289 543 318 sicut
562 289 639 317 enim
659 296 693 317 ex
713 287 857 317 voluntate
876 286 965 316 vestra
979 287 1111 316 novimus
1126 292 1192 322 pro-

131 329 256 367 cessisse,
273 330 307 360 ad
327 328 509 362 Concilium,
526 326 658 365 Lugduni
671 333 879 361 convocatum,
897 324 1033 354 Nuncios
1050 325 1193 354 mittemus

131 367 288 407 solempnes
303 367 338 397 de
351 361 568 402 Nobilioribus,
586 366 618 395 δε
634 363 851 394 Discretioribus
865 362 956 401 Regni
970 362 1074 392 nostri:
1111 361 1172 399 Qii
1182 383 1191 398 ,

133 406 167 436 ad
188 405 311 435 vestrum
331 404 489 440 honorem,
507 403 586 441 super
603 403 678 444 pacis
692 402 907 438 reformatione,
924 411 972 440 per
987 401 1044 430 Dei
1056 401 1192 439 gratiam,

130 444 302 474 laudabiliter
317 441 500 477 laborabunt,
517 442 549 471 ὃ(
564 441 700 470 elicitum
716 440 918 479 consequentur
932 447 1068 479 optatum.

169 481 301 513 Vestram
316 480 398 519 igitur
411 479 602 509 excellentiam
616 488 760 508 exoramus
777 479 905 516 quatinus
920 477 1045 516 praefatos
1058 476 1193 506 Nuncios

135 519 263 557 nostros,
279 517 312 548 ad
333 517 453 548 vestram
475 516 646 554 praesentiam
666 516 845 553 accedentes,
863 516 1080 545 commendatos
1091 515 1192 544 habere

133 558 236 594 velitis,
255 557 288 588 &
305 557 344 586 eis
363 557 513 595 benignam
533 556 701 585 audientiam
723 555 872 591 exhibere,
892 555 955 592 qui,
975 555 1080 584 utinam
1095 552 1193 582 nostro

134 595 269 628 desiderio
291 594 476 626 conveniens!
492 594 608 623 honoris
622 593 773 634 Imperialis
786 600 972 630 augmentum
991 600 1154 631 procurent.

1 261 58 284 mn.
74 250 116 283 D.

3 299 87 331 1245.

0 336 46 360 len.
68 340 96 368 3.

164 670 258 703 'Teste
272 671 356 711 Rege
368 669 440 711 apud
454 669 499 701 W
499 669 760 707 estmonasterium‚
780 670 795 699 8
811 668 857 699 die
867 669 956 707 Junii.

166 798 287 830 Littera
303 798 386 842 Papae
402 792 438 827 de
455 794 584 825 Nunciis
602 795 693 840 Regis
708 791 753 825 ad
768 793 932 825 Concilium
952 791 1157 839 Lugdunensb.

0 883 65 914 mn.
80 880 122 912 D.
135 879 317 943 DOmino
343 879 430 918 Papae
448 877 515 909 Rex
536 877 668 916 salutern,
686 878 720 909 &
741 877 865 908 debitam
889 884 968 908 tanto
980 878 1049 916 patri
1065 887 1195 909 reveren-

11 929 94 959 1245.
222 921 292 951 tiam
305 919 339 950 &
353 919 503 949 honorem.

0 964 40 990 4η.
57 969 102 995 ²9·
172 957 251 989 Cum
272 957 428 994 solempnes
446 955 562 986 Nuncii
584 954 690 993 nostri,
704 964 776 994 quos
793 955 828 986 ad
848 955 1021 993 concilium,
1039 964 1089 992 per
1101 964 1152 984 vos
1165 954 1195 984 in

0 1003 16 1027 Ἰ
43 1008 69 1035 3.
133 998 268 1035 proximo
287 995 503 1033 celebrandum,
526 994 597 1024 sicut
616 994 699 1024 nobis
718 993 884 1032 mandastis,
908 994 1038 1024 duximus
1056 992 1197 1023 destinan-

0 1036 75 1073 :laufi
134 1035 203 1073 dos,
226 1035 256 1065 in
276 1033 428 1072 procintfilu
449 1033 501 1064 sint
519 1032 625 1063 itineris
644 1032 777 1063 veniendi
791 1033 826 1063 ad
848 1031 981 1070 Curiam,
1000 1033 1033 1062 &
1052 1032 1197 1070 quamcito

0 1084 37 1111 ²9·
136 1080 287 1112 poterunt,
304 1072 371 1103 illuc
384 1073 480 1104 venire
496 1070 644 1108 festinent;

0 1117 24 1141 ΡΙ.
44 1121 71 1149 3·
169 1111 305 1143 Sanctam
319 1110 522 1142 Paternitatem
537 1108 656 1140 vestram
670 1119 798 1149 rogamus
813 1118 881 1139 cum
899 1107 1004 1139 affetstu
1017 1109 1144 1147 quatinus
1158 1107 1178 1137 si
1187 1131 1196 1145 ,

0 1159 28 1181 n.
45 1160 74 1187 9·
92 1150 118 1178 d·
129 1158 194 1181 ante
207 1151 361 1181 adventum
374 1149 543 1179 eorumdem
558 1147 747 1178 Nunciorum
761 1147 942 1185 nostrorum,
960 1148 989 1176 in
1002 1146 1081 1176 dieto
1096 1147 1198 1176 conci-

134 1190 175 1220 lio
189 1190 337 1225 contingat
352 1187 454 1227 aliquid
469 1187 595 1225 traetari,
613 1186 657 1216 seu
674 1187 851 1216 mentionem
865 1185 923 1215 fieri
938 1185 973 1215 de
988 1187 1121 1223 negotiis,
1143 1195 1198 1214 no-

134 1227 259 1258 strorum
281 1227 315 1257 &
336 1226 433 1264 Regni
447 1225 535 1256 nostri
553 1225 654 1255 statum
668 1224 910 1263 contingentibus,
929 1234 979 1261 ea,
995 1223 1014 1253 si
1028 1223 1138 1262 placet,
1156 1230 1198 1252 te-

134 1267 195 1335 peri
215 1266 319 1296 faciatis
339 1266 369 1294 in
389 1264 515 1306 suspenso
531 1263 673 1301 quousque
688 1262 845 1293 commode
861 1262 887 1292 se
902 1261 1004 1301 possint
1019 1261 1113 1293 vestro
1127 1271 1198 1292 con-

145 1305 240 1345 pecstui
254 1305 425 1343 praesentare.

171 1379 262 1412 Teste
275 1380 358 1421 Rege
373 1379 445 1419 apud
459 1377 761 1418 westmonasterium,
777 1378 793 1410 8
809 1377 853 1409 die
862 1377 949 1418 Junii.

136 1502 331 1538 Mandatum
363 1506 451 1550 Regis
472 1503 604 1536 Praelatis
620 1503 707 1548 fiais,
734 1502 770 1535 de
785 1515 842 1535 non
859 1502 1063 1549 attemptando
1079 1502 1202 1550 aliquid

305 1556 336 1584 in
359 1551 485 1584 Concilio
498 1550 634 1598 praedifft'o
652 1561 756 1584 contra
778 1550 915 1584 honorem
924 1551 1029 1597 situm.

0 1645 66 1677 an.
83 1644 124 1676 D.
137 1636 266 1693 REX
286 1637 530 1677 Archiepiscopis,
549 1636 710 1681 EpiscopiS,
728 1637 762 1669 «Sc
780 1637 913 1667 omnibus
931 1637 988 1667 aliis
1007 1634 1130 1668 Praelatis
1142 1645 1198 1668 ter-

13 1693 98 1722 1245,
208 1687 248 1721 rae
262 1677 317 1707 suae
330 1676 457 1716 Angliae,
470 1684 654 1721 'conventuris
667 1677 701 1707 ad
715 1676 870 1720 concilium
886 1675 1017 1745 Luggun.
1031 1676 1152 1720 salutem.
1171 1715 1175 1720 Ι

0 1727 42 1751 sn.
63 1733 108 1759 29,
175 1715 301 1745 Vinculo
318 1714 476 1752 Juramenti
497 1716 580 1745 nobis
598 1714 675 1753 estiS,
692 1723 723 1745 ut
743 1714 849 1754 nostis,
863 1714 926 1744 astri
988 1725 1047 1753 quo
1067 1715 1150 1745 nobis
1167 1724 1198 1745 in

0 1767 24 1789 ιι,
46 1769 58 1798 3
139 1753 287 1790 omnibus,
303 1753 338 1797 ad
347 1755 455 1797 *regiam
468 1754 634 1793 dignitatem
650 1753 835 1791 spectantibus
849 1753 883 1784 &
897 1763 1052 1792 coronam,
1067 1763 1199 1792 omnem,

0 1804 47 1827 ur.
68 1810 111 1835 29.
139 1803 222 1833 quam
241 1800 382 1831 poteritis,
399 1792 560 1823 fidelitatem
573 1791 717 1822 observare
731 1792 835 1822 debetis
854 1803 864 1829 ς

0 1843 25 1866 ιι,
48 1848 74 1874 3,
178 1831 358 1870 Qapropter
380 1831 462 1861 vobis
484 1830 648 1860 mandamus
668 1831 697 1861 in
719 1829 774 1861 side
793 1831 826 1861 &
841 1829 984 1869 fidelitate,
1001 1831 1102 1871 quibus
1116 1831 1200 1861 nobis

0 1885 29 1904 n.
45 1885 74 1911 5.
93 1876 120 1904 d.
136 1870 291 1907 tenemini,
324 1869 440 1899 firmiter
463 1869 638 1909 injungentes
652 1892 661 1907 ‚
684 1870 810 1908 quatinus
833 1876 891 1899 tam
914 1869 948 1900 ad
972 1869 1201 1909 adquisitionem,

157 1918 223 1938 uam
242 1907 504 1945 conservationem,
523 1917 638 1938 necnon
652 1908 686 1939 &
699 1907 891 1938 defensionem
903 1909 1009 1946 jurium
1022 1908 1200 1947 nostrorum,

136 1918 171 1977 ἓ(
195 1945 292 1991 Regni
314 1945 404 1976 nostri
424 1955 544 1977 omnem
559 1969 570 1985 ,
595 1956 680 1984 quam
703 1947 848 1985 poteritis,
873 1945 1049 1985 diligentiam
1067 1947 1200 1978 adhibere

137 1993 246 2016 curetis.

0 2029 125 2068 *1,435‚
174 2023 213 2054 Et
230 2032 282 2062 ne,
298 2024 328 2054 in
346 2023 544 2064 praejudicium
569 2023 678 2062 nostri,
695 2023 740 2054 vel
755 2024 774 2043 ³*
791 2022 913 2062 ejusdem
927 2023 1042 2063 Regni,
1058 2025 1088 2054 in
1103 2024 1202 2055 conci-

137 2063 177 2093 lio
196 2062 395 2101 Lugdunensi,
412 2064 445 2092 &
465 2072 503 2092 ne
522 2062 626 2101 etiam,
642 2070 740 2093 contra
759 2072 827 2099 nos,
843 2063 887 2092 vel
897 2064 959 2101 jura
971 2062 1082 2102 nostra,
1100 2064 1201 2101 quibus

136 2099 359 2132 Praedecessores
379 2100 481 2139 nostri,
499 2101 532 2131 &
549 2111 616 2138 nos,
631 2110 665 2131 ex
683 2103 795 2138 antiqua
810 2102 843 2132 &
858 2102 1011 2139 approbata
1023 2101 1201 2132 consuetudi-

138 2149 177 2171 ne
191 2162 200 2177 ,
225 2139 263 2168 ufi
285 2139 378 2169 sumus
391 2161 400 2177 ,
425 2149 576 2176 procurare
596 2140 642 2169 vel
660 2147 825 2178 attemptare
843 2139 933 2178 aliqua
951 2139 1143 2178 praesumatis,
1165 2150 1202 2170 ne

136 2179 222 2209 etiam
243 2177 340 2216 alicui,
359 2177 517 2215 hujusmodi
539 2187 705 2222 procurare,
721 2178 766 2209 vel
786 2177 902 2208 statuere
923 2178 1047 2217 volenti,
1064 2179 1200 2209 assensum

138 2217 300 2256 praebeatis,
325 2216 376 2247 sub
400 2216 517 2247 vinculo
537 2217 684 2255 Juramenti
704 2217 873 2255 memorati,
890 2217 923 2247 ὃς
942 2226 1028 2256 poena
1048 2217 1202 2248 amissionis

136 2255 338 2301 temporalium
347 2279 356 2292 ‚
374 2264 438 2293 quae
457 2255 493 2284 de
505 2255 587 2285 nobis
601 2255 716 2293 tenetis,
732 2255 815 2286 vobis
830 2254 945 2286 firmiter
958 2255 1128 2286 inhibemus.

176 2294 225 2325 Sic
245 2294 326 2333 igitur
350 2303 419 2331 vos,
438 2293 466 2323 in
487 2293 539 2324 hac
554 2301 649 2331 parte,
666 2295 763 2332 geratis
777 2294 870 2332 quod,
887 2294 923 2324 de
937 2293 1075 2325 beneficio
1089 2293 1202 2334 vestro,

137 2333 173 2365 δε
187 2334 293 2364 virtute
326 2332 497 2371 mitudinis,
516 2342 568 2363 vos
582 2332 735 2363 debeamus
746 2333 839 2372 potius
853 2332 1002 2370 specialiter
1015 2333 1202 2365 commenda-

137 2382 186 2409 re;
203 2380 288 2411 quam
322 2381 337 2401 e
351 2372 497 2401 contrariis
510 2381 526 2402 a
538 2371 620 2401 vobis
634 2372 815 2410 attemptatis,
835 2372 912 2409 quod
925 2372 1008 2409 absit,
1024 2371 1143 2402 vestram
1159 2374 1202 2402 in-

137 2409 336 2479 gratituglsinem
355 2410 514 2450 increpare,
532 2410 566 2441 ὃς
587 2410 726 2441 ultionem
738 2409 862 2441 debitam
875 2411 956 2442 vobis
971 2419 1116 2449 oportuno
1130 2420 1203 2442 tem-

136 2458 208 2487 pore
222 2458 235 2478 r
261 2457 364 2479 ervare.

173 2523 263 2556 Teste
271 2549 281 2564 ‚
298 2526 359 2557 &c.

179 2602 280 2632 Eodem
299 2602 372 2632 modo
385 2600 518 2645 firibitur
537 2603 762 2645 Archiepifiopis,
779 2604 929 2646 Epifiopis,
945 2606 1007 2638 &c.
1025 2611 1056 2635 ut
1071 2604 1156 2645 ficpra
1171 2604 1203 2636 de

143 2639 280 2671 Hibernia
295 2638 333 2676 ὠ»
350 2643 402 2670 bVa
415 2645 499 2672 conia.

144 2763 312 2813 Redarguit
335 2769 419 2812 Papa
449 2765 586 2800 Praelatos
613 2769 730 2816 Angliae
746 2773 800 2815 qm·
818 2771 921 2803 nolunt
936 2775 1206 2805 excommunicatos

270 2813 277 2820 ‘
299 2812 469 2860 absolvere,
494 2816 551 2859 nist
565 2821 652 2863 prins
670 2816 732 2861 fibi
745 2819 870 2864 solvant
882 2824 1054 2866 pecuniam.

174 2901 359 2945 Nnocentius
377 2901 549 2941 Episcopus,
567 2902 657 2933 servus
670 2903 816 2935 servorum
832 2905 906 2943 Dei,
925 2904 1141 2937 Venerabilibus
1152 2904 1208 2938 fra-

117 2955 123 2961 ·
158 2980 162 2984 .
192 2941 278 2984 tribus
297 2940 541 2984 ArchiepiscopiS,
559 2942 592 2971 δε
607 2942 769 2981 Episcopis,
786 2954 819 2974 ac
834 2943 891 2973 aliis
904 2943 1095 2975 Ecclesiarum
1103 2945 1208 2976 Praela-

89 2994 95 3000 ·
144 2987 184 3047 reiks
198 2988 228 3008 in
243 2979 349 3018 Regno
363 2978 477 3017 Angliae
489 2979 661 3020 constitutis,
678 2981 809 3021 salutem,
826 2983 859 3013 &
872 2981 1071 3022 Apostolicam
1087 2984 1207 3015 benedi—

104 3031 111 3037 ·
138 3047 141 3048 γ
178 3027 284 3047 ionem.

184 3054 235 3098 Ad·
252 3065 328 3085 aures
346 3054 468 3093 nostras,
485 3056 624 3088 carissimo
638 3059 668 3088 in
682 3057 800 3089 Christo
816 3058 874 3089 filio
889 3059 988 3091 nostro
1001 3060 1082 3100 Rege
1098 3060 1208 3100 Anglo-

97 3102 108 3107 ·
143 3103 207 3123 rum
217 3092 325 3139 ’illustr-i
344 3093 530 3133 fignificante‚
548 3097 674 3135 pervenit
696 3097 775 3136 quod
788 3098 919 3128 nonnulli
933 3108 967 3128 ex
979 3099 1079 3138 vobis,
1097 3109 1165 3129 cum
1178 3100 1207 3129 in

142 3132 273 3162 homines
292 3131 413 3176 elusdem
434 3132 536 3177 Regis,
558 3143 610 3172 pro
630 3138 826 3174 contumacia,
844 3137 891 3167 vel
905 3136 961 3167 aliis
976 3147 1076 3168 eorum
1091 3137 1206 3168 excessi-

140 3171 210 3208 bus,
226 3179 528 3214 excommunicationis
540 3171 704 3203 sententiam
719 3175 883 3214 proferunt,
902 3176 1004 3206 nolunt
1019 3176 1205 3216 postmodum

140 3209 312 3251 ipsamxnisi
333 3210 405 3246 prius
423 3209 511 3241 soluta
530 3210 581 3240 fibi
599 3220 674 3241 certa
692 3214 820 3250 pecuniae
843 3216 1011 3253 quantitate,
1029 3215 1072 3245 vel
1091 3215 1127 3245 de
1147 3215 1202 3245 sol-

141 3246 234 3279 venda
250 3247 295 3291 illa
306 3246 454 3291 sufficienti
468 3249 601 3279 cautione
614 3249 751 3289 praestita,
771 3253 889 3283 relaxare
908 3263 914 3282 z

180 3285 261 3316 Cum
310 3294 363 3315 itur
383 3295 444 3315 non
462 3286 587 3330 solumha
602 3287 693 3326 malo,
711 3288 749 3319 set
762 3290 798 3320 ab
812 3293 894 3322 omni
907 3291 999 3330 specie
1015 3291 1081 3323 mali
1095 3291 1142 3330 sit,
1162 3291 1205 3322 se-

141 3323 270 3369 cundum
318 3322 481 3366 postolum,
497 3324 708 3368 abstinendum,
723 3328 757 3358 &
776 3329 955 3361 absolutionis
970 3330 1142 3361 beneficium
1155 3331 1204 3361 de-

142 3374 164 3395 n
200 3373 239 3393 ari
251 3372 311 3392 nori
325 3361 425 3392 debeat
438 3361 507 3393 illud
520 3363 664 3393 humiliter
678 3363 844 3406 postulanti,

216 3400 363 3431 niversitati
382 3399 485 3431 vestrae
504 3410 554 3440 per
576 3401 743 3440 Apostolica
764 3404 863 3443 scripta
881 3406 1045 3438 mandamus
1058 3409 1185 3446 quatinus

140 3441 220 3480 super
259 3437 401 3477 raemiffiS,
425 3437 552 3482 studeatis
571 3440 658 3470 taliter
678 3441 823 3478 providere
861 3445 940 3485 quod
960 3445 1114 3477 nullatenus
1133 3447 1178 3484 eju
1190 3464 1205 3469 -

142 3479 212 3510 dem
264 3477 334 3517 egis,
346 3476 394 3522 *seu
414 3477 573 3521 alteriusius
585 3477 714 3518 laedatur,
731 3489 778 3512 aut
788 3465 877 3522 juste,
895 3493 1011 3523 propter
1024 3485 1101 3524 hoc,
1119 3484 1203 3525 possit

140 3516 304 3549 scandalum
316 3515 429 3555 aliquod
450 3516 566 3546 suboriri
585 3525 592 3544 :

184 3555 254 3586 Nos
268 3555 346 3599 enirn
360 3564 420 3584 non
436 3554 592 3598 possemus,
610 3554 679 3585 sicut
690 3557 774 3588 etiam
786 3567 840 3590 nec
853 3558 990 3592 debemus
999 3584 1009 3600 ,
1026 3561 1149 3592 indebita
1162 3562 1205 3601 ip-

144 3594 197 3625 sius
215 3603 378 3634 gravamina
390 3593 436 3624 vel
450 3602 562 3631 injurias
580 3592 704 3624 tolerare.

176 3667 248 3702 Dat.
263 3670 394 3710 Lugdun.
413 3679 450 3701 10
463 3668 526 3702 Kal.
540 3669 624 3709 Julii,
642 3670 826 3704 Pontificatfis
839 3674 926 3705 nostri
938 3685 1015 3707 anno
1028 3678 1119 3709 tertio.

719 3746 804 3779 Bulla
816 3748 866 3787 [hb
877 3750 931 3790 filo
947 3752 1042 3783 canab.

129 3805 151 3889 ’ν-,ι

176 4092 253 4124 from.
272 4095 297 4124 Ι.
317 4093 350 4124 Ρ.
369 4096 393 4125 I.

1261 159 1738 204 PUBLICA.

2209 172 2284 211 153

2306 243 2382 274 Ann.
2400 247 2453 288 Dq

2334 292 2419 323 1245·

1232 332 1321 368 Busta
1338 332 1374 365 de
1394 333 1621 377 Confirmatione
1640 335 1872 379 Privilcgiornm
1884 362 1893 375 ‚
1920 338 2159 367 lmmunimtnm
2185 334 2221 369 (ῥ’
2238 334 2292 364 In·
2312 331 2374 353 ΗΜ·
2394 336 2422 364 3-

1336 381 1561 428 dulgcniiarnm
1577 379 1666 426 sirper
1686 371 1818 425 Ecclcfiis
1837 384 1951 429 Anglii·
1970 386 2005 420 (5
2026 381 2184 415 Hibernt'ae.

1233 464 1447 526 INnocentius
1461 465 1630 506 Episcopuz,
1644 464 1734 495 servus
1750 466 1892 497 servorum
1908 467 1981 504 Dei,
2005 468 2146 498 cariffimo
2161 468 2187 497 in
2203 466 2290 497 Chri-

1232 505 1322 572 (1.4ξο
1339 505 1411 534 Filio
1424 505 1499 544 Regi
1514 505 1673 543 Angloruni
1688 503 1784 534 illustri
1797 504 1909 535 salutem
1919 529 1928 543 ,
1946 507 1977 536 δε
1995 507 2188 545 Apostolicam
2202 506 2290 536 Bene—

1254 552 1274 572 ιι
1294 553 1399 573 ionem.

1269 581 1366 611 Tanto
1385 580 1513 611 libentius
1535 579 1711 610 Cellitudinis
1731 589 1785 610 'uae
1801 581 1929 617 precibus
1942 581 2102 615 benianurn
2118 584 2293 621 impertimur

1232 618 1386 657 assensum,
1404 628 1509 659 quanto
1522 620 1591 648 inicr
1610 618 1703 651 Reges
1716 619 1748 648 &
1765 617 1910 656 Principes
1925 619 2097 650 Christianos
2113 630 2139 651 te
2153 622 2294 661 specialius

1232 658 1261 686 in
1278 657 1410 688 Domino
1425 666 1580 695 reputamus
1593 657 1731 687 diletfhun
1747 657 1849 687 Filium
1865 660 1897 687 ὅ(
1914 657 2069 687 Devotum.

1270 696 1342 726 Tuis
1360 696 1449 734 itaque
1471 695 1697 733 siaplicationibus
1720 696 1843 726 inclinati
1858 697 1954 725 omnia
1972 696 2131 734 privilegia,
2148 696 2294 736 indulgen-

1233 735 1297 771 tias,
1316 736 1349 764 δί
1372 736 1558 764 immunitates
1578 735 1628 763 tibi
1647 735 1679 764 &
1695 733 1800 773 Regno
1818 745 1884 771 tuo,
1901 735 1979 771 super
1992 734 2120 764 Eccleliis
2137 736 2245 773 Angliae
2260 737 2293 767 ὃ(

1234 771 1403 811 Hiberniae,
1423 773 1464 802 vel
1478 782 1572 802 earum
1587 772 1752 808 occasione,
1772 772 1904 802 haffteiius
1918 774 1953 802 ab
1969 773 2132 811 Apostolica
2147 773 2207 803 sede
2221 785 2294 803 con-

1234 810 1319 847 cessa,
1335 812 1389 854 ‘tibi
1403 812 1565 841 arritorimre
1581 810 1744 849 Apostolica
1757 811 1977 849 confirmamus,
1996 813 2028 843 &
2045 811 2184 850 praesentis
2198 811 2291 850 scripti

1233 858 1391 887 patrocinio
1405 859 1619 879 communimus
1629 860 1638 886 3

1272 886 1434 916 Distrietius
1448 888 1604 917 inhibentes
1618 887 1716 924 nequis
1730 887 1759 916 in
1773 886 1925 917 elusionem
1935 910 1944 925 ,
1958 896 2005 918 aut
2020 890 2229 918 enervationem
2246 898 2297 918 eo-

1233 934 1296 954 rum
1318 927 1466 963 quicquam
1490 925 1524 954 de
1545 933 1650 955 caetero
1664 925 1759 954 audeat
1773 934 1953 965 attemptare,
1973 927 2136 957 austeritate
2151 927 2295 964 Apostoli-

1236 972 1281 992 cae
1296 962 1362 992 sedis
1378 964 1405 992 in
1421 964 1553 993 omnibus
1573 962 1679 1001 semper
1692 963 1768 992 salva.

1272 999 1356 1030 Nulli
1375 1010 1442 1040 ergo
1461 1003 1583 1031 omnino
1597 1000 1763 1030 Hominum
1779 1001 1860 1032 liceat
1876 1002 1949 1031 hanc
1965 1004 2092 1041 paginam
2108 1002 2211 1032 nostrae
2225 1012 2296 1033 con-

1237 1038 1402 1082 firmationis
1423 1040 1456 1070 ὅτ.
1478 1040 1651 1069 inhibitionis
1678 1039 1845 1077 infringere,
1864 1041 1908 1070 vel
1930 1042 1955 1069 ei
1974 1041 2038 1071 ausu
2059 1042 2208 1071 temerario
2226 1051 2298 1072 con-

1236 1085 1316 1108 traire
1326 1089 1332 1095 ’

1274 1101 1365 1155 Siqiiis
1385 1124 1480 1147 autem
1500 1116 1558 1146 hoc
1580 1123 1745 1154 attemptare
1760 1115 1978 1154 praesumpserit,
1997 1116 2218 1156 indignationem
2234 1120 2302 1148 om-'

1235 1155 1387 1193 nipotentis
1410 1154 1538 1196 Deip&
1561 1153 1711 1184 Beatorum
1734 1153 1812 1183 Petri
1832 1154 1865 1184 &
1888 1154 1983 1192 Pauli,
2002 1155 2206 1192 Apostolorum
2226 1157 2299 1195 ejus,

1235 1193 1262 1223 se
1276 1194 1385 1224 noverit
1402 1195 1586 1224 incursurum.

2309 484 2360 508 Aa.
2376 486 2423 519 29,v

2312 524 2346 546 H.
2367 530 2388 552 ζ.

2315 562 2353 584 L'x
2368 553 2426 585 Ἀκ-

2314 605 2379 632 togr.

1273 1269 1342 1301 Dat.
1358 1270 1492 1310 Lugdun.
1511 1279 1555 1300 12.
1576 1267 1639 1300 Kal.
1656 1268 1793 1309 Augusti,
1808 1268 1993 1300 Pontificatsis
2012 1268 2101 1300 nostri
2113 1279 2188 1300 anno
2201 1271 2292 1301 tertio.

1319 1346 1373 1377 Sub
1381 1346 1502 1386 plumbeo
1509 1345 1598 1385 figillo
1611 1347 1724 1385 penden.
1739 1358 1756 1375 a
1764 1345 1826 1388 filis
1834 1345 1928 1386 fhricis
1936 1346 2015 1385 flavi
2030 1347 2154 1387 rubeique
2168 1346 2265 1375 coloris.

1237 1474 1258 1495 *
1279 1472 1369 1506 Ralla
1391 1475 1465 1520 Regi
1485 1471 1620 1519 Angliae,
1650 1470 1686 1503 de
1708 1471 1861 1517 caffiztione
1883 1471 2027 1504 elcc‘lionis
2045 1474 2082 1504 R.
2102 1471 2255 1518 Faffilewe
2272 1474 2304 1504 in
2322 1486 2370 1514 ‘1-
2387 1490 2451 1523 4302

1606 1520 1736 1563 Ecclesta
1761 1519 1932 1562 cicestrefffi.

1237 1606 1454 1670 INnocentius
1470 1606 1641 1646 Episcopus,
1661 1606 1750 1637 servus
1763 1606 1904 1637 servorum
1921 1606 1995 1645 Dei,
2015 1607 2156 1638 carissimo
2167 1608 2196 1637 in
2211 1607 2301 1638 Chri-
2319 1622 2385 1652 Am,
2412 1622 2444 1653 D

1287 1647 1331 1677 sto
1354 1647 1428 1685 filio,
1448 1647 1524 1686 Regi
1545 1647 1704 1686 Anglorum
1728 1646 1841 1685 illustri,
1858 1647 1970 1677 salutem
1990 1647 2022 1676 ὃς
2038 1646 2237 1686 ΑροίὶοΙίε.-ιπι
2251 1647 2300 1677 be·
2338 1671 2370 1690 1,
2374 1647 2410 1690 A}
2446 1648 2451 1653 ’

1236 1686 1442 1716 nediu-ionem.
2318 1704 2343 1726 A
2354 1687 2370 1718 ,”
2384 1686 2420 1727 'L'J

1276 1725 1323 1755 Ad
1343 1735 1394 1754 nos
1409 1724 1478 1754 olim
1495 1733 1543 1763 per
1558 1723 1769 1763 appellationem
1780 1724 1936 1761 quaestione
1950 1724 2068 1763 perlati,
2087 1724 2166 1764 quod
2182 1734 2299 1755 venera—
2316 1722 2369 1765 H⁰
2412 1716 2436 1733 λ’

1236 1763 1297 1794 bilis
1318 1763 1402 1793 frater
1422 1761 1518 1792 noster
1540 1761 1719 1792 Cantiiarien
1739 1763 1973 1810 Archiepiscopus
1987 1763 2175 1801 eleffionem,
2193 1763 2297 1793 &Ciam
2319 1760 2355 1805 E:-
2369 1749 2429 1804 ΞΜ,

1237 1802 1274 1832 de
1286 1801 1393 1832 dilecto
1408 1802 1466 1831 filio
1483 1800 1522 1831 R.
1539 1800 1689 1831 Pallalewe
1706 1800 1820 1831 Clerico
1831 1824 1840 1840 ,
1857 1802 1889 1831 ad
1906 1801 2111 1832 &cestrensem
2126 1801 2280 1832 Ecclesiam
2291 1824 2300 1839 ‚
2319 1799 2383 1853 '0¹37'

1240 1849 1308 1871 tunc
1323 1849 1490 1878 vacantem,
1507 1839 1655 1869 cassaverat
1667 1840 1758 1869 minus
1770 1839 1861 1877 juste,
1880 1850 1912 1870 ac
1928 1840 1964 1869 de
1978 1841 2049 1878 alio,
2064 1850 2115 1878 pro
2129 1840 2183 1870 sua:
2198 1840 2301 1870 volun-

1239 1881 1299 1910 tatis
1311 1880 1443 1917 arbitrio,
1464 1878 1621 1917 providerat
1634 1878 1724 1908 eidem
1741 1878 1872 1908 Ecclefiae
1886 1879 1921 1908 de
1937 1878 2055 1916 pastore.

1274 1917 1360 1956 Nos,
1375 1917 1472 1948 audiris
1493 1917 1525 1947 ὃ(
1547 1916 1652 1956 plenius
1673 1917 1832 1953 intelleetn,
1851 1927 1933 1956 quae,
1952 1918 2032 1954 super
2055 1917 2130 1955 hoc,
2148 1926 2164 1946 a
2185 1917 2306 1957 partibus

1238 1957 1316 1987 fuere
1332 1956 1471 1996 proposita
1486 1965 1584 1985 coram
1599 1956 1700 1994 nobis,
1720 1954 1898 1985 cassationem
1917 1956 2149 1986 confirmavimus
2165 1965 2310 1987 memora-

1239 2003 1317 2034 tam,
1336 1996 1369 2026 &
1391 1995 1580 2033 provisionem
1603 2002 1690 2024 ratam
1711 1994 1874 2032 habuimus,
1893 2004 1956 2032 quae
1972 1996 2000 2024 iri
2013 1996 2068 2032 jam
2082 1994 2158 2025 dicta
2180 1994 2308 2026 Ecclesia

1240 2034 1314 2064 fasta
1328 2034 1415 2064 fuerat
1428 2043 1476 2073 per
1489 2032 1743 2071 Archiepiscopum
1760 2033 1936 2070 praelibatum
1949 2046 1958 2071 ς

1278 2072 1396 2103 Tenore
1416 2071 1592 2110 praesentium
1608 2071 1793 2108 declarantes,
1812 2072 1889 2110 quod
1905 2072 2095 2109 provisionem
2109 2082 2168 2102 non
2185 2072 2303 2103 ratifica*

1241 2111 1332 2141 vimus
1353 2110 1456 2151 ipsam,
1475 2118 1609 2148 tanquam
1651 2120 1680 2139 er
1701 2110 1822 2140 eundem
1843 2110 2094 2149 Archiepiscopum
2114 2112 2165 2142 rite
2185 2111 2306 2149 factam,

1244 2150 1290 2180 sed
1312 2150 1348 2181 de
1362 2149 1536 2188 plenitudine
1557 2149 1623 2187 Apo
1649 2149 1731 2179 olicae
1755 2148 1912 2188 potestatis,
1930 2151 1966 2179 ita
1984 2150 2098 2188 quidem
2113 2150 2192 2188 quod
2206 2150 2306 2179 eadem

1240 2188 1362 2226 provisio
1383 2199 1399 2219 a
1420 2188 1562 2228 potestatis
1582 2188 1752 2225 plenitudine
1764 2197 1927 2218 memoratae
1940 2189 2056 2226 incipiat
2069 2189 2129 2218 vim
2142 2189 2251 2218 habere.

1279 2226 1370 2257 Unde
1384 2227 1516 2257 nolumus
1529 2226 1609 2265 quod
1620 2228 1648 2256 in
1659 2226 1765 2264 juribus
1775 2235 1839 2265 ,aut
1852 2226 2098 2257 consuetudinibus
2112 2227 2307 2264 tuis,occasio-

1241 2275 1278 2296 ne
1290 2265 1457 2304 provisionis
1473 2266 1542 2295 illius
1547 2266 1666 2304 ,aliquid
1681 2267 1710 2295 in
1726 2266 1850 2296 futurum
1864 2266 1915 2296 tibi
1930 2265 2121 2305 praejudicium
2134 2274 2289 2304 generetur.

1280 2342 1348 2374 Dat.
1365 2342 1496 2383 Lugdun.
1518 2351 1563 2372 12.
1585 2341 1646 2373 Kal.
1667 2341 1997 2382 Augusti,P0ntificatfis
2016 2342 2103 2374 nostri
2119 2353 2194 2373 anno
2213 2344 2305 2374 tertio.

1786 2388 1912 2419 Plumbeo
1920 2388 1990 2430 figl.
2010 2401 2028 2418 a
2036 2388 2090 2430 filo
2104 2388 2198 2419 canab.

1374 2518 1465 2551 Bulla
1482 2517 1517 2550 de
1528 2516 1698 2563 privilegiis
1716 2516 1907 2561 Cnpellarnm
1928 2518 2055 2549 Domini
2074 2518 2172 2562 Regis.

1243 2602 1460 2665 INnocentius
1478 2602 1648 2642 Episcopus,
1666 2602 1757 2631 servus
1769 2601 1912 2632 servorum
1929 2600 1985 2631 Dei
2021 2599 2162 2632 carissimo
2177 2601 2205 2630 in
2220 2599 2307 2631 Chri·
2327 2617 2391 2647 Arm
2418 2616 2451 2647 D

1243 2642 1336 2711 &sto
1357 2641 1414 2672 filio
1433 2642 1509 2680 Regi
1523 2641 1683 2681 Anglorum
1696 2640 1792 2670 illustri
1805 2640 1915 2670 salutem
1930 2641 1963 2671 sc
1979 2624 2181 2677 Apostolicam.
2189 2640 2306 2670 benedi-
2345 2641 2428 2695 ,243¹
2455 2642 2460 2647 ·

1276 2689 1382 2711 ionem.

1280 2719 1381 2749 Tanto
1399 2718 1531 2748 libentius
1550 2716 1727 2748 Celsitudinis
1743 2725 1799 2747 tuae
1815 2717 1944 2756 precibus
1959 2718 2022 2747 beni
2044 2727 2113 2748 num
2127 2717 2305 2758 impertimur
2322 2699 2386 2761 ΞΜ,
2398 2705 2442 2730 ²9*

1242 2756 1396 2794 assensum,
1415 2765 1536 2796 quanto,
1552 2757 1621 2787 inter
1635 2756 1729 2795 Reges
1744 2757 1778 2787 ὃς
1793 2756 1935 2796 Principes
1950 2755 2021 2786 Chri
2050 2758 2145 2795 ianos,
2164 2766 2191 2786 te
2204 2756 2307 2794 specia-
2325 2756 2366 2799 E),
2375 2754 2439 2798 'Au

1243 2797 1294 2826 lius
1312 2797 1342 2827 in
1356 2796 1492 2826 Domino
1508 2805 1665 2834 reputamus
1678 2795 1814 2825 dileetum
1829 2795 1918 2825 filium
1935 2795 1966 2825 &
1979 2795 2126 2826 devotum.
2326 2819 2391 2838 mr·

1281 2835 1352 2866 Tuis
1370 2836 1460 2873 itaque
1483 2834 1727 2874 supplicationibus
1746 2834 1872 2863 inclinati
1891 2833 2042 2864 distriffius
2064 2834 2244 2871 inhibemus,
2268 2834 2307 2864 ne
2350 2833 2365 2847 ὁ

1243 2873 1314 2904 ullus
1332 2873 1513 2911 Ordfflarius,
1532 2881 1579 2903 aut
1601 2873 1688 2903 etiam
1700 2872 1855 2910 delectatus,
1874 2872 1918 2902 vel
1934 2872 2123 2911 subdelegatus
2137 2872 2166 2901 in
2183 2871 2312 2911 Capellas

1246 2912 1350 2952 Regias
1368 2913 1401 2943 &
1422 2911 1553 2942 Oratoria
1577 2911 1745 2947 earundem,
1761 2896 1894 2941 Ecclesiae
1908 2909 2050 2941 Romanae
2068 2910 2231 2940 immediate
2247 2910 2312 2940 sub-

1245 2951 1332 2990 jecta,
1347 2951 1394 2981 seu
1407 2949 1593 2987 Canonicos,
1612 2949 1659 2979 vel
1671 2949 1815 2980 servitores
1831 2949 1970 2987 ipsorum,
1989 2958 2087 2979 contra
2104 2957 2238 2979 tenorum
2255 2950 2312 2986 pri-

1244 2990 1433 3027 vilegiorum,
1449 2997 1495 3019 aut
1515 2987 1750 3027 indulgentiarum
1771 2987 1947 3025 Apostolicae
1970 2987 2056 3027 sedis,
2080 2989 2313 3018 excommunica-

1246 3029 1329 3059 tionis
1349 3028 1393 3058 vel
1416 3026 1557 3058 interdiffl
1569 3027 1733 3056 sententiam
1748 3027 1845 3057 audeat
1862 3026 2054 3065 promulgare3
2072 3026 2116 3056 seu
2130 3026 2234 3065 aliquid
2250 3027 2311 3066 ipsis

1245 3076 1317 3097 onus
1338 3067 1501 3104 imponere,
1519 3065 1595 3105 quod
1615 3065 1673 3095 aliis
1688 3066 1823 3102 exemptis
1835 3064 1966 3094 Ecclesiis
1979 3074 2040 3095 non
2055 3064 2202 3095 consuevit
2216 3066 2311 3104 impo-

1245 3107 1292 3144 ni,
1307 3105 1407 3145 absque
1427 3104 1560 3135 mandato
1579 3103 1647 3134 sedis
1667 3103 1695 3133 A
1716 3103 1844 3134 ostolicae
1866 3103 1990 3142 speciali,
2004 3103 2083 3142 quod
2103 3102 2255 3141 expressam
2270 3103 2312 3133 fa-

1246 3145 1301 3175 ciat
1316 3143 1352 3174 de
1369 3143 1536 3174 inhibitione
1557 3142 1668 3180 hujusm
1708 3143 1918 3172 imentionem.

1282 3181 1367 3213 Nulli
1389 3191 1457 3221 ergo
1475 3182 1597 3212 omnino
1614 3180 1769 3210 hominum
1783 3181 1866 3212 liceat
1879 3180 1954 3211 hanc
1968 3182 2100 3220 paginam
2114 3180 2220 3211 nostrae
2235 3180 2309 3209 inhi-

1243 3221 1356 3252 bitionis
1372 3221 1523 3259 infringere
1532 3243 1541 3256 ,
1558 3218 1604 3249 vel
1616 3220 1642 3248 ei
1655 3218 1719 3249 ausu
1733 3221 1882 3251 temerario
1896 3221 2052 3256 contraire3

1280 3260 1371 3297 Siquis
1392 3269 1484 3289 auter-n
1506 3258 1563 3288 hoc
1586 3265 1748 3296 attemptare
1764 3260 1881 3295 praelum
1904 3257 1981 3296 serit,
2001 3258 2226 3288 indionationem
2241 3266 2309 3286 orn-

1243 3299 1395 3338 nipotentis
1414 3297 1489 3335 Dei,
1508 3298 1541 3327 &
1566 3295 1714 3326 beatorum
1739 3295 1814 3328 Petri
1833 3299 1866 3330 δε
1911 3296 1964 3327 auli
1985 3281 2192 3334 Apoissoiorum
2214 3295 2270 3333 ejus
2282 3294 2308 3325 se

1243 3338 1353 3368 noverit
1366 3335 1549 3366 incursurum.

1280 3374 1462 3405 Praesentibus
1484 3374 1567 3413 usque
1580 3371 1614 3404 ad
1626 3373 1798 3405 decennium
1811 3373 1938 3405 valituris.

1281 3451 1349 3483 Dat.
1367 3450 1499 3491 Lugdun.
1524 3459 1560 3481 12
1574 3449 1637 3481 Kal.
1659 3450 1801 3490 Augusti,
1820 3449 2004 3481 Pontificatfis
2018 3449 2108 3480 nostri
2120 3459 2197 3480 anno
2212 3451 2306 3481 tertio:

1405 3527 1622 3568 Plumbeofigillo
1628 3529 1762 3566 pendente
1776 3538 1794 3556 a
1800 3526 1861 3570 filis
1877 3530 1957 3557 crocei
1968 3527 2092 3568 rubeique
2104 3525 2204 3557 coloris.

1244 3657 1334 3690 Bulla
1353 3655 1590 3700 confi’rvatoria‚
1616 3667 1651 3686 ne
1670 3651 1911 3686 Archidiaconus
1933 3651 2148 3698 Staff'ordiarfis
2159 3663 2307 3700 procura-

1426 3707 1535 3735 tionem
1561 3712 1735 3748 extorqueat
1753 3706 1784 3734 in
1803 3701 1921 3748 Capella
1939 3701 1976 3734 dc
1994 3703 2116 3748 Bruges.

1244 3789 1458 3852 INnocentius
1478 3787 1650 3826 Episcopus,
1666 3788 1758 3817 servus
1779 3786 1922 3818 servorum
1939 3786 2016 3826 Dei,
2033 3787 2139 3820 dileeto
2155 3788 2214 3820 filio
2227 3789 2304 3819 Can·
2324 3800 2389 3833 Am,
2416 3800 2449 3832 D

1293 3827 1581 3897 celblariqigroniensi
1602 3826 1806 3856 Lincolnienfis
1821 3826 1948 3857 Diocefis
1960 3827 2091 3866 salutem,
2110 3829 2144 3859 &
2157 3827 2303 3869 Apostoli·
2342 3825 2425 3878 124‘5·
2450 3827 2458 3834 '

1245 3876 1310 3897 cam
1344 3876 1396 3897 ene
1417 3876 1424 3894 1
1458 3874 1564 3895 ionem.
1850 3883 1858 3897 4

1280 3904 1445 3935 Cariffimus
1463 3906 1492 3933 in
1507 3901 1624 3933 Christo
1636 3902 1704 3933 silius
1716 3902 1814 3934 noster
1972 3904 2084 3945 Angliae
2098 3904 2163 3935 Rex
2178 3904 2302 3942 illustris,
2319 3883 2432 3953 2⁷1³'3f9'

1244 3944 1327 3974 nobis
1346 3941 1548 3981 conquerendo
1568 3941 1751 3980 monstravit,
1775 3941 1869 3981 quod,
1892 3942 1959 3973 licet
2118 3943 2303 3972 Archidiaco-
2322 3960 2363 3981 Ex
2379 3957 2438 3981 Au,

1245 3991 1297 4011 nus
1317 3980 1477 4011 Staffordiae
1498 3980 1526 4009 in
1544 3979 1690 4018 Capellam
1706 3980 1742 4010 de
1756 3978 1876 4019 Bruges,
1894 3991 1958 4019 quae
1979 3982 2060 4020 ipsius
2084 3980 2171 4018 Regis
2185 3980 2304 4019 specialis
2323 4000 2386 4028 togr.

1247 4020 1266 4039 *Β
1285 4018 1390 4056 existit,
1410 4018 1443 4048 ὃ(
1463 4019 1492 4047 in
1515 4028 1601 4055 quam
1621 4018 1726 4048 nullam
1748 4019 1969 4056 jurisdiffionem
1988 4020 2100 4050 obtinet
2121 4018 2306 4056 ordinariam,
2327 4034 2340 4047 ι
2351 4032 2373 4057 1,
2387 4038 2454 4067 437,

1246 4057 1292 4089 vel
1312 4059 1397 4090 etiam
1408 4056 1570 4096 deiegttzam
1583 4079 1594 4097 ,
1620 4057 1656 4089 ab
1677 4056 1735 4097 ipsi
1757 4058 1986 4127 procplrationem
2007 4065 2171 4096 extorquere
2193 4057 2306 4094 nititur,

2246 4104 2309 4126 cam
