2570 4261
186 127 264 179 178
623 112 1886 170 CONVENTIONES',L1TERAE‚

36 214 112 245 Ann.
129 211 170 242 D.
184 212 280 250 diam,
297 208 539 248 deputandorum,
553 206 652 249 vobis,
670 205 779 244 praefati
794 204 1006 243 vicecomites,
1024 213 1094 235 cum
1109 203 1192 234 nobis
1207 204 1251 233 in-

57 259 141 290 1310.
186 251 223 281 de
239 249 414 284 constiterit,
435 244 707 288 allocarifacienius.
996 282 1001 288 ⁹

220 288 310 319 Teste
331 286 415 322 Rege
429 284 503 323 apud
521 283 683 316 Berwrcum
698 283 778 321 super
793 281 960 321 Twedam,
974 281 1112 313 vicesimo
1126 279 1251 311 secundo
1287 289 1337 320 De
1355 287 1536 334 Templariis
1551 314 1561 330 ,
1589 291 1620 320 in
1643 287 1771 321 Concilio
1789 288 1976 321 provinciali
1994 290 2216 333 Cantuariensi‚
2234 290 2355 335 flmm-

183 328 228 358 dle
241 326 275 356 N
277 324 400 356 ovembf
402 333 432 353 ¹⁵·
1353 339 1432 368 tiam
1446 363 1455 379 ,
1483 334 1698 383 absblntoriam
1716 337 1768 369 vel
1782 336 2074 384 condempnatorum
2086 366 2097 382 ‚
2120 338 2285 373 audituris.

1389 420 1420 451 X
1445 419 1621 452 Vicecomiti
1637 420 1816 459 Lincolniae,
1833 421 1959 452 salutern.
2331 423 2333 426 “
2371 424 2424 450 An.
2443 430 2473 459 4.

1289 423 1345 477 R
1381 458 1464 490 Cum
1490 459 1602 490 dudum
1617 484 1626 498 ,
1662 459 1721 490 OB
1756 468 2079 492 REVERENTIAM
2120 469 2232 494 sams
2263 472 2358 495 Apo-
2376 465 2406 490 E·
2424 470 2451 488 2·

1292 505 1305 526 s
1315 504 1339 526 *r
1348 506 1369 533 o
1378 506 1419 527 LI
1428 507 1500 536 cAE,
1519 498 1741 529 concefferimus
1755 498 1881 530 Praelatis
1895 500 1929 530 &
1944 499 2175 541 Inquisitoribus,
2375 500 2463 537 claus.
2479 509 2510 537 4.

1330 535 1378 566 Ad
1398 536 1600 575 inquirendum
1623 544 1723 567 contra
1743 537 1886 568 Ordinem
1907 537 2143 576 Templariorum
2160 563 2170 578 ,
2203 540 2236 572 &
2259 549 2361 574 contra
2378 542 2407 565 E.
2419 547 2510 567 λη’-ν

1292 573 1439 612 Magnum
1459 574 1674 614 Praeceptorem
1696 576 1818 613 ejusdem
1841 576 1959 607 Ordinis
1973 601 1983 615 ,
2009 578 2039 607 in
2061 577 2168 617 Regno
2181 578 2281 610 nostro
2298 579 2362 611 An·
2383 585 2428 613 ¹7·

2350 255 2352 259 ⁴
2376 235 2453 267 Ann.
2466 237 2510 270 D.

2396 284 2482 316 1310.

34 291 104 320 ἱόν.
123 301 149 319 2.
2373 317 2443 344 Edv.
2465 326 2481 344 ε

589 400 644 428 Per
657 396 740 428 Iocum
756 400 834 435 Regis
849 402 983 427 tenentem
998 392 1036 431 ό*
1052 394 1145 436 Constl.
1173 439 1178 446 ¹

186 529 235 561 De
246 526 388 572 fiarprisis
399 552 409 568 ‚
435 534 504 557 ante
522 527 674 557 Guerram
685 551 694 565 ‚
720 527 757 562 ὠ
780 523 938 569 interprifis
950 533 965 565 ,'
987 521 1118 554 durante
1132 525 1254 569 Treugct

490 585 559 606 cum
577 575 712 606 Francia
723 599 733 614 ,
758 571 948 619 corrigendis.

37 654 114 685 Ann.
126 652 167 683 D.

65 702 148 732 1310.

36 735 87 761 An.
106 741 134 767 4,

36 774 67 798 E.
89 780 114 797 2.

37 809 103 844 llzsc.
124 818 152 843 4.

38 850 68 874 Ε.
86 857 112 875 2.
126 857 162 874 m.

41 2075 118 2109 Ann.
132 2075 175 2107 D.

70 2123 156 2154 1310.

41 2158 93 2183 An-
109 2165 139 2191 4.

41 2215 128 2269 Claujl
147 2242 166 2268 4
171 2253 177 2260 .

41 2272 71 2298 E.
82 2279 152 2299 2.m.

43 2307 87 2336 18.
102 2310 155 2338 dor.

34 3052 50 3070 ⁶
68 3054 122 3082 111.

34 3099 97 3129 ²34·

187 659 275 715 RE
288 659 318 691 X
345 658 498 690 venerabili
512 659 543 688 in
558 657 678 689 Christo
693 657 786 696 Patri,
801 656 828 695 J.
838 656 939 688 eadem
953 656 1057 697 gratis,
1075 657 1256 688 Norwicen-

262 699 282 729 si
294 698 319 729 E
340 699 452 736 iscopo:
472 699 506 729 &
521 697 629 728 dilectis
644 698 677 728 ὃς
693 696 822 727 fidelibus
837 697 905 733 luis,
922 696 1046 735 Johanni
1060 696 1096 726 de
1116 696 1256 727 Britannia

189 737 302 769 Comiti
349 736 541 768 ichemundiae
550 735 771 775 consanguineo
787 735 853 774 su0,
872 735 1006 766 Gnidoni
1020 735 1124 774 Ferre,
1139 735 1258 766 &Wil-

189 776 287 807 lielmo
302 776 387 815 lnge,
406 776 529 806 salutem.

228 815 347 845 Litteras
358 814 477 852 vestras,
496 823 586 851 nuper
600 814 683 844 nobis
697 812 791 844 missas
805 812 841 843 de
856 813 992 851 negotiis,
1011 812 1179 843 Dominum
1196 812 1258 843 Re-

188 863 256 893 gem
277 853 300 883 F
302 854 405 884 rtmciae
426 853 460 884 &
480 863 532 883 nos
555 853 736 889 tangentibus
749 875 759 890 ,
774 852 933 882 audivimus
946 852 978 882 ἅ-
995 851 1182 882 intelleximus
1195 851 1258 881 dili-

209 900 296 922 enter.

189 902 208 932 g
228 930 339 961 Verum
355 953 365 969 ,
391 931 455 968 quia
469 938 599 966 tempore
614 930 783 967 receptionis
795 928 949 959 litterarum
963 927 1088 968 illarum,
1107 939 1216 959 eramus
1229 930 1260 959 in

188 979 288 1009 guerra
309 969 414 1000 nostr-ce
435 969 561 1006 Scotiae,
580 969 613 999 &
636 977 705 998 tunc
722 968 860 1005 temporis
879 967 1030 998 nobiscum
1051 978 1112 997 non
1128 968 1259 998 habueri-

189 1018 252 1038 mus
272 1008 333 1038 illos
352 1007 389 1037 de
410 1007 541 1038 Consilio
563 1005 663 1037 nostro
677 1031 687 1043 ,
711 1017 761 1044 per
781 1016 853 1044 quos
874 1005 953 1043 super
967 1007 1149 1037 contentisin
1164 1006 1260 1037 litteris

187 1047 240 1077 illis
252 1046 402 1077 debuimus
417 1046 654 1077 informationem
667 1047 700 1077 &
716 1044 880 1076 Consilium
894 1045 1004 1083 plenius
1018 1044 1160 1083 habuiffe,
1180 1045 1259 1083 quod

189 1095 251 1115 non
268 1085 441 1116 intendimus
454 1095 506 1116 vos
522 1084 622 1122 latere,

224 1123 317 1155 Vobis
333 1123 500 1155 mandamus
513 1124 658 1161 quatinus,
676 1129 707 1153 ut
721 1123 871 1161 negotium
887 1122 924 1153 de
938 1121 1059 1160 surprisis
1095 1131 1160 1154 ante
1176 1132 1261 1162 guer-

189 1172 251 1194 ram
264 1188 275 1202 ,
292 1164 364 1194 inter
384 1162 497 1193 dietum
518 1162 634 1199 Regem
657 1161 784 1192 Franciae
796 1185 807 1201 ,
825 1161 858 1192 ὃς
874 1160 1040 1191 Dominum
1076 1161 1095 1191 “.
1109 1161 1259 1200 quondam

190 1201 308 1242 Regem
331 1202 442 1241 Angliae
457 1201 570 1232 Patrem
588 1198 721 1230 nostrum
744 1210 854 1231 motam
867 1224 877 1238 ,
900 1200 935 1230 &
948 1199 985 1230 de
999 1201 1166 1239 imm-prins,
1185 1209 1260 1231 tem-

189 1251 262 1279 pore
289 1250 448 1278 treugarum
465 1264 475 1279 ,
501 1240 558 1271 {ive
570 1238 793 1270 sufferentiarum
808 1240 881 1270 inter
894 1248 944 1269 eos
958 1239 1171 1278 concessarum,
1189 1240 1258 1270 hinc

189 1279 258 1310 inde
279 1280 357 1311 faCtis
371 1304 381 1318 ,
406 1288 546 1318 quantum
565 1279 692 1317 poteritis
704 1302 714 1316 ,
731 1285 919 1318 prorogetur,
935 1287 1032 1308 curam
1049 1279 1082 1308 &
1096 1278 1260 1309 sollicitudi-

190 1328 259 1350 nem
272 1318 435 1349 discentem
446 1317 555 1356 ,modis
570 1318 604 1349 &
618 1318 668 1347 viis
677 1316 813 1347 omnibus
839 1317 940 1355 quibus
955 1317 1258 1356 poteritis,apponatis.

226 1330 408 1393 Intend'mus
422 1366 517 1387 autem
530 1358 558 1385 in
574 1356 671 1394 brevi,
690 1355 755 1393 post
771 1341 887 1386 Feriam
901 1355 1012 1386 Natalis
1026 1354 1171 1394 Domini,
1192 1366 1260 1394 pro-

195 1397 277 1426 ximo
293 1396 420 1426 futurum
430 1395 594 1433 ,consilium
606 1396 640 1426 ὃς
657 1395 861 1426 avisamentum
873 1393 1005 1425 nostrum
1012 1395 1096 1425 vobis
1109 1394 1189 1433 super
1202 1395 1260 1426 hoc

193 1434 391 1472 transmittere,
410 1433 480 1464 Deo
495 1434 587 1464 dante.

228 1473 265 1503 Et
282 1475 390 1511 etiam,
401 1481 432 1503 ut
447 1474 559 1511 negotia
573 1471 609 1501 de
624 1471 760 1510 surprifis,
777 1472 897 1511 injuriis,
914 1472 1043 1510 dampnis
1053 1495 1062 1511 ,
1074 1473 1107 1503 &
1123 1472 1182 1503 aliis
1196 1482 1261 1509 gra-

190 1513 352 1543 vaminibus
368 1534 377 1549 ,
402 1512 462 1542 tarn
484 1512 564 1541 dicio
586 1510 661 1540 Patri
681 1510 782 1541 nostro
799 1534 808 1549 ,
833 1512 867 1542 &
882 1511 952 1549 suis,
972 1510 1036 1549 post
1071 1521 1167 1548 acem,
1187 1512 1259 1542 inter

189 1550 301 1581 dietum
324 1550 436 1590 Regem
461 1549 589 1580 Franciae
611 1550 644 1580 ὃς
665 1549 754 1590 ipsum
776 1548 888 1580 Patrem
902 1549 1034 1580 nostrum
1074 1550 1164 1580 atilius
1181 1550 1258 1582 ultro

191 1590 291 1620 initam
306 1613 316 1628 ,
342 1599 429 1628 quam
445 1590 543 1627 nobis,
559 1588 710 1626 postquam
731 1587 826 1628 Regni
842 1588 931 1619 nostri
944 1589 1132 1625 gubernacula
1143 1589 1260 1627 suscepi-

193 1637 274 1667 mus,
293 1638 342 1666 per
362 1627 486 1658 eundem
508 1627 626 1664 Regem
649 1627 773 1657 Franciae
797 1628 830 1658 δε
852 1627 915 1658 suos
931 1627 1024 1666 faffis,
1040 1629 1152 1658 interim
1166 1629 1259 1658 corri-

191 1675 312 1704 gantur,
330 1667 363 1697 &
377 1667 468 1697 modo
480 1667 579 1697 debito
593 1665 780 1696 emendentur
789 1690 799 1704 ,
817 1666 961 1697 sollicitius
977 1667 1010 1698 ὃ(
1024 1666 1185 1706 efficacius,
1199 1676 1260 1706 quo

189 1706 335 1745 poteritis,
354 1705 494 1737 insistatis.

194 1786 296 1857 NDat.
312 1786 386 1856 εἶξα-(1
409 1786 588 1818 Berewicum
612 1786 691 1825 super
714 1784 858 1818 Twedam
871 1808 882 1825 ‚
908 1785 1047 1817 vicesimo
1066 1787 1192 1819 secundo
1214 1787 1260 1819 die

233 1836 320 1857 ovem
346 1835 388 1856 ris.

193 1949 434 1985 Deinhibitione
443 1949 592 1995 facienda
613 1963 649 1983 ne
668 1955 754 1998 quis,
769 1948 829 1996 sttb
844 1951 1043 1996 forisfafz‘ura
1061 1980 1072 1996 ‚
1106 1953 1263 1986 auxilium

615 2003 710 2033 Scotis
725 1999 832 2034 ducat.

193 2084 328 2148 REX
355 2084 463 2130 Majori
484 2087 518 2118 &
539 2085 649 2118 Ballivis
662 2109 673 2125 ,
696 2085 730 2117 δε
752 2087 806 2118 toti
827 2085 1039 2118 Communitati
1054 2087 1140 2119 Viuae
1152 2088 1209 2120 suae
1222 2089 1259 2120 de

274 2124 448 2163 bandwico,
465 2125 589 2155 salutem.

230 2162 352 2201 Nuper,
371 2173 424 2201 pro
439 2173 475 2193 eo
490 2163 571 2201 quod
584 2164 680 2201 nobis,
697 2164 727 2194 in
739 2164 864 2200 partibus
879 2163 1002 2204 Scotiae,
1022 2165 1057 2196 ad
1071 2165 1260 2197 inimicorum

191 2200 362 2232 nostrorum
388 2201 494 2232 ibidem
517 2201 721 2232 Rebellionem
736 2204 770 2233 &
785 2203 938 2242 maliciam,
955 2213 1022 2235 cum
1039 2204 1096 2235 Dei
1108 2205 1260 2245 adjutorio,

191 2240 382 2277 reprimendas
397 2241 595 2280 existentibus,
611 2241 646 2271 ad
661 2240 794 2272 nostrum
817 2244 945 2279 pervenit
957 2242 1101 2281 auditum,
1121 2244 1201 2282 quod
1216 2243 1260 2275 di-

191 2279 261 2309 versi
285 2279 420 2309 homines
442 2279 571 2310 victualia
586 2302 596 2317 ,
618 2289 708 2317 equos
722 2303 732 2318 ,
756 2289 833 2310 arma
847 2303 857 2319 ,
884 2281 918 2312 &
933 2280 1052 2311 diversas
1067 2292 1109 2312 res
1123 2283 1206 2321 alias,
1224 2283 1260 2314 de

190 2317 292 2355 quibus
315 2319 343 2348 in
365 2317 467 2348 eisdem
485 2319 609 2355 partibus
643 2320 766 2349 otuimus
780 2318 938 2358 subveniri,
956 2319 1101 2351 ducebant
1115 2331 1130 2351 a
1144 2321 1257 2353 diversis

187 2356 311 2394 partibus
334 2356 364 2387 R
401 2358 429 2387 ni
451 2356 541 2387 nostri
561 2356 595 2386 ad
634 2358 755 2388 nimicos
779 2357 891 2388 nostros
906 2358 1075 2397 praedictos,
1094 2361 1123 2390 in
1138 2360 1260 2391 retarda-

187 2394 296 2426 tionem
310 2366 494 2433 expffiitionis
509 2404 618 2435 guerrae
634 2396 740 2427 nostrae
753 2396 880 2436 ibidem,
898 2397 1129 2429 &inimicorum
1145 2399 1259 2430 nostro-

187 2443 253 2464 rum
268 2434 421 2465 subsidium
438 2434 662 2473 praedieiorunn

225 2471 362 2504 Volentes
385 2473 581 2511 indempnitati
605 2473 710 2504 nostrae
730 2475 759 2504 in
773 2474 826 2505 hac
841 2483 919 2512 parte
954 2476 1109 2515 rospicere,
1127 2487 1160 2508 ac
1177 2478 1259 2516 super

187 2510 248 2541 hoc
263 2512 422 2543 remedium
437 2521 601 2551 congruum
613 2513 764 2552 adhibere,
784 2513 898 2550 singulis
943 2517 1140 2546 icecomitibus
1155 2516 1259 2547 nostris

186 2559 237 2587 per
253 2549 388 2588 Angliam
399 2575 409 2591 ,
428 2562 477 2590 per
488 2551 594 2582 diverse.
609 2552 705 2582 brevia
720 2551 815 2582 nostra
829 2552 946 2583 firmiter
960 2554 1091 2584 duximus
1106 2555 1257 2595 injungen-

186 2587 276 2632 dum,
296 2598 327 2621 ut
349 2590 400 2628 ipsi
422 2591 452 2620 in
473 2589 660 2632 Civitatibus,
679 2590 793 2630 BurgiS,
814 2593 847 2622 &
870 2591 926 2621 aliis
946 2592 1016 2623 locis
1063 2593 1111 2624 ubi
1126 2593 1258 2631 expedire

185 2626 331 2667 viderent,
347 2630 375 2658 in
391 2628 500 2659 Ballivis
513 2630 583 2668 iuis,
601 2629 717 2667 publice
741 2630 925 2669 proclamari,
941 2632 975 2662 &
990 2616 1117 2662 districte
1134 2633 1255 2664 inhiberi

189 2665 332 2705 facerent,
351 2677 386 2698 ex
402 2677 478 2705 parte
490 2667 605 2706 nostra,
624 2679 660 2698 ne
675 2669 735 2706 quis
751 2691 760 2707 ,
778 2668 828 2699 sub
842 2669 1019 2700 forisfactura
1033 2672 1100 2702 vitae
1114 2672 1147 2702 δε
1163 2681 1258 2702 mem-

187 2702 308 2735 brorum
323 2729 332 2744 ,
355 2707 484 2737 vietualia
500 2731 510 2743 ,
535 2716 624 2744 equos
639 2730 648 2746 ,
671 2717 823 2737 armaturas
838 2731 848 2746 ,
867 2707 913 2738 seu
931 2710 1123 2747 quascumque
1139 2720 1180 2740 res
1193 2711 1256 2742 alias

183 2742 316 2782 duceret,
338 2744 383 2775 seu
398 2745 465 2776 duci
478 2745 583 2776 faceret
597 2745 631 2775 ad
649 2744 786 2777 Inimicos
802 2745 916 2777 nostros
938 2747 1130 2786 supradictos,
1149 2759 1203 2781 nec
1218 2751 1257 2781 eis

186 2783 321 2825 auxilium
338 2784 529 2821 praeberetseu
539 2784 777 2823 succursum,nec
790 2786 819 2815 iri
834 2785 930 2824 aliquo
942 2788 1171 2819 communicaret
1184 2798 1255 2820 cum

184 2820 287 2851 eisdem
297 2844 307 2860 ,
325 2822 375 2852 sub
390 2823 480 2860 poena
492 2823 680 2854 forisfacturae
695 2824 846 2862 praeditfihe.

221 2857 276 2897 Et,
295 2862 360 2899 quia
379 2862 456 2893 dieta
477 2861 620 2900 expeditio
632 2885 642 2901 ,
660 2872 715 2900 pro
729 2864 880 2894 communi
896 2864 1016 2895 utilitate
1033 2864 1133 2903 Regni
1148 2865 1254 2906 nostri,

183 2898 307 2929 multum
324 2899 424 2931 insidet
439 2902 523 2930 nobis
539 2901 639 2939 cordi,
657 2901 742 2932 vobis
755 2902 920 2932 mandamus
935 2903 1053 2934 firmiter
1067 2905 1252 2945 injungentes,

207 2937 289 2981 uod,
317 2948 364 2973 per
388 2948 478 2970 totam
501 2939 608 2970 Villam
631 2940 814 2979 praedictam,
830 2942 944 2980 publice
959 2943 1143 2981 proclamari,
1163 2944 1252 2974 &di-

211 2974 283 3004 nete
305 2986 338 3005 eit
360 2987 436 3014 parte
456 2977 556 3009 nostra
580 2979 702 3009 inhiberi
713 2979 834 3018 faciatis,
853 2991 890 3010 ne
904 2983 982 3019 quis,
1001 2981 1050 3012 sub
1065 2982 1153 3019 poena
1169 2982 1252 3013 foris-

183 3012 301 3057 fasslsurge
321 3016 464 3058 praedict-tr:
480 3041 489 3055 ,
508 3018 542 3048 &
562 3019 694 3047 omnium
715 3029 779 3056 quae
792 3019 874 3049 nobis
892 3019 1052 3051 forisfacere
1066 3022 1186 3059 poterit,
1208 3021 1252 3052 di-

183 3049 236 3095 ᾃιε
249 3051 376 3083 Inimicis
391 3055 508 3094 nostris,
527 3066 576 3093 per
592 3056 612 3075 ²*
629 3065 751 3092 terram„
766 3067 814 3089 aut
828 3067 878 3096 per
893 3069 1014 3097 aquarn,
1024 3059 1250 3104 solamen,auxi-

183 3088 334 3134 lium,⁴seu
358 3091 517 3124 succursum
531 3095 670 3133 aliquem,
689 3095 725 3126 de
737 3095 875 3134 aliquibus
894 3098 1076 3137 victualibus,
1095 3108 1189 3137 equiS,
1205 3109 1249 3129 ar-

183 3137 300 3198 irigatctliris
313 3152 323 3168 ,
347 3130 394 3160 seu
416 3133 498 3162 rebus
521 3133 579 3163 aliis
599 3134 826 3174 quibuscumque
840 3159 850 3175 ,
875 3135 968 3167 facere
982 3136 1132 3175 praesumat
1147 3139 1248 3176 quovis

217 3177 236 3197 0
257 3179 286 3198 0.

193 3205 274 3251 HEt,
292 3214 323 3239 ut
345 3208 489 3246 praedietae
509 3209 694 3246 proclamatio
716 3212 749 3243 &
771 3213 903 3244 inhibitio
925 3213 1249 3246 firmius&inviolabi-

180 3243 251 3290 lius,
267 3245 318 3289 sub
333 3256 421 3284 poena
433 3247 583 3286 praedicta,
602 3249 803 3290 observentur,
821 3252 972 3291 volumus,
991 3254 1024 3284 ὃς
1040 3254 1140 3292 vobis,
1158 3253 1248 3284 firmi-

181 3290 234 3326 ter,
244 3285 444 3330 injungendo,
458 3285 645 3330 mandamus,
663 3289 741 3325 quod
775 3298 874 3330 uatuor
889 3291 925 3322 de
940 3291 1147 3323 discretioribus
1162 3293 1195 3323 &
1210 3293 1250 3323 le-

179 3321 334 3357 gahoribus
353 3324 536 3363 hominibus,
550 3324 587 3356 de
601 3324 675 3356 Villa
695 3337 751 3364 prae
773 3329 844 3367 icta,
862 3340 915 3369 pro
931 3332 1032 3368 quibus
1048 3330 1192 3362 volueritis
1207 3342 1250 3361 re-

180 3359 317 3404 spondere
330 3384 340 3400 ,
364 3363 399 3393 ad
418 3363 562 3400 praediCtas
579 3364 833 3406 proclamationem
847 3369 880 3399 ὃ(
895 3369 1111 3407 inhibitionem,
1129 3370 1158 3399 in
1174 3368 1246 3400 Villa

180 3399 315 3436 praedicia
328 3423 338 3438 ,
363 3402 392 3431 in
407 3403 545 3432 omnibus
559 3403 592 3433 δε
612 3403 724 3443 ungulis
745 3404 876 3435 Articulis
892 3407 1035 3444 praedietis
1049 3407 1247 3441 inviolabiliter

180 3436 381 3482 observandas,
398 3440 456 3470 sine
469 3440 602 3471 dilatione
615 3441 707 3480 aliqua
719 3441 860 3480 affignetis
875 3445 908 3475 &
924 3445 1071 3483 deputetis.

219 3474 365 3520 Praernissa
380 3488 480 3522 'autem
500 3480 600 3510 omnia
618 3481 651 3510 &
674 3481 796 3520 lingula,
815 3482 884 3513 sicut
898 3492 966 3521 nm,
984 3486 1017 3515 &
1033 3485 1177 3516 honorem
1192 3495 1247 3516 no-

181 3512 271 3558 strum
286 3515 415 3559 diligitis,
434 3518 467 3548 &
481 3517 686 3549 forisfacturam
699 3520 866 3560 praedietam
879 3523 984 3553 evitare
998 3523 1159 3562 volueritis,
1177 3534 1247 3555 cum

180 3561 271 3596 orn-m·
283 3552 426 3597 diligentia
446 3556 479 3586 ὃ(
503 3555 680 3588 festinatione
695 3582 704 3596 ,
731 3569 785 3595 qua
806 3561 951 3599 poteritis,
972 3561 1091 3592 firmiter
1103 3563 1245 3594 observari

180 3589 305 3633 sacratu,
324 3601 359 3622 ita
378 3594 477 3637 quod,
492 3604 547 3637 ‘per
569 3595 655 3625 vestri
677 3597 879 3636 negligentiam
893 3608 940 3629 aut
953 3600 1117 3640 defectum,
1136 3601 1249 3639 expedi-

180 3635 223 3658 tio
238 3629 334 3660 nostra
350 3653 359 3668 ,
384 3642 414 3661 in
430 3634 550 3677 partibus
574 3634 732 3673 praedistis,
752 3636 908 3667 nullatenus
922 3639 1090 3678 retardetur,
1106 3650 1157 3679 per
1170 3639 1247 3679 quod

183 3666 218 3697 ad
231 3678 282 3698 vos
297 3668 332 3699 &
348 3670 438 3701 vestra
453 3673 557 3702 meriti>
573 3682 674 3710 capere
687 3674 850 3706 debeamus.

1293 613 1347 652 giae
1359 614 1567 653 constitutum,
1586 615 1619 645 &
1639 614 1763 644 similiter
1783 623 1884 646 contra
1905 614 2054 653 singulares
2076 615 2229 655 Personas,
2246 618 2280 650 &
2293 617 2364 650 Fra-

1292 652 1482 722 {cloacinis
1496 653 1583 697 illius,
1602 652 1639 683 de
1658 653 1756 684 haeresi
1774 653 1930 685 defamatos
1944 678 1954 691 ,
1974 654 2085 686 dudum
2099 665 2149 693 per
2163 656 2266 688 litteras
2280 657 2366 696 Apo-

1322 701 1341 721 ο
1354 701 1408 721 icas
1442 701 1458 721 e
1479 699 1559 722 utatis

1335 729 1428 769 Qiod
1443 701 1529 760 figem
1543 715 1655 760 P'raelati
1669 731 1702 762 ὃς
1717 729 1914 770 Inquisitores,
1933 730 1970 762 de
1984 731 2045 770 ipsis
2058 731 2247 773 Templariis,
2265 735 2299 766 &
2314 745 2366 766 eo-

1295 778 1360 798 rum
1379 767 1557 806 Corporibus
1570 793 1580 806 ,
1603 769 1633 798 in
1654 769 1856 806 quaestionibus
1865 793 1875 808 ,
1892 770 1926 801 δε
1947 770 2024 809 aliis,
2040 770 2075 801 ad
2088 771 2148 802 hoc
2164 774 2367 804 convenienti·

1295 807 1362 850 bus,
1380 807 1558 838 ordinent&
1572 807 1677 838 faciant
1691 807 1720 838 id
1736 833 1745 846 ,
1774 808 1853 847 quod
1869 809 1922 847 eis,
1939 808 2097 840 secundum
2111 809 2204 850 legem
2220 810 2365 844 Ecclesia-

1297 844 1417 885 sticam,
1435 845 1579 877 videbitur
1595 846 1659 876 fore
1673 846 1850 878 faciendum:

1331 883 1369 914 Et
1391 884 1619 916 mandaverimus
1638 883 1859 916 Constabulario
1880 884 1974 916 Castri
1995 885 2088 917 nostri
2113 886 2297 928 Lincolniae,
2315 899 2367 931 per

1296 923 1384 966 breve
1402 923 1533 954 nostrum
1550 946 1560 962 ,
1585 923 1663 968 quod
1684 934 1787 968 omnes
1799 924 1998 963 Templarios,
2017 926 2047 955 in
2063 924 2166 957 Castro
2180 926 2278 958 nostro
2293 938 2368 966 prae-

1295 961 1376 992 dicto
1388 961 1439 992 sub
1453 962 1501 992 sua
1515 961 1656 993 Custodia
1671 963 1833 1002 existentes,
1852 963 1898 994 vel
1911 963 1976 995 illuc
1990 963 2189 1003 adducendos,
2209 965 2317 1004 Maiori
2331 967 2367 999 δε

1297 999 1413 1031 Ballivis
1425 1000 1529 1032 nostris
1542 999 1673 1031 Civitatis
1685 1001 1794 1032 nostrae
1808 1001 1973 1034 Lincolniae
1987 1001 2087 1041 fimul,
2104 1003 2150 1034 vel
2162 1005 2368 1046 particulatim,

1296 1047 1382 1077 prout
1403 1040 1437 1072 ὃς
1457 1040 1588 1078 quotiens
1612 1048 1646 1070 ex
1666 1049 1741 1078 parte
1760 1040 1904 1072 dictorum
1918 1040 2121 1080 Praelatorum,
2139 1042 2186 1073 vel
2197 1042 2313 1082 alicujus
2325 1045 2370 1083 ip-

1295 1077 1411 1118 sorum,
1428 1089 1495 1110 cum
1511 1088 1570 1108 uno
1586 1078 1680 1109 saltem
1689 1079 1871 1118 Inquisitore,
1889 1079 2034 1118 requifitus
2046 1079 2134 1118 esset,
2151 1080 2298 1120 liberaret;
2316 1083 2370 1122 pei*

1301 1116 1433 1157 eosdem,
1454 1115 1602 1155 Majorem
1617 1118 1650 1148 &
1665 1117 1804 1157 Ballivos,
1822 1119 1852 1148 in
1865 1117 2035 1149 Carceribus
2056 1117 2158 1149 nostris
2169 1117 2300 1152 Civitatis
2315 1131 2370 1152 no-

1297 1154 1362 1186 strae
1380 1156 1525 1194 praedietae
1543 1179 1552 1195 ,
1570 1156 1605 1187 δε
1627 1156 1684 1186 aliis
1705 1156 1792 1195 locis,
1809 1156 1843 1188 ad
1857 1157 1916 1188 hoc
1930 1157 2185 1198 convenientibus,
2205 1158 2372 1190 custodien-

1296 1194 1366 1232 dos,
1386 1194 1560 1226 exhibendos
1575 1195 1609 1225 &
1623 1195 1859 1233 repraesentandos
1873 1195 1996 1226 Praelatis
2021 1196 2055 1227 ὅ(
2069 1195 2283 1234 Inquifitoribus
2297 1208 2372 1237 prae-

1296 1232 1395 1273 dietis,
1412 1234 1458 1265 seu
1470 1234 1552 1264 alicui
1568 1243 1670 1264 eorum
1681 1258 1691 1272 ,
1708 1244 1776 1266 cum
1790 1243 1850 1265 uno
1865 1234 1960 1265 saltem
1972 1233 2005 1265 In
2029 1235 2158 1266 uifitore:

1335 1271 1373 1304 Et
1395 1272 1474 1311 quod
1493 1272 1608 1303 eosdem
1629 1271 1812 1311 Templarios
1836 1274 1950 1311 recipiat
1966 1297 1976 1311 ,
1994 1283 2009 1303 a
2044 1272 2214 1305 Custodiam
2227 1275 2320 1314 suam,
2337 1276 2368 1307 in

1298 1309 1402 1343 Castro
1418 1311 1520 1342 nostro
1535 1311 1695 1351 praedizsto,
1712 1322 1727 1342 a
1744 1311 1856 1351 Majore
1869 1313 1903 1343 ὃς
1916 1311 2028 1343 Ballivis
2044 1312 2223 1352 supradietis,
2242 1313 2370 1354 quando,

1298 1351 1332 1381 &
1349 1351 1479 1389 quotiens
1496 1360 1546 1388 per
1562 1349 1693 1388 praefatos
1714 1350 1865 1388 Praelatos,
1880 1350 1927 1382 vel
1941 1360 2044 1381 eorum
2063 1351 2208 1391 aliquem,
2224 1362 2295 1384 cum
2308 1363 2370 1385 uno

1297 1389 1393 1420 saltem
1410 1388 1596 1428 Inquisitore,
1616 1389 1700 1419 fiierit
1713 1399 1743 1419 re
1765 1388 1872 1420 uilitus:

1335 1428 1381 1459 Ac
1402 1437 1509 1467 nuper,
1530 1437 1580 1466 per
1597 1427 1731 1458 Praelatos
1778 1428 1913 1458 rovinciae
1935 1424 2143 1459 Cantuariensis
2156 1453 2166 1467 ,
2184 1428 2214 1458 in
2230 1426 2369 1462 Concilio

1297 1466 1348 1498 suo
1369 1466 1541 1498 Provinciali
1566 1465 1673 1497 ibidem
1694 1466 1854 1506 celebrato,
1871 1466 2109 1497 consentientibus
2122 1466 2157 1497 ad
2173 1467 2231 1498 hoc
2248 1467 2370 1507 Inquisi—

1297 1506 1406 1536 toribus
1428 1504 1589 1546 supradietis
1603 1528 1613 1544 2
1637 1505 1801 1536 ordinatum
1822 1506 1921 1544 fuerit,
1939 1505 2010 1536 ficut
2023 1506 2205 1545 accepimus,
2220 1507 2254 1537 &
2267 1506 2370 1538 condi-

1297 1544 1379 1575 <stum
1393 1554 1448 1583 pro
1463 1543 1538 1575 finali
1553 1543 1733 1582 expeditione
1752 1545 1862 1582 negotii
1877 1545 2046 1583 memorati,
2059 1544 2138 1582 quod
2151 1555 2253 1576 omnes
2267 1546 2301 1576 &
2315 1545 2370 1576 fin-

1297 1584 1355 1624 guli
1370 1583 1529 1622 Templarii
1543 1606 1552 1620 ,
1569 1584 1597 1613 in
1614 1581 1807 1614 Cantuariensi
1825 1582 1978 1614 Provincia
2000 1582 2165 1621 existentes,
2183 1583 2369 1623 Londonias‚

1297 1632 1361 1654 ante
1374 1622 1504 1653 futurum
1518 1621 1698 1652 Provinciale
1713 1621 1898 1660 Concilium,
1915 1620 2022 1653 ibidem
2035 1623 2064 1652 in
2077 1623 2230 1662 proximo,
2248 1632 2280 1655 ut
2293 1623 2367 1655 dici-

1298 1670 1344 1693 tur
1351 1684 1360 1700 ,
1379 1660 1581 1692 celebrandum
1590 1685 1600 1699 ,
1618 1660 1809 1699 adducantur;

1333 1700 1506 1731 SENTEN
1519 1708 1630 1730 ΤῙΛΜ
1658 1706 2025 1738 ABSOLUTORMM,
2046 1707 2126 1730 VEL
2153 1709 2371 1732 coNDEMP-

1297 1746 1537 1770 NAT0R1AM
1553 1762 1563 1776 ,
1595 1747 1729 1770 SUPER
1762 1745 2025 1768 CRIMINIBUS
2040 1760 2050 1776 ,
2086 1746 2175 1769 SIBI
2205 1747 2373 1772 minost-

1297 1787 1366 1809 τις
1383 1801 1393 1816 ,
1418 1785 1657 1808 nunu-uni:

1334 1816 1459 1856 Nosque
1499 1817 1540 1846 ob
1553 1816 1698 1847 honorem
1713 1814 1790 1854 Dei,
1807 1816 1842 1847 &
1854 1825 1906 1854 pro
1921 1815 2040 1855 negotio
2054 1813 2134 1846 Fidei
2149 1815 2372 1857 promovendo,

1298 1855 1419 1894 praefato
1501 1855 1670 1886 nstabulario
1693 1855 1921 1885 mandaverimus
1934 1879 1944 1892 ,
1966 1853 2046 1892 quod
2067 1864 2169 1885 omnes
2189 1855 2372 1894 Templarios

1301 1894 1469 1933 praedictos,
1495 1894 1530 1924 ad
1542 1896 1618 1924 suam
1633 1892 1804 1924 Custodiam
1840 1894 1868 1923 in
1883 1891 1989 1923 Castro
2003 1892 2102 1923 nostro
2120 1893 2271 1933 praedieio,
2286 1903 2372 1926 retra-

1300 1933 1352 1964 diti
1366 1933 1484 1970 fuerint,
1503 1933 1536 1964 &
1551 1932 1739 1971 postmodum
1754 1943 1803 1971 per
1811 1917 1948 1963 l’raelatos
1961 1932 1995 1963 &
2010 1931 2190 1970 Inquisitores
2205 1933 2368 1973 praedicto&

1299 1973 1348 2002 vel
1362 1972 1484 2011 aliquem
1497 1972 1640 2010 ipsorum,
1655 1981 1723 2002 curn
1737 1982 1797 2002 uno
1810 1971 1904 2002 saltem
1921 1971 2107 2010 inquisitore,
2126 1970 2194 2002 effer
2209 1971 2371 2011 requisitus,

1298 2012 1351 2042 tibi
1371 2012 1493 2049 liberet,
1515 2010 1659 2041 ducendos
1679 2021 1728 2048 per
1747 2019 1776 2041 te
1796 2010 1933 2041 London.
1961 2011 1996 2042 &
2018 2009 2127 2040 ibidem
2147 2009 2370 2042 Constabulario

1297 2049 1400 2082 Turris
1413 2049 1517 2081 nostrae
1535 2049 1671 2080 London.
1690 2050 1867 2087 liberandos,

1339 2088 1411 2120 Tibi
1426 2089 1605 2127 praecipimus
1620 2089 1698 2127 quod
1706 2111 1716 2127 ,
1733 2089 1804 2118 cum
1817 2098 1866 2126 per
1878 2087 2013 2118 Praelatos
2026 2088 2060 2119 &
2074 2087 2256 2126 Inquisitores
2269 2087 2371 2127 p‘raedi-

1298 2126 1362 2158 &os
1372 2151 1381 2166 ,
1399 2127 1445 2159 vel
1461 2127 1584 2166 aliquem
1598 2128 1740 2167 ipsorum,
1760 2137 1829 2157 cum
1844 2137 1903 2157 uno
1919 2126 2015 2157 saltem
2029 2125 2062 2156 In
2085 2127 2214 2165 uilitore,
2229 2127 2315 2158 fueris
2327 2137 2372 2158 re-

1301 2167 1415 2204 quisitus
1430 2189 1440 2205 ,
1463 2176 1564 2196 omnes
1585 2165 1676 2197 dictos
1698 2166 1881 2203 Templarios
1900 2175 1915 2194 a
1929 2165 2049 2203 praefato
2114 2165 2284 2196 nstabulario
2297 2167 2371 2197 reci-

1298 2206 1355 2243 pias
1374 2229 1383 2243 ,
1408 2206 1442 2236 &
1462 2214 1512 2235 eos
1526 2228 1536 2243 ,
1561 2204 1611 2234 sub
1630 2204 1690 2235 tuta
1706 2206 1739 2235 &
1753 2204 1824 2234 salva
1843 2203 1974 2234 custodia
1988 2203 2126 2234 London.
2142 2204 2226 2243 duci,
2242 2205 2371 2244 ipsosque

1297 2244 1317 2263 ²*
1337 2242 1558 2274 Constabulario
1571 2243 1673 2274 Turris
1688 2242 1795 2273 nostrae
1808 2242 1953 2280 praedictae
1969 2242 2052 2272 facias
2063 2241 2190 2272 liberari:

1333 2281 1393 2313 Cui
1412 2282 1606 2313 mandavimus
1627 2281 1707 2319 quod
1728 2281 1800 2318 ipsos
1818 2291 1834 2310 a
1860 2289 1888 2310 te
1908 2281 2023 2318 recipiat
2036 2301 2046 2317 ‚
2072 2281 2106 2310 &
2126 2281 2154 2310 in
2171 2281 2259 2312 Turri
2271 2281 2368 2314 nostrii.

1296 2321 1434 2359 praedicta
1448 2320 1605 2359 custodiat,
1625 2322 1658 2351 δε
1677 2329 1727 2350 eos
1749 2329 1848 2349 coram
1868 2319 1988 2356 praefatis
2002 2317 2126 2348 Praelatis
2145 2320 2178 2350 &
2191 2319 2370 2358 Inquifitori-

1295 2361 1347 2390 bus
1397 2361 1426 2390 in
1446 2360 1578 2398 proximo
1605 2357 1777 2388 provinciali
1799 2356 1939 2388 Concilio
1953 2381 1963 2394 ,
1986 2355 2110 2394 ibidem,
2128 2365 2160 2388 ut
2174 2360 2369 2398 praemitn'tur,

1296 2384 1470 2430 celebrando
1480 2422 1490 2437 ,
1505 2397 1540 2427 ad
1554 2397 1720 2427 audiendam
1733 2397 1812 2434 super
1827 2395 1973 2434 praemiffis
1994 2395 2044 2425 {ibi
2058 2396 2195 2434 impolitis
2208 2421 2217 2435 ,
2243 2397 2270 2427 A
2282 2407 2302 2428 Β
2312 2407 2370 2428 80,-

1296 2446 1529 2468 LUTORIAM
1563 2436 1609 2468 vel
1642 2434 2096 2466 CONDEMPNATORIAM
2122 2438 2369 2468 SENTEN-ri-

1297 2486 1317 2507 A
1327 2484 1373 2514 M,
1393 2475 1579 2514 repraesentet.

1333 2515 1538 2546 Mandavimus
1551 2522 1646 2544 autem
1660 2513 1768 2544 dilecto
1781 2510 1901 2543 Clerico
1916 2511 2016 2543 nostro
2024 2535 2035 2551 ,
2053 2511 2175 2551 Rogero
2188 2513 2225 2543 de
2232 2512 2370 2552 Wyngo-

1294 2553 1370 2592 feld,
1389 2553 1468 2592 quod
1491 2554 1542 2584 tibi
1563 2553 1693 2591 expensas
1706 2577 1715 2590 ,
1734 2562 1786 2590 pro
1809 2551 2008 2582 sustentatione
2023 2551 2168 2582 mdiorum
2185 2551 2370 2590 Templario-

1294 2602 1359 2623 rum
1375 2592 1469 2623 versus
1482 2592 1621 2622 London.
1641 2601 1756 2622 necnon
1766 2589 1969 2620 Ministrorum
1983 2599 2031 2621 eos
2043 2589 2212 2621 ducentium
2248 2591 2283 2622 &
2297 2591 2368 2622 afios

1294 2631 1438 2670 sumptus,
1458 2632 1486 2661 in
1509 2631 1562 2661 hac
1583 2639 1661 2668 parte
1682 2629 1867 2667 necessarios,
1887 2629 1921 2659 &
1937 2629 2061 2672 limiliter
2072 2628 2190 2666 praesato
2203 2614 2370 2661 donstabu—

1296 2670 1365 2700 lario
1377 2670 1478 2700 Turris
1494 2669 1598 2700 nostrae
1613 2668 1770 2707 praedictae,
1796 2678 1850 2706 pro
1862 2667 1946 2698 mora
1963 2667 2108 2698 dictorum
2132 2667 2368 2706 Templariorum

1293 2709 1322 2739 in
1345 2707 1490 2740 Custodia
1509 2708 1573 2747 sua,
1592 2707 1746 2747 postquam
1769 2716 1784 2736 a
1807 2715 1835 2738 te
1854 2707 2008 2744 receperit,
2027 2706 2110 2736 faciat
2125 2705 2236 2737 liberari

1335 2784 1426 2816 Teste
1441 2785 1525 2826 Rege
1540 2785 1614 2825 apud
1627 2785 1812 2824 Berewycum
1820 2807 1832 2823 ,
1848 2783 2026 2814 duodecimo
2038 2781 2086 2813 die
2099 2782 2283 2814 Decembris.

1418 2931 1468 2963 De
1477 2908 1688 2976 sicstentatione
1699 2939 1756 2976 pro
1772 2926 1860 2961 dietis
1873 2927 2056 2974 Templariis
2074 2923 2244 2962 liberanda.

1286 3023 1343 3085 E
1365 3064 1406 3103 gis
1419 3063 1595 3102 Lincolniae,
1615 3063 1684 3094 curn
1706 3062 1798 3092 dictos
1811 3061 1991 3102 Templarios
2005 3071 2021 3091 a
2036 3060 2255 3092 Constabulario
2266 3060 2360 3092 Castri

1287 3100 1377 3141 Regis
1392 3101 1556 3133 Lincolniae
1575 3101 1704 3141 praediffl
1718 3100 1872 3139 receperit,
1889 3098 2036 3131 ducendos
2049 3109 2100 3137 per
2111 3099 2201 3138 ipsum
2223 3099 2358 3130 London.

1287 3148 1317 3169 ut
1332 3140 1501 3178 praedichim
1515 3140 1556 3171 est
1572 3164 1582 3180 ,
1597 3150 1632 3170 ex
1652 3139 1726 3170 ensas
1739 3161 1748 3177 ,
1770 3149 1819 3177 per
1838 3137 1955 3176 Regem
1971 3137 2047 3176 prius
2060 3146 2114 3178 pro
2127 3137 2212 3168 dietis
2223 3137 2360 3176 Templa·

1285 3179 1330 3207 riis
1345 3179 1502 3217 affionatas,
1522 3189 1576 3218 pro
1589 3178 1618 3208 su
1646 3179 1787 3208 entatione
1802 3178 1944 3218 ipsorum,
1964 3176 2055 3208 versus
2079 3176 2214 3207 London.
2234 3177 2361 3208 &iimi-

1285 3217 1346 3246 liter
1363 3202 1563 3249 Nfinistrorum
1583 3226 1632 3247 eos
1651 3216 1818 3247 ducentium
1835 3239 1844 3255 ,
1861 3226 1895 3247 ac
1917 3217 2002 3246 etiam
2024 3213 2246 3246 Constabulario
2259 3215 2361 3246 Turris

1286 3254 1374 3294 Regis
1388 3255 1531 3295 praedidtae
1545 3279 1556 3294 ,
1572 3264 1625 3294 pro
1639 3255 1722 3286 mora
1745 3255 1977 3292 Templariorum
2011 3253 2192 3284 raedietorum
2207 3254 2237 3284 in
2253 3253 2361 3285 Custo-
2381 3280 2390 3298 ι

1285 3293 1332 3362 <gia
1345 3294 1408 3364 sug,
1420 3295 1534 3339 liberari
1554 3293 1651 3326 faciat:
1672 3293 1709 3324 Et
1723 3293 1790 3324 Rex
1803 3294 1854 3325 fibi
1876 3293 1943 3324 inde
1955 3292 1990 3324 de
2011 3293 2078 3323 itam
2095 3291 2297 3324 allocationem
2309 3292 2360 3324 ha-

1310 3342 1359 3363 ere
1399 3342 1462 3365 ciet.

1281 3448 1300 3478 b
1318 3409 1408 3455 JI'este
1422 3409 1506 3450 Rege
1521 3409 1596 3448 apud
1616 3408 1795 3443 Berewicurn
1817 3410 1898 3449 super
1915 3407 2060 3442 Twedam
2073 3430 2084 3447 ,
2104 3417 2150 3439 12.
2165 3408 2213 3440 die
2230 3407 2361 3440 Decem-

1302 3458 1345 3478 ns.

1351 3591 1400 3624 De
1415 3591 1555 3636 injuriis,
1582 3588 1651 3622 hinc
1666 3588 1736 3623 inde
1755 3590 1884 3671 illZisZi
1901 3592 1933 3622 in
1954 3590 2082 3623 Ducam
2099 3592 2290 3638 Aequitam‘ae

1713 3650 1796 3673 emen
1819 3651 1859 3670 an
1882 3649 1918 3671 ts.

2386 2247 2402 2264 *
2420 2247 2478 2275 111.⁴

2387 2294 2454 2323 235·

1352 3024 1384 3055 T
1403 3024 1569 3056 mandatum
1576 3023 1618 3055 est
1630 3024 1751 3064 Rogero
1763 3022 1800 3053 de
1811 3021 2008 3062 Wyngefeld,
2022 3021 2100 3061 quod
2109 3021 2286 3053 vicecomiti
2299 3021 2362 3053 Re-
2376 3036 2453 3069 Ann-
2469 3039 2512 3070 u

2400 3087 2486 3118 1310.

2373 3120 2426 3145 An.
2441 3127 2470 3153 4.

2375 3159 2405 3182 Ε.
2429 3165 2456 3183 2.

2375 3193 2460 3232 Claus.
2479 3203 2511 3229 4.

2379 3236 2409 3260 E.
2427 3242 2454 3262 2.
2471 3241 2508 3261 m.

2397 3280 2422 3307 ⁷·

1284 3722 1421 3785 REX
1438 3723 1548 3755 dilectis
1564 3724 1597 3755 ὅτ.
1615 3723 1742 3754 fidelibus
1754 3723 1871 3763 nostn's,
1891 3723 2044 3755 venerabili
2058 3724 2089 3754 in
2107 3720 2224 3753 Christo
2237 3718 2314 3752 Patri
2328 3721 2358 3760 J.
2377 3719 2453 3751 Ann.
2463 3719 2508 3754 D:

1366 3763 1465 3794 eadem
1488 3762 1575 3801 gratia
1589 3786 1600 3801 ,
1624 3763 1811 3794 Norwicensi
1830 3763 1855 3794 E
1878 3763 1934 3794 isco
1987 3786 1998 3801 ,
2015 3762 2140 3802 Johanni
2158 3759 2193 3790 de
2213 3758 2357 3804 Britannia
2404 3768 2491 3801 1310.

1283 3800 1396 3832 Comiti
1417 3800 1640 3832 Richemundiae
1654 3825 1664 3840 ,
1682 3801 1826 3832 karissimo
1879 3811 1918 3832 on
1930 3802 2069 3841 anguineo
2090 3797 2204 3829 nostro:
2225 3797 2358 3831 Gurdoni
2370 3802 2423 3828 An.
2442 3807 2472 3836 4.

1283 3839 1384 3878 Ferre,
1399 3841 1432 3871 &
1448 3839 1610 3872 Willielmo
1624 3839 1712 3880 lnge,
1727 3840 1887 3878 Militibus,
1903 3841 2029 3871 salutem.
2368 3841 2400 3865 E·
2424 3847 2452 3868 2.

1323 3878 1413 3916 Super
1436 3879 1538 3916 iniuriis
1551 3903 1561 3918 ,
1584 3879 1713 3918 dampnis
1726 3902 1736 3918 ,
1755 3879 1790 3909 8(-
1811 3879 2020 3918 gravaminibus
2033 3900 2046 3916 ,
2062 3883 2152 3919 nuper
2165 3897 2175 3914 a
2193 3874 2358 3908 durantibus
2375 3876 2440 3914 Vasc-
2455 3878 2488 3913 42
2501 3917 2503 3919 ‚

1284 3916 1449 3948 sufferentiis
1463 3939 1474 3956 ,
1498 3916 1544 3947 seu
1564 3918 1665 3956 treugis
1683 3919 1756 3949 inter
1775 3916 2047 3948 Excellentissimum
2061 3910 2227 3958 Principem
2248 3914 2360 3947 Domi·
2377 3918 2406 3942 E·
2422 3924 2451 3943 2·
2464 3924 2500 3944 m-

1283 3965 1355 3985 num
1386 3953 1549 3995 Philippum
1564 3978 1575 3994 ,
1593 3955 1651 3986 Dei
1673 3955 1760 3995 gratia
1773 3977 1784 3994 ‚
1803 3955 1980 3986 Francorum
1998 3950 2113 3996 Regem
2133 3952 2268 3997 illustrem
2278 3976 2289 3992 ,
2307 3953 2363 3984 Pa-
2381 3952 2425 3981 18.

1284 4001 1358 4024 trem
1382 3993 1512 4024 nostrum
1539 3993 1712 4025 cariffimum
1725 4017 1737 4032 ,
1755 3994 1789 4025 &
1803 4017 1813 4030 ,
1831 3993 1914 4024 clarae
1939 4000 2087 4022 memonae
2102 4013 2113 4028 ,
2131 3989 2298 4022 Dominum
2322 3990 2359 4030 E,

1282 4032 1429 4071 quondam
1445 4030 1561 4072 Regem
1579 4031 1692 4072 Angliae
1705 4054 1716 4070 ,
1733 4030 1906 4063 Genitorern
1926 4029 2056 4061 nostrum
2071 4053 2082 4069 ‚
2099 4038 2149 4070 per
2164 4029 2275 4061 Gentes
2285 4029 2360 4070 ipsi>-

2308 4077 2374 4100 rum

221 3741 311 3774 Teste
324 3744 408 3785 Rege
422 3748 495 3785 apud
511 3748 689 3782 Berewicum
703 3751 782 3792 super
794 3752 953 3793 Twedam,
970 3763 999 3794 9.
1020 3754 1096 3786 Dec.

225 3815 394 3853 consimiles
407 3822 524 3858 Litterae
536 3826 694 3868 diriguntur
709 3827 887 3870 Majoribus‚
904 3830 1030 3871 Ballivis,
1046 3832 1109 3864 ὅτε.

1111 3950 1130 3957 ‹-
