2570 4261
0 271 40 294 m.
57 260 98 292 D.
120 265 236 296 Abbati
253 265 285 296 de
302 263 499 306 Holmcoltumg

3 308 71 338 300.
119 304 232 334 Abbati
249 305 281 334 de
292 302 463 344 Kirkestea'e,

115 342 247 381 Abbati,
264 344 295 372 de
312 340 448 381 Rugford,

116 380 230 410 Abbati
247 382 279 410 de
296 379 410 417 Cambe,

116 418 234 449 Abbati
245 419 278 448 de
294 417 368 448 Valle
384 416 496 456 Regali,

116 457 233 487 Abbati
246 457 277 486 de
295 455 452 494 Stratford‚

118 494 231 525 Abbati
244 495 276 524 de
290 493 455 532 Qarrera,

0 339 33 366 lv.
52 347 76 365 i.

0 790 46 812 nn.
64 779 104 812 D.
125 779 304 842 DOmino
319 778 402 816 Papae
416 777 495 816 Rex,
512 780 572 810 &c.

3 827 87 858 1300.

1 869 26 886 n.
42 858 85 885 28.

0 918 5 923 .
20 900 106 923 1.Rot.

0 933 93 962 [eman.

0 970 22 1001 Β.
36 977 66 1000 E.
83 981 106 999 ι.

0 1022 10 1041 1.
27 1010 54 1041 8.

0 2746 128 2783 Ιι11867.

612 190 741 232 ET
857 191 1179 234 ACTA

673 264 788 296 Abbati
801 265 832 295 de
847 266 923 297 Bello
930 270 1022 306 Regis,

670 303 785 333 Abbati
800 305 831 333 de
845 306 965 345 Reusby,

670 341 784 371 Abbati
797 343 828 371 de
844 346 969 374 Gerndon
978 349 995 383 ,¹

669 379 782 408 Abbati
794 381 826 409 de
838 383 928 420 Rupe,

667 417 781 446 Abbati
795 419 827 447 de
843 419 918 448 Valle
933 423 1004 458 Dei,

666 455 779 484 Abbati
792 456 823 485 de
832 456 937 496 Melsa,

667 492 799 533 Magistro
808 495 920 524 Ordinis
929 496 960 525 de
966 493 1176 536 Sempryngham.

126 639 171 672 De
199 639 335 671 Nunciis
359 636 404 669 ad
425 640 539 683 Papam
561 636 650 681 fitper
669 637 884 684 compromiffi),
907 642 943 678 (j-
970 642 1180 685 reformatione

506 688 589 730 pacis
604 685 766 731 fipeduffiae.

232 817 308 848 Cum
342 817 419 853 super
439 819 555 853 negotio
574 817 772 850 reformationis
793 821 883 858 pacis,
900 821 968 851 inter
1010 839 1023 845 -
1037 839 1050 845 -
1067 820 1181 858 Regem

128 856 295 887 Francorum
310 839 444 885 illustrem
462 856 496 886 &
516 866 582 894 nos,
598 856 674 894 super
693 867 766 896 quo,
783 858 811 887 in
822 868 888 895 vos,
906 866 1034 896 tanquam
1051 862 1079 890 in
1092 861 1181 897 priva-

127 902 184 925 tam
205 893 363 932 personam,
380 893 412 924 &
434 892 593 925 Dominum
608 894 790 926 Benedidtum
804 895 982 936 Gaytanum,
1000 908 1047 935 per
1062 897 1181 928 eundem

128 933 296 963 Francorum
319 930 449 969 Regem,
466 932 499 962 &
520 942 587 970 nos,
604 933 637 963 &
658 933 862 965 confoederatos
882 934 988 966 nostros
1001 958 1011 973 ,
1035 935 1101 966 hinc
1118 935 1182 966 inde

128 970 290 1001 unanimiter
302 970 387 999 extitit
402 970 648 1009 compromissum,

164 1007 293 1038 Dileetos
308 1008 341 1038 &
360 1007 451 1038 fideles
464 1007 586 1047 nostros,

165 1083 360 1116 Venerabilem
378 1085 407 1114 in
424 1083 538 1116 Christo
555 1092 676 1124 patrem,

168 1160 322 1198 Johannem
337 1160 562 1201 lVeyntoniffltftm
576 1161 743 1201 Epifiopum‚

165 1202 291 1230 Fratrem
306 1199 477 1229 Willielmum
495 1201 526 1229 de
543 1199 734 1239 Gaynesburgh
747 1201 778 1230 de
791 1202 882 1232 ordine
897 1205 1052 1240 Minoram,

168 1238 320 1268 Gerara'um
338 1238 566 1268 Archidiacouum
579 1238 774 1269 Richemuna'iae
783 1262 793 1278 ,

166 1276 324 1315 Galfridum
340 1275 483 1314 Genevill,
501 1275 540 1310 <sy

167 1314 324 1353 Galfridum
338 1314 453 1353 Rufflll,
473 1313 596 1352 Illilites,

170 1353 361 1384 Procuratores
372 1351 477 1382 nostros
490 1353 522 1383 &
537 1352 667 1382 Nuncios
679 1351 820 1393 speciales,

168 1391 296 1424 Necnon
308 1390 424 1420 dilectos
437 1389 551 1420 clericos
564 1389 671 1420 nostros
678 1413 688 1430 ,

171 1428 338 1468 Magistros,
355 1429 539 1468 Raymundum
549 1428 674 1458 Arnaldi
688 1429 720 1458 de
731 1432 821 1458 Rama
841 1427 1025 1468 Vasatenftm‚
1043 1427 1080 1464 &-

170 1470 282 1498 Petrum
295 1471 329 1496 A
324 1470 431 1508 ymerici
445 1468 538 1496 Sanc‘li
550 1470 674 1496 Severini
687 1467 878 1507 Burdegalensj
895 1472 1035 1498 Can-unicos
1045 1479 1054 1497 .-

171 1543 217 1575 Α(1
238 1543 335 1574 vestrae
353 1542 525 1574 Celsitudinis
546 1543 715 1582 praesentiam
734 1542 896 1576 misissemus
930 1553 996 1576 cum
1010 1543 1088 1582 pleni
1108 1552 1185 1581 pote-

133 1582 199 1613 state
213 1582 341 1621 petendi,
351 1582 478 1613 audiendi
521 1582 689 1621 recipiendi,
705 1583 738 1613 &
755 1567 916 1621 acceptand'i
930 1584 1168 1621 complementum
1178 1606 1187 1621 ,

132 1620 336 1659 perstffionem
344 1644 354 1660 2
370 1621 403 1651 ὃ(
421 1606 689 1652 consummationem
702 1623 934 1659 pronunciationis
943 1622 976 1652 &
988 1622 1187 1652 reformationis

133 1660 208 1697 pacis
221 1659 378 1697 praedietae,
396 1668 476 1696 prout
488 1660 517 1689 in
528 1659 620 1689 litteris
632 1659 728 1689 nostris
740 1660 906 1698 patentibus,
922 1659 1000 1697 super
1011 1660 1063 1690 hiis
1071 1659 1187 1690 confec-

134 1699 184 1735 tis,
201 1698 286 1728 vobis
301 1708 334 1729 ue
348 1708 395 1736 per
409 1697 520 1728 eosdem
530 1697 656 1735 dired'tis,
673 1697 777 1735 plenius
791 1699 960 1730 continetur:

174 1736 254 1774 Nos,
270 1708 304 1766 ad
327 1736 406 1766 omni
446 1736 525 1766 tentis
546 1734 604 1765 Dei
623 1735 759 1766 honorem
772 1759 781 1774 ,
800 1738 1059 1776 promotionemque
1078 1737 1186 1774 negotii

135 1774 235 1804 Terrae
252 1774 378 1813 Sanctae,
415 1773 555 1812 isponente
573 1772 720 1813 altissimo,
744 1774 903 1805 celeriorem
918 1798 927 1814 ,
951 1774 1070 1806 faelicem
1082 1776 1186 1805 exitum

134 1813 368 1882 gonunciationis
388 1813 420 1843 &
442 1811 641 1843 reformationis
660 1814 733 1852 pacis
751 1812 920 1852 hujufinodi,
937 1815 999 1844 totis
1010 1813 1111 1844 viribus
1119 1812 1187 1845 affe-

166 1859 239 1881 antes

175 1874 302 1920 Dile'eios
320 1890 353 1921 ὅ(
371 1888 462 1920 fideles
484 1889 607 1927 nostros,
631 1889 787 1921 Amadeum
809 1889 968 1929 sabaudiae,
984 1891 1018 1922 &
1032 1889 1187 1921 Henricum

137 1927 174 1957 de
189 1928 265 1967 Lacy
280 1928 450 1966 Lincolniae,
463 1927 602 1959 Comites:
621 1928 760 1959 Ottonem
775 1927 810 1959 de
824 1928 1001 1959 Grandisono
1031 1929 1187 1966 Hugonem

137 1966 165 1996 16
186 1966 352 2005 Despenser,
368 1966 401 1997 &
422 1966 581 1997 Amaneum
603 1965 764 1997 Dominum
782 1967 817 1997 de
835 1966 861 1998 le
874 1966 955 1998 Breto
968 1990 978 2006 ,
1002 1952 1107 1998 Milites
1128 1977 1134 1996 τ
1154 1967 1187 1997 &

135 2004 294 2044 Johannem
307 2004 343 2035 de
366 2004 509 2035 Berewico
521 2004 705 2036 Canonicum
719 2003 859 2044 Eborum,
881 2005 928 2044 qui
948 2005 1039 2037 multis
1058 2016 1091 2036 ac
1111 2006 1189 2035 variis

139 2042 223 2073 dietae
245 2044 317 2082 pacis
335 2044 490 2074 tractatibus
502 2043 598 2082 pluries
611 2043 804 2081 interfuerunt,
822 2044 915 2082 reique
931 2044 1094 2083 experientia
1113 2043 1190 2080 super

138 2081 294 2119 hujusmodi
306 2081 477 2120 tractatibus,
494 2082 611 2113 articulis
622 2083 655 2113 &
669 2081 891 2127 circumstantiis,
907 2082 991 2120 ipsam
1012 2083 1085 2120 pacis
1103 2082 1190 2112 refor-

140 2121 292 2150 mationem
306 2120 545 2158 contingentibus,
562 2119 666 2159 plenius
679 2120 738 2151 sunt
758 2120 898 2160 instruiti,
916 2120 950 2151 ad
970 2122 1066 2152 vestrae
1073 2119 1190 2150 Sanfflss.

140 2158 216 2188 fimae
231 2159 391 2197 paternitatis
403 2159 571 2197 praesentiam
583 2159 772 2197 subsequenter
789 2158 915 2190 duximus
931 2158 1119 2197 destinandos,

179 2195 253 2234 Ipsos
273 2195 388 2234 praefatis
401 2219 410 2235 ,
434 2196 572 2235 Episcopo
584 2220 593 2235 ,
618 2197 699 2228 Fratri
714 2220 723 2235 ,
749 2197 969 2235 Archidiacono,
987 2197 1141 2235 Militibus,
1157 2197 1190 2228 &

141 2233 273 2273 Clericis,
291 2245 324 2265 ex
336 2237 417 2278 certis
427 2236 509 2266 caulis
524 2235 669 2274 legitimis,
686 2236 719 2266 &
733 2245 784 2273 pro
796 2235 920 2266 celeriori
933 2235 1108 2274 expeditione
1129 2245 1191 2265 me-

139 2273 239 2303 morati
252 2274 375 2310 negotii,
391 2274 420 2303 in
432 2274 620 2311 prosecutione
632 2273 767 2313 ejusdem,
782 2274 933 2305 secundum
939 2285 999 2306 vim
1011 2275 1044 2305 &
1057 2272 1192 2305 effec'tum
1237 2266 1240 2269 ¹

140 2313 319 2342 continentiae
329 2311 503 2350 infrascriptae
510 2335 520 2350 ,
533 2311 681 2350 specialiter
695 2311 886 2350 adjungentes,

179 2349 336 2390 Dantesque
349 2351 382 2381 &
397 2350 582 2381 concedentes
598 2350 717 2389 eisdem,
735 2349 910 2389 comitibus,
928 2351 1045 2389 Ottoni,
1058 2350 1193 2389 Hugoni,

142 2387 306 2426 Amaneno,
322 2389 356 2419 &
365 2388 501 2427 Johanni,
518 2388 642 2427 plenam,
660 2389 815 2426 generalem
828 2390 860 2419 ὃ(
874 2389 986 2419 liberam
1001 2389 1192 2428 protestatem,

142 2437 175 2456 ac
188 2426 301 2465 speciale
309 2426 484 2464 mandatum,
501 2428 554 2457 una
567 2436 633 2457 cum
646 2427 777 2465 praefatis,
795 2427 951 2465 Episcopo,
969 2428 1074 2464 Fratre,
1093 2427 1193 2457 Archi-

143 2464 280 2503 diacono,
299 2464 450 2502 Militibus,
467 2466 500 2496 ὃ(
512 2464 643 2502 Clericis,
661 2465 916 2503 complementum,
934 2465 1191 2503 perfeffionem‚ac

142 2503 255 2533 totalem
268 2502 534 2533 consummationem
547 2503 778 2540 pronunciationis
788 2504 821 2534 ὅ(
833 2502 1032 2533 reformationis
1047 2504 1119 2541 pacis
1124 2513 1194 2541 prae-

143 2540 297 2579 dietamm,
315 2541 441 2579 petendi,
457 2541 601 2579 audiendi,
617 2540 784 2579 recipiendi,
801 2541 975 2582 acceptandi,
992 2541 1193 2579 omologandi‚

142 2580 290 2610 roborandi
302 2580 335 2610 &
349 2579 465 2610 vallandi
479 2590 527 2618 per
537 2580 738 2617 juramentum,
754 2580 783 2609 in
795 2579 1049 2610 arnniani‚nostram
1067 2578 1195 2617 praestan-

143 2617 212 2649 dum
225 2641 236 2658 ,
266 2619 298 2649 &
317 2619 399 2650 etiam
417 2618 473 2649 aliis
490 2618 581 2649 modis
600 2618 633 2649 &
652 2617 747 2648 formis
760 2640 769 2657 ,
788 2618 885 2657 quibus
903 2617 940 2651 eis
957 2618 1094 2650 videbitur
1111 2626 1194 2657 expe-

140 2656 207 2687 dire.

181 2696 308 2727 Necnon
325 2695 472 2734 trafiandi,
489 2695 658 2734 paciscendi,
676 2695 880 2734 concordandi,
898 2696 931 2727 ὅ(
947 2697 1030 2727 etiam
1046 2695 1194 2733 transigen-

145 2733 196 2773 di,
219 2735 252 2764 &
275 2735 370 2765 omnia
385 2735 434 2765 alia
452 2736 485 2766 ὅ(
502 2735 606 2772 singula
627 2734 812 2772 admittendi,
835 2734 1020 2774 acceptandi,
1042 2735 1061 2754 ³*
1085 2735 1118 2765 &
1132 2757 1142 2772 ,
1164 2743 1194 2765 ut

144 2772 315 2812 praemiffum
333 2773 374 2803 est
388 2795 397 2811 ,
421 2773 568 2803 roborandi
585 2783 618 2803 ac
635 2772 782 2817 firmandi,
796 2783 857 2812 quae
869 2796 878 2810 ,
901 2773 978 2817 super
1002 2773 1195 2804 reformatione

92 2841 96 2844 ,
146 2813 220 2850 pacis
232 2811 389 2849 praedictae,
405 2812 438 2842 &
454 2812 531 2849 super
547 2812 676 2842 omnibus
694 2821 815 2849 guerris,
831 2811 987 2850 discordiis,
1003 2812 1108 2849 litibus,
1125 2821 1195 2841 con-

146 2851 295 2888 troverfiis,
312 2850 411 2887 causis,
429 2849 622 2888 quaestionibus
645 2850 770 2888 dampnis
788 2850 821 2880 &
838 2851 953 2888 injuriis,
971 2851 1145 2887 petitionibus
1162 2850 1194 2879 &

147 2888 317 2925 affionibus,
334 2888 463 2927 realibus,
480 2889 514 2919 &
532 2888 726 2926 personalibus,
744 2888 798 2918 sive
818 2889 922 2926 mixtis,
940 2899 1002 2926 quse
1017 2888 1144 2926 fuerunt,
1161 2888 1194 2918 &

146 2926 223 2965 sunt,
239 2926 284 2957 vel
298 2924 352 2956 effe
370 2925 494 2964 possent,
511 2928 580 2957 inter
592 2926 751 2970 Dominum
762 2925 876 2963 Regem
891 2927 1012 2970 Fran-cite
1026 2928 1058 2957 ὃ(
1072 2936 1195 2964 nos,oc-

147 2964 255 2995 cafiorie
269 2974 459 3003 quacumque,
475 2966 508 2995 ὃς
521 2964 656 3002 praemiffa
669 2964 870 3003 quoquomodo
887 2965 1128 3002 contingentibuS,

186 3002 292 3033 Vestrae
312 3002 464 3033 sanctitatis
483 3002 695 3043 circumspectio
713 3003 818 3034 duxerit
836 3002 997 3033 diffinienda
1008 3026 1018 3041 ,
1043 3003 1197 3033 arbitraliter

145 3040 348 3078 sententianda,
371 3040 552 3079 praecipienda
565 3064 575 3080 ‚
597 3041 763 3080 ordinanda,
779 3041 960 3080 disponenda,
979 3041 1195 3079 Pronunciarida:

148 3079 274 3147 addgnda
287 3101 297 3118 ,
319 3079 467 3110 minuenda
480 3102 491 3119 ,
514 3080 677 3117 corrigenda
691 3103 701 3119 ,
723 3079 917 3119 interpretanda
930 3102 941 3118 ,
958 3080 991 3111 δε
1008 3081 1091 3110 etiam
1107 3079 1199 3110 decla-

149 3128 196 3148 ran
217 3128 246 3147 a·

189 3141 251 3187 Alii
272 3158 354 3186 etiam
371 3157 465 3186 omnia
478 3156 511 3186 ὅ(
526 3155 630 3193 singula
650 3155 785 3195 faciendi,
803 3166 865 3195 quae
880 3156 913 3187 ad
928 3156 1037 3195 plenam
1051 3166 1148 3194 pacem
1166 3156 1199 3186 δε

148 3194 348 3232 concordiam,
366 3204 398 3225 ac
411 3195 485 3232 pacis
495 3194 528 3224 &
543 3193 717 3233 concordiae,
734 3197 916 3233 omniumque
931 3195 1125 3233 praedizstorum
1139 3204 1200 3232 per-

151 3232 306 3264 fefflonem
326 3233 359 3264 &
381 3232 663 3270 consummationem,
680 3233 881 3272 quoquomodo
896 3235 1045 3274 pertinent,
1062 3233 1106 3263 seu
1122 3241 1200 3270 pote-

153 3273 384 3340 ἔξέἔεὲἓῖἒὲῖἓὶῗ
401 3270 754 3339 {affinffififfiiffiz
768 3271 1082 3340 {filfiffcrfiiffflemm'
1099 3271 1119 3301 ᾗ
1132 3281 1201 3309 ‘³¹²²‘

191 3347 326 3378 Volumus
341 3332 432 3378 aufem
448 3348 480 3378 &
503 3346 689 3385 concedimus
707 3319 782 3384 quogd
795 3348 816 3378 si
829 3321 887 3378 rign
901 3334 1000 3378 ornnes
1013 3346 1119 3378 nostros
1134 3346 1203 3377 Pro-

153 3393 291 3416 curatores
313 3386 346 3415 &
368 3387 483 3416 nuncios
504 3384 670 3422 supradictos
693 3385 827 3422 praesentis
849 3388 957 3424 negotii
972 3385 1202 3424 prosecutioni&

152 3421 670 3491 ‘i'i‘ff‘iff‘ssnissssssiffigiboiffiffgffes’c
685 3422 790 3491 ἓξὲξ
803 3446 833 3492 ’e
845 3425 984 3493 Ὓέωὸ
1004 3423 1146 3492 ὃὲἳῖῗάἑκ
1155 3423 1203 3491 vii

156 3472 249 3530 saltgirn
263 3472 332 3530 finus
346 3508 379 3529 ex
395 3499 471 3537 ipsis,
487 3500 541 3541 una
555 3483 622 3529 cuni
644 3499 714 3536 aliis,
742 3500 791 3543 ¹qui
804 3473 1001 3538 imrgssdiltioggr’i
1014 3473 1114 3530 ai‘iileridt
1122 3484 1139 3542 ,⁹
1147 3499 1204 3536 ple-

155 3547 223 3608 iiam
232 3561 242 3576 ,
252 3537 415 3607 ffleralem
430 3537 463 3568 ὃ(
477 3536 593 3568 liberam
608 3536 725 3568 habeant
739 3546 768 3568 in
782 3538 1097 3575 praemiffisomnibus&
1112 3541 1204 3574 lingu-

177 3587 188 3607 s
241 3585 251 3607 t
306 3585 373 3606 tem.

209 3624 236 3646 ta
250 3615 380 3645 videlicet
395 3612 487 3652 quod,
504 3612 524 3644 fi
541 3612 666 3651 praediefi
707 3613 844 3645 Amadeus
865 3614 1007 3646 Sabaudiae
1021 3616 1055 3646 &
1069 3613 1206 3645 Henricus

159 3652 290 3684 Lincoln.
307 3652 452 3690 Comites,
467 3652 502 3683 &
516 3651 596 3689 Oto,
611 3660 657 3681 aut
671 3635 746 3695 duo,
763 3651 808 3682 vel
821 3663 889 3683 unus
903 3663 936 3684 ex
951 3654 1030 3692 ipsis,
1047 3652 1188 3696 praesentes
1195 3674 1205 3690 ,

156 3692 202 3722 vel
218 3691 330 3730 praesens
345 3701 403 3721 non
425 3690 542 3728 fuerint,
558 3689 603 3720 vel
624 3688 722 3728 fuerit,
737 3700 768 3720 in
789 3690 978 3728 prosecutione
993 3699 1100 3728 negotu
1115 3690 1204 3728 praeli-

154 3729 228 3769 bati,
245 3731 348 3761 caeteris
360 3729 490 3759 omnibus
504 3728 559 3759 aliis
572 3727 611 3771 ad
620 3727 838 3765 prosequendum
850 3728 917 3759 illud
931 3732 1093 3767 negotium,
1109 3729 1154 3759 seu
1171 3728 1206 3759 ad

154 3769 304 3805 petendum
312 3791 322 3807 ,
339 3766 504 3798 audiendum
511 3789 521 3804 ,
528 3765 718 3803 recipiendum
726 3788 736 3804 ,
743 3767 942 3804 acceptandum
949 3790 959 3806 ,
966 3767 1187 3804 omologandum
1196 3789 1205 3805 ,

155 3807 341 3837 roborandum
355 3829 366 3846 ,
390 3814 434 3836 aut
450 3804 604 3835 vallandum
626 3804 864 3841 complementum
878 3827 889 3842 ,
912 3805 1113 3843 perfectionem
1127 3828 1137 3843 ,
1160 3804 1205 3835 seu

156 3843 371 3883 diffinitionem,
388 3844 433 3875 vel
448 3842 714 3885 consummationem
729 3843 998 3879 pronunciationis&
1006 3843 1205 3874 reformationis

157 3883 232 3919 pacis
246 3883 455 3920 praediCtarum,
471 3890 566 3912 tenore
579 3880 768 3918 praesennum,
783 3879 928 3912 adimimus
942 3881 1112 3919 potestatem.

197 3918 386 3952 Promittentes
401 3920 595 3951 nichilominus
609 3928 659 3948 nos
674 3926 762 3948 ratum
776 3918 810 3948 &
823 3917 923 3948 firmun
936 3920 976 3949 im
1025 3928 1137 3958 petuum
1155 3919 1202 3949 ha-

156 3957 276 3995 bituros,
293 3959 423 3998 quicquid
467 3969 514 3997 per
529 3957 690 3996 praedidffis,
708 3956 865 3986 Amademn
878 3956 949 4000 Saba
989 3959 993 3963 '
1027 3980 1038 3996 ,
1053 3958 1087 3989 &
1101 3957 1205 3988 Henri-

159 4004 226 4025 cum
243 3995 396 4027 Lincolniae
410 3981 553 4035 domites,
568 3996 601 4026 &
616 3995 754 4024 Ottonem
762 3993 797 4024 de
804 3993 998 4034 Grandisono,
1013 4004 1059 4027 aut
1065 3995 1202 4034 duos‚ve1

159 4042 246 4100 unafflm
262 4042 301 4101 ei}
309 4035 457 4104 ίῖξιεᾶιιέηὲ
471 4045 538 4068 cum
553 4034 609 4066 aliis
621 4033 698 4073 supra
709 4033 874 4073 nouimus,
889 4033 938 4071 qui
951 4034 1117 4075 interemat,
1132 4035 1204 4074 peti-

213 4081 263 4101 am.
301 4095 307 4102 .
352 4095 358 4103 .
418 4097 425 4104 .

1297 192 1881 241 PUBLICA.
2255 219 2276 259 3

1223 275 1515 343 ffissssaeffifffigmmm'
1537 272 1748 313 omologatum,
1772 274 1916 315 vallatum,
1942 284 1986 308 aut
2002 278 2062 310 alias
2076 278 2182 311 factum
2197 279 2279 313 fuerit
2294 272 2424 341 AlnsgoD·

1262 344 1349 389 Super
1363 332 1460 384 quibus
1475 348 1638 392 etiameer
1660 349 1761 381 nostras
1782 350 1879 382 litteras
1901 354 2082 391 approbandis
2098 378 2108 394 ,
2132 356 2256 387 tenendis
2296 321 2363 378 fidia.
2383 359 2407 377 ¹·

1222 380 1375 421 servandis,
1388 385 1617 429 &complendis,
1633 397 1698 431 nos,
1716 390 1748 419 &
1764 389 1882 420 haeredes
1897 391 2020 431 nostros,
2041 403 2074 424 ac
2089 395 2172 424 etiam
2179 380 2274 425 omnia²

1223 420 1296 450 bona
1311 421 1417 459 nostra,
1434 423 1579 460 specialiter
1593 425 1758 462 obligamus

1257 457 1294 488 Et
1311 459 1372 489 haec
1386 460 1483 491 vestrae
1498 461 1607 492 Sanciae
1614 465 1762 506 paternitati
1770 465 1967 506 significamus,
1985 469 2153 500 &omnibus
2161 480 2278 509 quorum

1220 495 1348 541 interest,
1364 498 1408 541 vel
1425 499 1548 543 intereffe
1561 509 1663 544 poterit
1677 503 1706 530 in
1720 501 1841 533 futurum
1851 527 1860 542 ,
1878 516 1926 542 pet
1948 506 2050 538 nostras
2065 516 2185 546 patentes
2203 509 2274 540 litte-

1221 543 1277 572 raS,
1295 534 1373 572 sigilli
1389 536 1473 566 nostri
1489 546 1645 568 mummine
1661 539 1838 576 consignatas.

1259 609 1325 641 Dat.
1341 612 1412 649 apud
1428 612 1452 643 la
1467 612 1540 644 Rose
1560 615 1606 644 26.
1624 614 1669 644 die
1686 614 1852 652 Septembris
1869 628 1942 649 anno
1957 619 2074 651 Domini
2087 632 2169 662 1300.

1290 740 1339 771 De
1347 737 1496 782 fidelitate
1512 741 1644 787 Epifiopi
1662 742 1839 787 Glaftuenfis
1849 747 1961 791 jurata
1970 746 2059 793 fitper
2074 749 2104 780 la
2122 752 2205 796 Cras}

1544 800 1616 822 netz,
1627 817 1636 832 ‚
1661 793 1697 828 (ῤ’
1724 791 1754 823 la
1771 792 1855 825 Blae}
1872 794 1964 828 Rude.

1225 874 1364 943 ATous
1377 886 1477 915 ceaux,
1495 878 1541 915 qui
1563 877 1647 921 cestes
1669 878 1757 910 lettres
1777 890 1886 912 verront
1901 905 1910 920 ,
1934 893 1971 913 ou
1993 891 2124 921 orrount,
2142 883 2276 929 Roberd,
2296 893 2369 924 Arm·
2386 893 2425 924 D,

1299 923 1348 981 ¹par
1368 914 1391 944 la
1411 925 1493 953 grace
1505 916 1540 945 de
1555 915 1648 955 Dieu,
1664 916 1770 948 Eveske
1784 919 1818 948 de
1833 919 1955 959 Glasgu,
1972 921 2037 952 salus
2053 932 2088 952 en
2105 922 2197 953 nostre
2218 924 2276 953 Sei·
2320 942 2402 971 1300·

1224 962 1360 1021 gn§siches
1375 1000 1410 1028 qe
1422 1001 1505 1029 nous,
1522 1002 1557 1032 ne
1570 992 1626 1022 mie
1641 1001 1686 1029 par
1699 992 1910 1032 destresce‚mes
1923 1007 1968 1033 par
1983 1004 2060 1027 notre
2072 997 2147 1029 bone
2160 1009 2176 1028 e
2187 1009 2281 1035 agrea-
2298 974 2350 1034 {inl
2359 971 2409 1034 ,28-

1225 1029 1270 1060 ble
1281 1028 1407 1066 volente,
1424 1029 1616 1072 reconessoyns
1629 1030 1704 1060 Mon
1718 1031 1852 1068 Seigneur
1867 1033 2064 1073 Edward,Roi
2077 1035 2280 1076 d’Engleterre,
2300 1050 2338 1071 Ex
2352 1049 2410 1072 Au-

1225 1066 1317 1098 nostre
1328 1076 1420 1107 verr-ay
1434 1066 1569 1102 Seigneur
1581 1068 1614 1097 &
1629 1067 1711 1108 Roy,
1728 1070 1761 1100 &
1776 1080 1844 1100 nous
1857 1071 1925 1101 estre
1940 1072 1987 1101 son
2009 1074 2124 1104 homme
2137 1075 2168 1105 fo
2186 1076 2208 1105 al
2243 1077 2276 1107 &
2295 1090 2358 1118 togr.
2372 1088 2419 1110 Pon

1226 1117 1242 1136 a
1256 1106 1301 1146 ly,
1318 1114 1401 1135 come
1420 1114 1456 1134 en
1477 1104 1542 1145 Roy
1556 1105 1589 1135 ὃς
1611 1105 1745 1142 Seigneur
1762 1129 1771 1145 ,
1795 1108 1819 1138 la
1839 1107 1965 1149 foyaute,
1982 1110 2016 1140 ke
2036 1121 2103 1142 nous
2118 1112 2144 1152 ly
2172 1099 2275 1154 eysmes
2300 1124 2392 1149 Camer
2422 1105 2431 1118 ’Ὗ

1226 1151 1306 1175 avant
1319 1153 1364 1173 ces
1377 1152 1471 1180 oures,
1488 1143 1650 1173 renovelons
1663 1154 1698 1174 en
1711 1144 1783 1175 ceste
1798 1146 1905 1186 forme,
2394 1142 2403 1157 ³

1260 1220 1293 1259 Je
1314 1218 1446 1256 Roberd,
1463 1228 1509 1256 par
1529 1218 1650 1263 lagrace
1662 1219 1697 1250 de
1711 1220 1802 1261 Dieu,
1820 1222 1926 1254 Eveske
1938 1223 1972 1254 de
1987 1222 2110 1262 Glasgu,
2127 1224 2203 1254 serrai
2216 1225 2278 1266 foy-

1226 1258 1250 1288 al
1265 1268 1282 1288 e
1301 1258 1340 1288 lea
1358 1268 1370 1287 s
1390 1268 1405 1287 a
1426 1257 1501 1287 Mon
1520 1257 1654 1302 Seigneur
1668 1258 1801 1299 Edward,
1818 1261 1884 1302 Roy
1896 1261 2099 1300 d'Engleterre,
2116 1272 2132 1292 e
2145 1262 2199 1292 ase
2213 1264 2278 1304 heyr

1228 1297 1305 1337 Roys
1317 1296 1336 1326 d
1370 1294 1520 1334 ngleterre,
1537 1296 1571 1326 de
1585 1307 1631 1326 Vie
1642 1298 1675 1327 &
1689 1296 1724 1328 de
1744 1298 1904 1338 Membres,
1921 1301 1954 1331 &
1973 1300 2007 1330 de
2025 1300 2143 1330 Terrien
2156 1301 2280 1340 honour,

1227 1343 1323 1366 contre
1335 1342 1403 1364 totcs
1417 1343 1484 1369 gens
1497 1345 1530 1372 qe
1545 1342 1629 1372 poerit
1642 1345 1745 1372 vyvere
1757 1337 1790 1367 ὅ(
1804 1340 1921 1368 mourir:

1265 1372 1338 1417 Etle
1354 1371 1432 1409 profit
1446 1372 1479 1402 &
1492 1373 1600 1402 l'onour
1611 1372 1646 1403 de
1658 1373 1719 1414 luy,
1735 1375 1768 1405 ὃ(
1781 1375 1815 1405 (16
1829 1376 1866 1406 ses
1878 1377 1972 1417 heyrs,
1989 1377 2022 1407 &
2033 1375 2068 1406 de
2080 1375 2129 1406 son
2136 1375 2279 1417 Reaume,

1227 1411 1309 1449 ferai,
1326 1411 1359 1441 &
1373 1410 1509 1441 leaument
1524 1420 1655 1450 procuray
1668 1421 1702 1442 en
1715 1421 1783 1443 totes
1795 1414 1900 1445 choses:

1265 1448 1301 1480 Et
1321 1448 1358 1478 les
1379 1459 1490 1489 enemys
1509 1449 1544 1478 de
1557 1449 1602 1489 luy
1620 1449 1653 1480 &
1666 1449 1700 1491 <je
1714 1451 1786 1490 sens,
1804 1454 1851 1490 qui
1872 1452 1937 1490 qu’il
1951 1449 2061 1493 soyer'it,
2077 1452 2228 1494 dispriseray
2245 1455 2278 1485 &

1229 1497 1394 1556 greversaffi
1414 1495 1455 1518 tut
1473 1497 1541 1517 mon
1563 1497 1645 1525 poer,
1663 1490 1681 1517 11
1702 1499 1782 1520 avant
1803 1501 1869 1521 cum
1888 1501 1957 1521 mon
1977 1490 2043 1521 estat
2056 1490 2081 1521 le
2094 1491 2246 1523 dernaunde
2263 1503 2279 1522 e

1267 1537 1307 1556 rra
1329 1535 1348 1555 o
1395 1536 1421 1555 r·

1228 1536 1296 1594 poSi
1308 1549 1527 1602 m’eidebieus,
1544 1564 1577 1594 &
1592 1563 1619 1604 ly
1632 1563 1735 1596 Seintes
1750 1565 1905 1604 Evangiles.

1266 1640 1301 1671 Et
1324 1639 1381 1671 cest
1403 1639 1519 1670 serment
1537 1650 1622 1670 avons
1642 1651 1710 1671 nous
1731 1641 1770 1673 fet
1791 1643 1832 1673 sur
1851 1644 1876 1674 le
1895 1654 1956 1674 cors
1969 1643 2061 1674 nostre
2073 1644 2225 1684 Seigneur,
2241 1646 2274 1676 &

1229 1682 1302 1748 ἒῶῖ
1315 1681 1605 1756 ξτξίὲἔξ,ΝΕΥΤ,
1624 1679 1656 1710 &
1678 1682 1747 1709 LA
1763 1684 1937 1713 BLAKE
1955 1684 2086 1712 RODE
2105 1682 2139 1729 df
2154 1683 2277 1722 Escoce,

1268 1797 1313 1824 De
1330 1794 1353 1824 Ie
1369 1793 1515 1824 honurable
1530 1796 1596 1824 Pere
1608 1806 1641 1825 en
1662 1799 1731 1825 Dieu
1750 1796 1848 1835 Johan
1868 1797 1977 1827 Eveske
1991 1798 2022 1827 de
2034 1800 2172 1840 Kardoyl:

1266 1837 1309 1863 Le
1327 1833 1409 1863 Abbe
1426 1834 1456 1862 de
1475 1833 1665 1863 Holicolthan:
1684 1832 1722 1868 ὠ
2212 1846 2214 1850 ·

1237 1891 1240 1893 >
1268 1876 1312 1902 De
1330 1871 1430 1901 Nobles
1441 1871 1571 1910 hommes,
1589 1872 1723 1912 Moufieur
1736 1873 1834 1911 Johan
1853 1875 1884 1903 de
1900 1877 2062 1912 Bretaigne,

1266 1911 1285 1930 ⁴*
1305 1910 1441 1950 Monfieur
1457 1910 1554 1948 Johan
1572 1912 1603 1940 de
1622 1913 1698 1949 Bar,

1266 1949 1401 1989 Munfieur
1413 1952 1492 1984 Hugo
1508 1950 1539 1978 de
1554 1952 1629 1986 Yeer,

1267 1987 1404 2028 lilonfieur
1422 1987 1521 2016 Robert
1540 1988 1570 2016 de
1590 1986 1717 2025 Clffird,

1266 2026 1402 2066 Monfieur
1422 2028 1526 2055 Gauter
1540 2027 1570 2055 de
1587 2025 1789 2064 Beauchaump,

1268 2063 1405 2104 AIonfieur
1418 2064 1557 2094 Wilsiaum
1570 2065 1601 2093 de
1619 2064 1795 2104 Graunsoun,

1236 2124 1239 2126 ,
1268 2103 1405 2144 Monfieur
1424 2102 1523 2140 Johan
1531 2123 1533 2125 v
1540 2106 1699 2132 Botecourte'
1706 2125 1715 2139 ,

1269 2141 1405 2183 Monfieur
1415 2144 1433 2169 S
1428 2151 1526 2179 ymoun
1545 2142 1575 2171 de
1594 2144 1762 2178 Mountagu,

1271 2180 1407 2220 Monsieur
1422 2180 1519 2218 Johan
1534 2181 1565 2210 de
1581 2183 1697 2219 Bayres’,
1715 2177 1753 2213 &⁴

1237 2228 1239 2230 '
1267 2222 1313 2248 De
1329 2221 1388 2247 Mei
1427 2230 1440 2247 e
1453 2221 1529 2247 Piere
1548 2219 1578 2247 de
1597 2216 1729 2286 Morigag.

1308 2255 1361 2287 Me
1385 2266 1449 2293 ages
1459 2256 1515 2286 dou
1527 2256 1594 2296 Roy-
1609 2256 1644 2286 de
1684 2265 1773 2286 rance.
1918 2274 1919 2278 =

1271 2298 1315 2325 Et
1334 2306 1366 2324 en
1390 2294 1418 2323 la
1433 2294 1568 2334 presence,
1586 2295 1617 2324 de
1635 2299 1714 2324 Frere
1735 2297 1840 2323 Gauter
1867 2293 1897 2323 de
1920 2296 1962 2323 W
1970 2293 2112 2324 nterbourn
2125 2293 2286 2334 Confefflurs

1309 2340 1385 2363 notre
1398 2337 1521 2371 Seigneur
1535 2333 1558 2363 le
1573 2331 1814 2371 Roid'Engleterre
1825 2339 1919 2361 avant
1948 2336 1989 2371 it,
2006 2335 2048 2362 Et
2062 2336 2143 2362 Frere
2157 2336 2282 2370 Ingeram

1311 2371 1461 2412 Confeffiur
1476 2373 1608 2402 Madame
1622 2371 1647 2401 le
1664 2374 1752 2412 Reyne
1769 2370 1972 2409 d'Engleterre,

2308 1913 2355 1940 *11
2371 1911 2433 1940 868.

1270 2447 1307 2479 Et
1321 2448 1439 2487 plusours
1452 2457 1544 2480 autres,

1273 2486 1318 2526 En
1338 2489 1534 2524 temignaunce
1554 2487 1589 2518 de
1609 2497 1680 2526 queu
1699 2485 1781 2517 chose
1793 2496 1862 2516 nous
1875 2494 1959 2516 avons
1971 2486 2023 2515 mis
2035 2484 2127 2515 nostre
2139 2484 2189 2516 seal
2205 2496 2222 2517 a
2234 2495 2287 2535 cez

1235 2524 1557 2594 pregtrjlisieIe‘setetrriels’Abbie
1570 2563 1606 2595 de
1625 2563 1855 2601 Holmcoltham,
1871 2562 1896 2592 le
1909 2562 2003 2592 setime
2016 2561 2083 2600 Jour
2097 2560 2134 2591 du
2148 2560 2235 2602 Moys
2250 2561 2286 2592 de

1236 2601 1366 2631 O&obre
1388 2601 1440 2631 l'an
1454 2602 1489 2632 de
1507 2602 1700 2632 l'incarmcion
1715 2601 1806 2631 nostre
1827 2601 1960 2636 Seigneur
1975 2599 2228 2630 Mil&Tresceris:
2249 2599 2284 2630 Et

1236 2640 1273 2671 du
1287 2640 1388 2677 Regne
1402 2640 1494 2670 nostre
1507 2640 1641 2678 Seigneur
1652 2639 1837 2678 d'Engleterre
1857 2638 1992 2676 avantdit,
2009 2640 2069 2668 vint
2080 2638 2113 2669 &
2125 2637 2269 2668 ouffifine.

1282 2787 1417 2822 Secunda
1437 2792 1606 2834 prorogatio
1633 2790 1822 2834 Trengarum
1849 2789 1924 2817 infer
1949 2787 2038 2831 Reges
2062 2785 2176 2831 Angliae
2196 2790 2233 2825 &-

1541 2839 1672 2870 Franciae
1683 2836 1772 2881 fasta
1785 2846 1839 2881 per
1853 2837 1980 2878 Papam.

1239 2921 1438 2984 BOnifacius
1452 2921 1620 2960 Episcopus,
1637 2921 1725 2952 servus
1737 2919 1876 2951 servorum
1896 2917 1970 2956 Dei,
1987 2917 2021 2948 ad
2042 2917 2159 2949 futuram
2175 2920 2214 2949 rei
2232 2928 2293 2950 me-
2314 2927 2388 2959 Am,
2403 2928 2443 2958 1),

1309 2970 1434 2992 moriam.
2247 2973 2250 2976 Α

1277 3000 1394 3031 Dudum
1409 3000 1476 3028 inter
1491 2996 1668 3035 Carissimoe,
1685 2997 1745 3028 ἃς.
1763 2995 1906 3026 Arbitrum
1922 2994 2293 3033 Arbitratorem,Sententia-
2314 2976 2421 3032 Λῖἦξὲζ

1240 3048 1346 3077 torem,
1363 3038 1395 3068 ὃ(
1414 3036 1588 3066 amicabilem
1609 3035 1839 3072 compositorem,
1856 3041 2072 3071 praeceptorem,
2088 3033 2274 3064 ordinatorem
2316 3047 2378 3070 1211-
2406 3047 2445 3070 gx

1241 3079 1301 3109 &c.
1318 3084 1394 3107 antea
1408 3076 1477 3104 inter
1491 3073 1560 3111 ipsos
1573 3073 1667 3109 Reges
1679 3082 1786 3110 tempus
1796 3072 1829 3102 &
1842 3072 1972 3101 terminus
1987 3070 2156 3110 perduraret,
2173 3073 2206 3103 &
2215 3056 2292 3110 quod
2314 3084 2424 3117 ΛΜΨ,

1241 3126 1292 3147 nos
1305 3116 1433 3151 interim,
1449 3113 1509 3143 &c.
1527 3111 1575 3141 sub
1591 3111 1762 3141 ordinatione
1785 3110 1872 3140 futura
1892 3110 2093 3139 remanentibus
2115 3110 2246 3141 haetenus
2263 3112 2292 3140 in

1241 3153 1364 3193 suspenso
1376 3175 1386 3190 ,
1417 3160 1497 3190 prout
1523 3151 1552 3180 in
1578 3150 1798 3187 pronuntiatione
1823 3147 1962 3186 praedictae
1984 3147 2162 3179 ordinationis
2189 3148 2293 3186 plenius

1311 3200 1406 3221 inetur.

1242 3201 1464 3260 cuogostmodum
1476 3234 1565 3257 autem
1575 3225 1740 3256 attendentes
1755 3224 1844 3263 quod,
1861 3223 1978 3254 faciente
1991 3226 2064 3262 pacis
2078 3224 2183 3256 Aecore
2191 3225 2290 3266 ,aquo

1243 3270 1346 3300 cuneta
1360 3265 1528 3306 procedunt,
1544 3275 1591 3302 ea,
1609 3274 1671 3302 quae
1680 3263 1832 3294 ordinanda
1844 3261 2292 3301 duximus,prosperasuccessione

1244 3308 1385 3344 virebant,
1401 3306 1433 3336 &
1446 3302 1619 3333 desiderantes
1632 3301 1799 3339 admodum,
1817 3309 1845 3331 ut
1858 3302 1886 3330 in
1897 3300 1975 3331 dieto
1995 3302 2135 3338 negotio,
2145 3310 2177 3330 ex
2194 3299 2291 3329 nostris

1246 3345 1363 3382 Studiis,
1379 3342 1471 3374 divina
1484 3340 1674 3377 suffragatione
1693 3339 1818 3377 fulcitus,
1835 3338 1899 3369 felix
1912 3339 1944 3370 &
1964 3338 2122 3369 defideratus
2137 3339 2291 3379 proveniret

1244 3383 1360 3415 effeetus
1377 3405 1387 3421 ,
1410 3391 1442 3411 ac
1458 3387 1596 3417 propterea
1617 3388 1768 3416 praecavere
1783 3376 1921 3415 volentes,
1944 3387 1979 3406 ne
1992 3385 2047 3406 tem
2070 3387 2098 3406 us
2115 3375 2292 3418 ipliustpeffl-

1245 3422 1336 3452 ciendi
1356 3420 1463 3457 negotii
1480 3418 1627 3455 laberetur,
1644 3416 1765 3454 praefatas
1781 3416 1925 3456 Treugas,
1948 3423 2028 3452 prout
2053 3422 2147 3444 uerunt
2167 3415 2242 3443 initae
2259 3414 2293 3444 &

1246 3460 1376 3498 indidtae,
1391 3468 1424 3489 ac
1441 3459 1507 3487 'inter
1527 3465 1624 3485 omues
1647 3454 1808 3492 easdemque
1828 3456 1950 3491 personas
1962 3475 1971 3490 ,
1995 3454 2063 3482 inter
2076 3461 2140 3489 quas
2153 3451 2185 3481 &
2200 3451 2291 3489 quoad

1247 3509 1311 3537 quas
1325 3499 1463 3529 exnterant
1481 3493 1595 3523 indietae
1614 3493 1659 3523 vel
1674 3493 1765 3529 initoe,
1782 3502 1814 3522 ac
1827 3491 1957 3528 praedicta
1970 3487 2193 3527 Compromissa,
2209 3489 2243 3519 &
2260 3491 2292 3533 in

1246 3537 1387 3575 posterum
1409 3532 1551 3564 ferendum
1571 3532 1730 3569 arbitrium,
1746 3531 1791 3560 seu
1808 3530 2001 3566 arbitragium,
2018 3537 2161 3565 totumque
2181 3536 2292 3564 negoti-

1247 3585 1312 3613 um,
1330 3582 1408 3612 prout
1426 3580 1459 3602 ex
1479 3568 1568 3600 futuri
1586 3568 1677 3599 nostr-51
1694 3569 1866 3599 ordinatione
1879 3590 1889 3606 ,
1911 3577 1944 3597 ac
1964 3566 2102 3596 decisione
2121 3564 2292 3604 pendebant,

1247 3613 1373 3644 duximus
1384 3611 1465 3647 usque
1485 3607 1518 3637 ad
1538 3607 1647 3637 Festum
1662 3606 1825 3644 Epiphaniae
1843 3605 1934 3635 futuro
1955 3606 2080 3642 proxime
2102 3603 2293 3646 proroganda,

1246 3660 1326 3690 prout
1339 3653 1367 3682 in
1380 3648 1474 3679 nostris
1488 3644 1593 3675 bullatis
1605 3645 1668 3675 inde
1680 3644 1816 3675 confectis
1832 3642 1923 3673 litteris
1938 3644 2042 3680 plenius
2054 3649 2216 3672 continetur.

1284 3689 1373 3720 Nunc
1389 3686 1507 3723 insuper,
1523 3684 1586 3721 quia
1598 3683 1733 3713 desideriis
1746 3681 1842 3712 nostris
1862 3680 1939 3712 valde
1959 3681 2085 3710 votivum
2104 3681 2290 3723 occurritQut

1246 3728 1324 3765 super
1337 3723 1488 3765 hujusmodi
1502 3723 1618 3758 negotio
1630 3720 1788 3751 desideratus
1799 3719 1859 3749 sinis
1871 3718 2012 3756 adveniat,
2028 3728 2060 3748 ac
2074 3717 2292 3761 nolentesobid,

1246 3776 1276 3797 ut
1287 3765 1404 3803 ejusdem
1416 3769 1522 3798 tempus
1536 3758 1744 3796 percomplendi
1755 3759 1861 3794 negorii
1876 3758 1987 3794 patiatur
1999 3756 2157 3795 excursum,
2174 3756 2291 3794 praedic-

1245 3813 1284 3835 tas
1301 3804 1426 3839 Treugas
1438 3801 1504 3830 sicut
1518 3797 1626 3828 fuerunt
1639 3799 1714 3827 initae
1728 3797 1771 3827 vel
1784 3796 1912 3833 indiciae,
1929 3804 1961 3824 ac
1982 3795 2051 3824 inter
2064 3803 2163 3838 ornnes
2172 3794 2292 3838 easdem-

1245 3852 1299 3880 que
1314 3841 1436 3879 personas
1457 3839 1526 3867 inter
1560 3845 1618 3873 uas,
1640 3836 1673 3866 ὃ(
1686 3835 1775 3872 quoad
1790 3844 1853 3871 quas
1866 3842 1958 3864 earum
1970 3840 2096 3869 provemt
2106 3832 2242 3870 indietio,
2259 3841 2293 3863 ac

1245 3880 1354 3917 praefata
1373 3875 1529 3914 compromi
1574 3896 1584 3912 ,
1600 3875 1660 3904 &c.
1677 3873 1759 3911 usque
1777 3871 1849 3902 aliud
1867 3880 1900 3901 ex
1918 3880 1992 3900 nunc
2012 3869 2132 3900 secundo
2145 3879 2290 3901 venturum

1244 3918 1405 3956 Epiphaniae
1417 3914 1532 3950 festum,
1549 3921 1582 3942 ex
1601 3911 1755 3950 hujufinodi
1776 3908 1905 3948 potestate
1924 3908 2075 3952 arbitraria,
2091 3909 2152 3939 &c.
2169 3910 2199 3939 in
2210 3918 2293 3951 corn-

1245 3955 1380 3994 promiffis
1391 3953 1451 3992 ipsis
1463 3950 1589 3989 adjectss,
1604 3951 1637 3980 &
1651 3950 1708 3980 aliis
1718 3951 1792 3987 juxta
1805 3946 1928 3990 nostruin
1935 3947 2075 3990 arbitrium
2089 3947 2292 3989 infereridistiii-

1245 3992 1406 4025 violabiliter
1419 4014 1429 4032 ,
1451 3991 1512 4023 ἃς.
1534 3989 1677 4028 praeceptis
1690 4010 1701 4026 ,
1722 3986 1853 4025 laudatis,
1874 3984 2022 4024 diffinitis,
2057 3985 2091 4017 &
2113 3991 2294 4024 pronuntiatis

1239 4042 1304 4071 pex'
1320 4031 1380 4062 &c‘
1712 4061 1740 4094 Α
1756 4070 1774 4092 2
2228 4058 2300 4092 Dat.
