2570 4261
706 190 817 230 ET
900 191 1167 233 ACTA

0 285 66 318 amn,
76 281 116 312 D.
137 280 191 318 cis,
211 280 244 311 &
266 279 361 317 qunti
383 277 491 309 valoris
506 278 539 309 ὅτ,
559 276 784 315 commoditatis,
807 276 977 314 providerit,
1003 277 1049 307 vel
1068 276 1199 315 provide-

0 315 2 318 ’
17 331 100 361 1255,
138 329 168 349 re
187 319 254 348 velit
275 318 349 347 fratri
371 317 419 347 suo
433 341 442 353 ,
470 318 503 346 &
526 316 636 353 qualem
657 316 708 345 fibi
730 316 764 345 ὃς
786 314 942 345 haeredibus
961 315 1012 346 suis
1033 316 1125 345 facere
1145 325 1200 345 vo-

138 357 217 388 luerit
238 356 428 392 scm-itatem,
455 355 490 383 ita
513 354 590 392 quod
614 353 697 383 iidem
719 352 831 382 Nuncii
852 353 940 383 nostri
957 354 1083 391 praedieti
1104 354 1201 384 omnia

139 396 221 425 nobis
237 395 338 424 referre
351 393 474 429 valeant,
492 399 523 421 ut
535 391 614 429 super
633 392 683 421 hiis
698 391 846 421 consilium
866 392 971 429 plenius
993 393 1096 423 habere
1116 391 1202 430 poffi-

140 444 212 464 mus.

178 472 304 502 Caveant
321 470 370 498 {ibi
384 468 497 498 Nuucii
509 468 598 498 nostri
614 469 669 505 ne,
687 477 720 498 ex
736 468 788 498 suis
804 469 914 506 verbis,
932 469 1112 499 occasionem
1134 468 1203 498 dent

140 510 214 546 Regi
236 508 374 546 praetiic‘i‘o
395 508 497 545 aliquas
519 514 601 536 terras
621 506 704 537 dandi
725 508 757 537 &
777 506 933 536 affirmandi
955 508 1030 537 fratri
1049 508 1097 538 suo
1115 531 1124 545 ,
1153 517 1202 545 per

140 547 218 587 quod
230 546 263 576 ad
276 547 388 577 ditium
401 546 576 581 nimii-agium
591 546 676 584 magis
690 545 859 582 obligemur.

176 585 226 615 De
238 585 318 615 faeno
329 593 423 615 autem
438 583 587 614 Affricano
601 583 719 614 consulit
733 583 808 614 idem
816 583 926 615 Comes
939 584 1016 622 quod
1034 585 1114 615 disto
1123 583 1201 620 Regi

138 623 271 654 Castellae
285 623 468 661 respondeant
488 621 601 652 Nuncii
621 621 725 659 nostri,
745 623 822 659 quod
845 624 927 653 etiam
949 624 1027 660 super
1048 623 1126 653 {aeto
1148 622 1203 653 isto

138 662 378 694 observaverimus
390 685 400 699 ‚
431 661 464 691 ὃς
483 659 575 691 adhuc
595 660 805 697 observabimus
826 661 885 692 hoc
904 661 983 699 quod
1002 662 1052 692 sibi
1072 661 1204 699 promisi-

143 711 222 731 mus·

182 726 274 785 QLiod
291 738 407 777 quidem
420 737 479 767 fiitis
499 745 610 776 apparet
624 746 659 767 ex
671 748 707 768 eo
722 738 800 776 quod
820 737 991 777 Magistrum
1012 738 1204 769 wilhelmum

141 778 178 808 de
194 778 338 816 krennay,
358 776 506 807 Clericum
519 777 552 807 δε
568 775 722 806 Nuncium
734 776 864 807 nostrum
878 778 1041 815 specialem,
1061 778 1116 806 unii
1136 786 1204 806 cum

142 816 285 854 Episcopo
308 814 523 845 Marrochitano
542 813 576 843 ad
598 813 764 844 Dominum
784 815 888 853 Papam
902 817 1045 853 mifimus,
1064 824 1155 852 quem
1175 824 1205 844 e-

141 855 227 892 tiam,
246 855 275 884 in
289 853 431 891 piaesenria
445 854 526 890 ipsius
542 852 692 891 Episcopi,
705 853 798 891 jurare
811 854 928 885 fecimus
942 854 976 884 ad
987 852 1205 890 impetrandum,

142 902 213 923 cum
225 893 308 923 omni
323 891 485 933 quapoffet
500 891 654 930 diligentia,
673 899 704 921 ut
719 901 821 922 votum
835 894 927 923 crucis
941 891 1046 924 nostrae
1066 892 1095 920 in
1115 900 1207 927 nego-

142 932 215 962 tium
235 938 427 961 commutaret
447 929 643 968 Affiicanum3
663 929 741 968 quod
763 938 856 961 tamen
878 932 913 961 ab
926 942 962 962 eo
977 932 1127 968 impetrare
1146 938 1207 958 non

165 969 252 1007 otuit,
270 969 336 999 licet
349 969 409 999 satis
424 968 586 1008 diligenter,
603 977 689 1006 prout
701 970 784 1001 novit
798 969 953 1008 Episcopus
966 968 1155 1007 supi-adieras,
1172 966 1207 996 ad

143 980 203 1038 goe
218 1007 286 1038 effet
299 1007 466 1037 laboratum.

181 1045 221 1077 Et
241 1045 334 1076 dicant
357 1045 436 1084 quod
456 1047 541 1077 etiam
560 1045 652 1077 adhuc
672 1047 756 1083 parati
770 1046 863 1078 sumus
884 1056 948 1086 erga
964 1045 1134 1077 Dominum
1156 1043 1210 1074 Pa-

143 1093 210 1124 pam
232 1084 335 1114 instare
356 1093 472 1122 propter
492 1084 520 1114 id
538 1084 647 1122 ipsum,
665 1085 685 1115 si
710 1084 841 1123 expedire
862 1085 961 1116 viderit
979 1083 1046 1114 Rex
1064 1083 1193 1121 praefatus

143 1131 176 1153 ut
195 1120 230 1152 ad
250 1131 339 1160 partes
349 1122 516 1154 'Affricanas
532 1131 729 1153 commutetur
745 1131 848 1154 votum
869 1123 1016 1160 nostrum,
1040 1121 1124 1160 poffit
1146 1106 1211 1159 poff

145 1161 208 1192 illos
228 1160 273 1191 sex
295 1172 402 1200 annos,
421 1162 521 1200 quibus
539 1163 615 1192 circa
637 1162 743 1192 fastum
763 1162 875 1200 Apuliae
892 1161 1037 1192 intendere
1057 1168 1110 1190 nos
1123 1169 1212 1197 opor-

145 1208 204 1239 tet,
223 1200 293 1231 sicut
316 1200 393 1230 idem
415 1200 481 1231 Rex
501 1201 584 1230 nobis
597 1200 654 1230 hoc
668 1201 782 1238 annuit,
800 1201 838 1230 sui
860 1200 962 1240 gratia,
980 1207 1098 1238 propter
1117 1198 1214 1231 hono-

146 1248 208 1269 rem
223 1239 371 1278 nostrum,
390 1240 423 1270 &
438 1240 655 1277 promotionem
669 1238 717 1268 filii
729 1238 819 1268 nostri
833 1238 1032 1278 consanguinei
1047 1238 1097 1268 sui.

185 1277 294 1317 Qod,
309 1278 331 1308 ii
342 1278 416 1308 forte
431 1278 536 1307 obiciat
548 1276 649 1306 nostris
663 1276 789 1306 Nunciis
802 1277 881 1314 quod
891 1277 950 1314 jam
964 1285 1068 1306 votum
1082 1274 1215 1305 nostrum

147 1317 177 1346 in
195 1315 304 1346 fadfflm
325 1315 434 1354 Apuliae
454 1315 695 1345 commutavimus
716 1322 832 1352 propter
856 1313 1051 1345 commodum
1063 1313 1215 1352 nostrum,

147 1364 208 1384 non
221 1354 397 1422 ogservando
408 1364 458 1391 per
471 1353 528 1384 hoc
544 1352 623 1391 quod
636 1353 708 1383 inter
723 1352 814 1391 ipsum
828 1352 961 1393 Regem,
980 1354 1013 1384 ὃ(
1027 1363 1081 1384 nos
1095 1351 1216 1383 condic-

147 1402 212 1423 tum
226 1403 243 1423 e
276 1405 281 1409 ·

186 1417 370 1469 Κεῖρὸηάεῑε
387 1430 502 1468 poffunt
523 1429 558 1460 ad
577 1430 636 1462 hoc
658 1429 743 1460 iidem
764 1429 895 1468 Nuncii,
923 1432 956 1462 &
979 1430 1096 1461 firmiter
1117 1429 1218 1460 assere·

148 1480 179 1500 re
203 1469 280 1508 quod
295 1494 304 1506 ,
329 1469 396 1499 licet
417 1479 465 1506 per
486 1468 697 1500 Bononiensem
717 1468 895 1507 Episcopum
917 1480 970 1507 pro
990 1470 1219 1500 commutatione

115 1532 120 1538 .
148 1509 210 1539 voti
232 1507 319 1539 nostri
341 1509 369 1538 in
393 1507 501 1538 faetum
520 1507 633 1545 Apulite
653 1507 787 1538 fuerimus
807 1508 996 1545 interpellati,
1018 1508 1101 1538 nullo
1123 1516 1218 1538 tamen

149 1546 240 1615 3³³de
262 1547 481 1577 commutationi
501 1545 541 1576 illi
566 1544 756 1576 consensimus
770 1570 780 1584 ,
811 1556 905 1585 neque
926 1547 1133 1578 consentiemus
1161 1546 1220 1576 fine

149 1596 159 1616 1
189 1595 221 1615 o·

159 1596 178 1625 p
186 1609 236 1654 Sei
248 1634 302 1654 nec
316 1623 426 1663 fignum
437 1625 546 1661 crucis,
565 1622 644 1661 quod
656 1622 865 1661 assumpsimus,
876 1624 1065 1662 mutavimus,
1075 1633 1129 1654 nec
1143 1624 1219 1654 aliter

150 1661 318 1732 geferimus,
337 1671 422 1701 quarn
434 1672 498 1693 eam
510 1672 526 1692 a
540 1662 680 1700 principio
693 1661 803 1692 deferre
813 1662 970 1694 solebamus
979 1687 989 1701 ,
1005 1673 1062 1693 nec
1082 1663 1140 1693 fine
1159 1662 1219 1700 ipio

178 1711 293 1731 cremus.

190 1738 321 1769 Consulit
333 1747 429 1769 tamen
442 1738 520 1769 idem
533 1737 645 1768 Comes
661 1738 757 1777 quod,
776 1739 797 1769 fi
812 1749 861 1777 per
873 1740 995 1778 aliquam
1016 1740 1154 1771 cautelam
1173 1739 1221 1770 vel

151 1777 354 1815 mediatorem,
372 1777 449 1808 velut
469 1787 518 1815 per
540 1777 670 1807 Garsiam
693 1777 830 1817 Martini,
849 1778 868 1808 si
882 1778 987 1810 adhoc
1003 1789 1053 1816 per
1066 1790 1118 1809 vos
1140 1787 1221 1808 caute

153 1816 244 1847 valeat
257 1815 371 1854 induci,
389 1816 532 1854 procurari
544 1816 630 1854 poffit
643 1825 674 1847 ut
686 1816 834 1854 praedietus
849 1816 915 1847 Rex
929 1828 944 1847 a
961 1817 1068 1856 seipso,
1085 1827 1144 1848 non
1160 1817 1221 1848 vel-

151 1862 182 1884 ut
202 1865 218 1884 a
238 1855 321 1885 nobis
341 1855 542 1893 interpellatus,
561 1853 633 1885 duos
657 1857 762 1893 priores
783 1855 930 1894 articulos,
948 1857 982 1887 &
995 1856 1062 1886 alios
1075 1857 1104 1886 in
1116 1857 1220 1894 scripto

152 1894 225 1924 inter
239 1904 291 1924 nos
305 1902 457 1924 contentos
470 1895 611 1924 remittere
630 1894 715 1932 velit,
734 1904 787 1924 nos
806 1894 841 1924 ad
861 1894 1100 1925 commutandum
1119 1904 1221 1926 votum

155 1933 246 1963 crucis
268 1931 373 1962 nostrae
394 1933 423 1962 in
436 1933 544 1964 faetum
558 1931 753 1971 Affricanum,
782 1932 837 1963 =0st
845 1934 1004 1964 terminum
1018 1933 1221 1972 praedistorum

155 1971 201 2002 sex
213 1981 354 2001 annorum
363 1995 372 2009 ,
390 1971 510 2009 obligari
522 1970 742 2009 consentiamus,
783 1981 832 2002 um
845 1981 940 2002 tamen
954 1971 1037 2003 status
1059 1981 1142 2003 terrae
1155 1983 1223 2009 nos-

154 2018 207 2040 trae
221 2011 255 2041 &
268 2009 378 2048 Apuliae
390 2010 448 2041 hoc
460 2009 633 2049 permiserit,

193 2048 283 2080 Aliter
301 2058 396 2080 autem
418 2059 470 2080 nos
490 2049 525 2080 ad
537 2049 596 2079 hoc
610 2048 729 2086 obligari
741 2059 801 2079 non
816 2048 935 2079 consulit
947 2048 1024 2080 idem
1038 2048 1166 2080 Comes:
1187 2047 1226 2079 Et

157 2087 235 2118 causa
255 2087 317 2117 haec
336 2087 377 2117 est
392 2111 402 2124 ,
429 2087 507 2126 quod
523 2112 532 2125 ,
558 2087 578 2117 si
596 2087 630 2117 ad
649 2087 727 2118 hunc
745 2088 891 2118 articulum
910 2089 1017 2127 magis,
1044 2088 1132 2126 quam
1151 2087 1226 2124 prius

155 2126 366 2163 obligaremur,
383 2127 417 2157 &
431 2126 461 2156 in
475 2126 571 2164 aliquo
586 2126 706 2156 aliorum
725 2125 926 2164 deficeremus,
945 2127 1071 2160 amicum
1094 2125 1227 2156 nostrum

156 2165 366 2202 amitteremus,
384 2165 419 2195 &
436 2164 639 2195 nichilominus
656 2164 690 2195 ad
709 2165 787 2196 hunc
805 2165 957 2197 articulum
975 2165 1074 2195 fortius
1092 2164 1228 2205 astringe-

157 2212 261 2234 remur.

198 2241 237 2272 Et
250 2242 317 2272 licet
330 2242 466 2273 Nuncios
481 2241 593 2272 nostros
606 2241 755 2280 praedie'tos
768 2252 865 2273 coram
880 2243 963 2273 nobis
979 2243 1012 2275 &
1027 2243 1147 2274 consilio
1161 2252 1229 2272 nos—

160 2289 207 2313 tro
226 2280 406 2312 instruximus
425 2282 459 2313 &
470 2281 741 2320 informaverimus,
758 2290 844 2319 prout
863 2282 962 2313 melius
982 2282 1112 2314 scivimus
1127 2283 1160 2314 &
1175 2288 1229 2320 po-

157 2320 280 2358 tuimus,
298 2320 434 2359 praesente
448 2320 532 2350 fratre
546 2319 646 2350 nostro
661 2319 782 2351 Comite
793 2320 967 2359 supradisf'to,
988 2322 1053 2359 quia
1066 2329 1162 2352 tamen
1175 2330 1229 2350 vos

160 2357 269 2389 fastum
288 2357 362 2388 istud
381 2359 481 2389 melius
499 2358 605 2397 nostis,
622 2359 655 2390 &
675 2358 735 2396 plus
756 2360 891 2389 omnibus
902 2360 1063 2391 viventibus
1076 2370 1130 2398 pro
1151 2359 1229 2391 fausto

162 2395 218 2426 isto
237 2396 380 2429 laborastis
396 2420 406 2434 ,
438 2397 670 2428 informationem
692 2397 896 2434 praediCtorutn
920 2397 1110 2429 Nunciorui'n
1132 2399 1166 2430 &
1187 2399 1231 2427 in-

0 369 50 392 ieu.
70 373 95 400 3.

164 2433 352 2465 strufflonem
365 2435 550 2473 eorumdem,
569 2436 628 2465 tarn
643 2435 723 2472 super
735 2435 787 2465 hiis
799 2436 920 2466 articulis
931 2461 940 2474 ,
959 2438 1046 2474 quam
1066 2436 1148 2474 super
1166 2446 1232 2466 otn-
1261 2442 1263 2445 ’

165 2473 248 2503 nibus
267 2474 341 2511 aliis,
360 2473 396 2504 de
408 2474 510 2512 quibus
525 2473 598 2512 ipsos
612 2484 628 2504 a
642 2473 722 2504 dieto
736 2473 822 2511 Rege
841 2475 1023 2512 requirendos
1035 2474 1093 2505 effe
1109 2474 1232 2513 creditis,

163 2511 266 2542 vestrae
282 2512 409 2542 fidelitati
432 2513 465 2543 δε
484 2511 644 2543 discretioni
657 2511 779 2543 totaliter
791 2514 1015 2552 committimus,
1034 2513 1235 2552 qualitercum-

165 2560 222 2589 que
237 2551 255 2569 *
270 2559 287 2579 a
298 2551 381 2582 nobis
396 2551 430 2581 ὅ(
442 2550 562 2581 consilio
573 2550 674 2580 nostro
690 2550 754 2581 inde
765 2550 868 2581 fuerint
882 2551 1035 2583 informati.

241 2587 298 2619 uod
313 2588 332 2618 si
347 2587 478 2626 expedire
490 2589 630 2627 videritis,
648 2590 682 2619 &
707 2589 865 2619 commode
887 2589 947 2619 fieri
968 2589 1067 2637 poffit,
1082 2589 1235 2621 ,consilium

167 2626 220 2657 W.
258 2637 273 2656 e
292 2625 411 2656 Valenc.
430 2627 518 2657 fratris
533 2626 638 2664 nostri,
657 2626 684 2657 S.
704 2626 740 2657 de
752 2626 860 2658 Monte
874 2627 949 2658 forte
959 2628 1084 2659 Lomitis
1098 2627 1236 2659 Leicestr.

167 2667 203 2698 &
222 2665 261 2695 R.
281 2664 406 2695 Comitis
420 2665 584 2696 Gloucestr.
602 2665 684 2703 super
694 2665 746 2695 hiis
761 2666 893 2697 habeatis.

207 2703 351 2734 Mittimus
365 2704 447 2733 etiam
461 2704 543 2734 vobis
557 2703 754 2741 transcriptum
765 2704 937 2744 litterarum,
955 2716 1022 2744 quas
1037 2705 1114 2744 Regi
1126 2704 1238 2737 Castel—

167 2742 202 2775 lae
218 2743 354 2773 mittimus
367 2752 418 2780 per
432 2741 545 2773 eosdem
555 2766 565 2780 ,
581 2741 761 2780 praesentibus
775 2743 965 2775 interclusum.

205 2780 256 2811 De
266 2788 361 2821 treuga
370 2789 468 2811 autem
483 2780 611 2811 Francia:
623 2780 818 2820 proroganda,
837 2784 871 2813 &
884 2782 921 2813 de
932 2783 1012 2813 fasto
1023 2782 1152 2815 ¹Comitis
1166 2783 1238 2814 Gal-

168 2820 232 2857 rice,
250 2829 340 2857 nuper
353 2819 436 2850 vobis
451 2829 502 2857 per
515 2818 633 2850 Petrum
645 2818 681 2849 de
696 2818 885 2852 Monte-forti
901 2821 1028 2852 nostram
1048 2823 1132 2853 vobis
1152 2822 1239 2859 scrip-

169 2858 254 2888 simus
272 2858 466 2896 voluntatem,
492 2866 578 2897 prout
597 2857 633 2889 de
653 2857 772 2889 consilio
793 2858 863 2890 dieti
886 2859 1011 2892 Comitis
1030 2860 1122 2892 fratris
1149 2860 1240 2891 nostri

170 2896 264 2928 fuerat
277 2897 449 2929 ordinatum.

12 2554 64 2583 Ἰ.
79 2560 144 2589 572.

208 2971 301 3003 Teste
309 2971 399 3013 ⁴Rege
411 2972 485 3012 apud
497 2973 596 3006 Oxon.
615 2974 677 3006 &c-

176 3049 1242 3061 Ἣ

177 3099 298 3130 Littera
329 3096 463 3141 Gastonis
495 3102 682 3133 Vicecomitis
705 3104 813 3136 Bearn.

841 3113 898 3150 pro
918 3103 1061 3138 Arnaldo
1086 3103 1243 3138 Gm'llelmi

224 3145 453 3204 detAcrenssiont
478 3174 488 3190 ‚
529 3147 609 3195 quod
623 3149 705 3194 forn
723 3151 827 3197 fidelis
848 3150 1006 3186 Edwardo
1030 3156 1103 3202 Regi
1127 3152 1244 3200 Angliae

214 3202 429 3242 prlmogentto.

30 3301 158 3336 Ann.D.
179 3279 387 3343 UNiveffiS
398 3281 546 3319 Praesentes
559 3283 659 3315 litteras
678 3285 856 3327 inspeimris,
874 3287 916 3319 G.
936 3288 995 3320 Dei
1013 3290 1100 3329 gratia
1118 3287 1244 3319 Viceco-

58 3349 140 3380 1255.
270 3328 330 3350 mes
343 3318 517 3359 Beatnensis,
535 3321 659 3353 salutern.

29 3386 81 3411 An.
95 3392 142 3417 40.
182 3355 366 3424 illNoveritis
376 3358 459 3401 'quod
470 3369 525 3390 nos
537 3368 683 3405 tenemur,
701 3363 736 3394 &
747 3372 800 3395 nos
812 3365 871 3396 obli
891 3367 1000 3410 avimus
1009 3391 1018 3404 ,
1037 3367 1071 3397 ὃ(
1084 3365 1244 3409 obligamus

212 3394 278 3425 ustrt
289 3395 422 3426 Domino
437 3396 535 3428 nostro
546 3398 681 3430 Domino
693 3399 852 3442 Edwardo,
905 3414 1007 3435 omino
1020 3404 1146 3435 Arnaldo
1167 3403 1244 3433 Wil-

31 3426 65 3487 {³3
77 3430 108 3486 {J
115 3455 143 3494 f,
182 3433 269 3478 Helmi
282 3433 319 3478 ἃς
333 3433 515 3479 Αεῐθπῑοΰῑ,,
528 3437 609 3480 quod
621 3437 698 3468 idem
710 3439 825 3471 Amaia.
845 3443 994 3475 willielmi
1015 3442 1194 3481 respondebit
1215 3444 1245 3472 m

35 3499 67 3524 16
91 3517 95 3522 .
116 3495 132 3522 b
185 3471 273 3503 cuna
287 3472 409 3518 ejusdem
423 3473 547 3504 Domml
561 3474 596 3504 E·
615 3475 770 3509 secundum
780 3480 994 3512 consuetudines
1008 3482 1036 3513 V
1038 3483 1130 3513 ascon.
1149 3483 1244 3512 omni-

30 3539 51 3564 1,
52 3506 103 3563 mles
110 3517 165 3562 Cb?
185 3512 238 3556 bus
252 3512 457 3550 querelantibus
470 3512 547 3556 dese
559 3513 639 3557 super
650 3514 777 3562 ἀει-[φφ
792 3529 857 3556 quae
869 3520 961 3552 intulit
981 3530 998 3550 a
1014 3529 1166 3558 temmre'
1186 3530 1246 3559 quo

183 3549 261 3595 ¹dem.
281 3549 590 3596 Amaldus.W¹fl¹elm1‚
608 3555 768 3596 GOmPOsLut
791 3566 861 3589 eum
883 3557 1020 3590 Domino
1039 3559 1075 3590 N
1078 3560 1190 3590 icliolao
1209 3559 1247 3590 de

33 3583 147 3642 ZZZ}
183 3588 275 3620 Molis
289 3613 299 3627 ,
325 3598 448 3628 exceptis
468 3598 564 3621 tamen
583 3590 635 3621 illis
654 3591 719 3622 dam
740 3595 781 3624 nis
803 3606 868 3636 quae

882 3607 939 3675 ΚΞ·
957 3597 1023 3628 -suos
1044 3598 1116 3629 illata
1133 3598 1246 3629 fuerunt

182 3635 315 3672 tempore
323 3638 410 3696 Lquo
426 3628 504 3660 idem
516 3628 654 3662 Amardus
665 3630 717 3661 W'
741 3632 816 3664 'elmi
836 3634 873 3666 de
930 3646 1061 3667 remonte
1076 3638 1106 3667 in
1131 3636 1245 3668 Ptisona

183 3664 310 3697 Comitis
353 3665 496 3706 eycestriae
510 3668 666 3699 tenebatur.

219 3704 370 3749 Tenemur
389 3706 473 3735 etiam
492 3706 630 3744 praedidto
653 3706 796 3741 Edwardo
814 3720 868 3748 pro
886 3710 966 3743 ditff'co
979 3712 1108 3745 Amaldo
1123 3713 1167 3744 W
1167 3713 1248 3745 illicl-

179 3753 242 3782 mi,
260 3743 339 3782 quod
359 3743 436 3774 idem
458 3744 595 3776 Arnaldus
616 3744 767 3778 Willielrni
785 3749 815 3779 in
834 3749 989 3787 quaeffione
1004 3752 1176 3783 haereditatis
1211 3752 1247 3783 de

187 3784 690 3854 ittiurartdtetzrsufaitis
709 3784 1117 3860 {irga'ss
1131 3779 1249 3871 ζῖίῦοῑᾳ

188 3856 278 3889 Curia
292 3860 322 3891 in
336 3858 519 3899 qua'judieari
530 3861 661 3900 debebit,
677 3871 778 3900 praeter
790 3853 990 3901 supradieiainff
1189 3845 1207 3863 a

226 3895 422 3942 ‘Promittimus
444 3899 602 3938 supradieto
625 3899 760 3932 Domino
779 3901 899 3942 nostro,
916 3905 949 3935 &
967 3915 1036 3943 nos,
1054 3906 1088 3937 &
1102 3907 1198 3938 nostra
1211 3910 1250 3938 ei-

190 3931 259 3963 dem
271 3935 425 3979 obligamus
440 3937 519 3976 quod
530 3938 608 3971 idem
619 3939 758 3970 Arnaldus
770 3940 921 3973 Willielmi
933 3942 983 3973 sibi
991 3967 1000 3981 ,
1008 3945 1042 3975 ὅ(
1058 3944 1157 3976 locum
1170 3947 1250 3978 suum

190 3974 349 4006 tenentibus
363 3977 392 4007 in
401 3975 558 4016 Vasconifi,
575 3978 612 4008 ab
626 3978 679 4009 hac
693 3980 765 4010 hora
774 3980 808 4011 in
822 3989 903 4011 antea
913 3980 1001 4013 fidelis
1019 3982 1124 4014 existat.

235 4009 282 4054 Ad
299 4011 363 4044 haec
380 4023 476 4048 autem
491 4017 589 4047 omnia
602 4041 612 4055 ,
637 4018 671 4048 &
690 4017 794 4048 finoula
810 4018 963 4056 supradiera
979 4020 1151 4053 observanda
1200 4033 1253 4054 nos

192 4047 253 4092 0¹³.¹¹
273 4058 351 4080 arnus
371 4062 440 4083 tunc
463 4054 582 4085 demum
602 4065 691 4093 quum
709 4042 787 4087 idem
805 4056 950 4088 Dominus
968 4057 1106 4090 Arnaldus
1130 4048 1254 4092 W'illiel-

191 4094 237 4123 mi
272 4097 289 4123 e
305 4087 482 4134 Agrauonte
499 4097 705 4136 recuperaverit
722 4095 832 4130 dictum
849 4094 986 4130 Castrum
1001 4096 1039 4129 de
1055 4097 1254 4140 Agremonte²

1250 189 1730 236 PUBLICA.
2271 208 2295 246 7

1239 275 1393 306 secundum
1414 273 1536 320 formam
1573 289 1637 317 quae
1655 281 1685 310 in
1702 280 1806 311 Littera
1821 278 1888 311 dieti
1904 280 2028 312 Domini
2040 279 2189 319 Edwardi,
2207 279 2299 310 eidem
2318 275 2446 307 Arm-D.

1238 313 1352 344 Arnald.
1370 314 1519 345 Willielmi
1533 301 1612 354 super
1624 318 1681 348 lioc
1694 319 1840 356 concessa,
1857 320 1963 357 plenius
1976 322 2146 351 continetur.
2346 321 2432 352 1255.

1259 351 1333 396 'Et,
1360 353 1390 382 in
1409 353 1604 385 testimonium
1628 358 1757 387 omnium
1780 358 2007 396 praemissbrum,
2036 358 2180 396 presentes
2198 356 2301 386 litteras
2320 359 2382 381 Heu.
2405 362 2430 388 3.

1239 391 1333 421 eidem
1347 390 1482 422 Domino
1497 391 1642 424 Edwardo
1653 395 1859 434 concessimus,
1877 397 1965 434 sigillo
1979 396 2079 427 nostro
2095 396 2228 434 sigillatas.

1275 467 1346 512 Dat.
1360 468 1438 512 5²qu
1460 468 1608 508 Acristris,
1625 470 1759 501 vicesimo
1777 472 1895 509 septimo
1914 473 1960 504 die
1973 473 2128 513 chtobris,
2147 482 2222 503 anno
2234 470 2301 501 Do-

1241 516 1311 537 mini
1326 507 1474 538 milleiimo
1489 508 1683 540 ducentesimo
1698 511 1928 548 quinquagesimo
1943 514 2051 550 quinto.

1386 641 1434 673 De
1457 643 1657 674 Prot-aratore
1679 645 1710 674 in
1735 645 1830 676 Curia
1854 646 1991 676 Romana
2015 644 2160 678 ordinato.

1244 724 1462 785 SAnftiffimo
1483 727 1513 756 in
1534 726 1650 758 Christo
1671 727 1746 758 Patri
1767 728 1900 760 Domino
1921 728 2100 768 Alexandro,
2118 730 2178 760 Dei
2198 730 2284 767 gratia
2298 753 2308 766 ,
2328 731 2403 763 Ann.
2414 730 2456 760 D.

1303 763 1414 793 summo
1429 764 1578 804 Pontifici,
1597 765 1756 804 Henricus,
1775 767 1872 797 eadem
1894 769 1994 807 gratia,
2012 767 2077 798 Rex
2099 767 2225 808 Angli-z,
2244 770 2303 800 &c.
2357 778 2438 807 1255-

1243 801 1373 839 salutem,
1393 812 1461 833 cum
1474 805 1555 833 omni
1570 807 1723 836 reverentia
1735 807 1769 836 &
1783 806 1901 836 honore.
2328 814 2380 837 Aa.
2396 819 2442 843 40·

1282 839 1410 871 Noverit
1427 840 1517 884 sanc‘ta
1538 844 1682 881 paternitas
1701 843 1790 874 vesti-a
1824 844 1902 883 quod
1923 854 1976 875 nos
1997 844 2212 883 constituimus,
2240 844 2309 874 faci-
2331 853 2364 875 H.
2387 857 2412 883 3.

1244 887 1307 907 mus
1328 879 1361 908 &
1380 878 1542 910 ordinamus
1561 881 1725 912 Robertum
1740 882 1776 912 de
1815 893 1861 912 aro
1873 908 1882 922 ,
1901 883 2054 913 Vass'allum
2069 882 2216 921 nostrum,
2235 882 2308 912 Pro-
2328 890 2442 919 Panto.

1245 923 1404 958 curatorem
1415 917 1544 948 nostrum
1558 920 1588 949 in
1602 919 1690 951 Curia
1705 920 1854 960 Romani,
1873 921 1908 950 ad
1922 920 2128 960 impetrandum
2142 922 2175 952 ὃς
2198 929 2309 951 contra-
2330 929 2363 951 H.
2384 934 2408 960 3.
2424 931 2462 949 m.

1245 954 1414 992 dicendum,
1433 957 1531 991 gratias
1545 958 1578 988 &
1593 958 1779 996 indulgentias
1791 959 1960 999 petendum,
1979 961 2037 989 tam
2051 969 2103 998 pro
2117 960 2309 997 nobis,qiiarn
2329 963 2465 1000 23.intus„

1247 1002 1299 1029 pro
1313 992 1468 1061 Essmundo
1482 995 1588 1033 inclyto
1602 996 1685 1036 Rege
1697 997 1815 1035 Siciliae,
1832 1006 1900 1028 nato
1912 997 2030 1035 nostro,
2039 998 2068 1027 in
2080 996 2175 1027 nostra
2188 997 2311 1036 potesta-

1250 1039 1279 1061 te
1294 1041 1336 1060 exi
1365 1040 1446 1069 ente3

1288 1068 1397 1100 Ratum
1411 1069 1532 1100 habituri
1547 1071 1580 1101 ὃς
1596 1069 1710 1102 firmum
1725 1072 1859 1111 quicquid
1872 1082 1920 1111 per
1935 1072 2039 1111 ipsum,
2058 1073 2174 1112 nostro,
2192 1074 2226 1104 ὃς
2241 1082 2314 1112 prae-

1248 1107 1318 1138 dieti
1330 1107 1420 1148 Regis
1434 1109 1568 1147 nomine,
1586 1110 1616 1139 in
1630 1110 1718 1141 Curia
1730 1111 1837 1149 vestra,
1856 1111 1934 1150 super
1945 1111 2088 1149 praemiffis
2102 1113 2210 1143 iactum
2222 1112 2316 1149 fuerit,

1250 1146 1297 1177 vel
1310 1148 1394 1177 etiam
1408 1156 1598 1186 procuratum.

1291 1185 1441 1217 Nolumus
1455 1194 1549 1216 tamen
1563 1186 1660 1225 quod,
1692 1197 1721 1217 er
1734 1188 1849 1227 praesens
1864 1187 2044 1224 mandatum,
2057 1188 2224 1225 intelligatur
2238 1197 2318 1218 man-

1252 1222 1365 1292 datIum,
1382 1224 1491 1294 ξαᾶὶυὲ]
1507 1224 1650 1263 Magistro
1689 1227 1784 1264 inato,
1803 1226 1967 1264 aliquatinus
1981 1233 2154 1256 revocatum.

1307 1272 1325 1292 n
1341 1272 1436 1302 cnjus,
1478 1273 1516 1302 fic.

1289 1339 1382 1370 Teste
1394 1340 1477 1379 Rege
1488 1340 1561 1380 apud
1573 1340 1702 1372 W’indes.
1725 1342 1759 1372 18
1775 1341 1820 1372 die
1834 1340 2002 1373 Novembr.
2021 1341 2125 1380 Anno,
2143 1342 2204 1373 &c-
2224 1349 2271 1379 40.
2285 1341 2318 1371 &c

1253 1387 1330 1410 anno
1345 1378 1470 1410 Domffi
1486 1388 1568 1418 1255.
2234 1389 2237 1391 ’

1764 1460 1817 1487 Per
1832 1460 1865 1488 P.
1884 1456 2028 1496 Hereford.
2050 1455 2214 1496 Epistopum.

1379 1595 1406 1623 *ἓ
1432 1602 1482 1634 De
1507 1602 1705 1633 procuratore
1730 1604 1762 1632 in
1786 1602 1881 1632 Curia
1903 1601 2041 1632 Romami
2065 1597 2211 1633 ordinato.

1251 1683 1298 1744 S
1308 1682 1481 1715 Andriffimo
1514 1686 1574 1718 &c.

1338 1722 1466 1754 Noverit
1480 1710 1571 1754 saneta
1593 1724 1738 1763 paternitas
1753 1723 1862 1763 vestra,
1881 1724 1959 1763 quod
1978 1734 2030 1754 nos
2051 1723 2266 1761 constituimus,
2282 1721 2325 1752 fa-

1259 1763 1348 1792 cimus
1363 1764 1396 1793 &
1410 1762 1572 1794 ordinamus
1584 1762 1756 1802 Magistrum
1771 1763 1902 1793 Finatum
1916 1763 2134 1794 Procuratorem
2147 1761 2279 1793 nostrum
2294 1762 2325 1791 in
2346 1764 2398 1787 An.
2414 1769 2463 1794 40.

1259 1801 1348 1832 Curia
1362 1801 1511 1840 Romana,
1529 1801 1563 1832 ad
1576 1801 1784 1840 impetrandum
1798 1804 1831 1833 &
1843 1801 2110 1840 contradicendum,
2127 1803 2225 1842 gratias
2241 1800 2325 1831 etiam
2348 1804 2382 1825 H·
2405 1809 2430 1835 3·

1259 1842 1293 1872 ὃ(
1310 1839 1494 1879 indulgentias
1506 1840 1679 1880 petendum,
2349 1841 2408 1865 Par.
2432 1847 2481 1872 40.

1298 1878 1406 1910 Ratum
1416 1879 1556 1917 habituri,
1575 1880 1608 1909 ἂ
1621 1878 1736 1909 firmum
1750 1878 1885 1916 quicquid
1900 1888 1949 1916 per
1960 1879 2051 1917 ipsum
2060 1903 2069 1916 ,
2087 1880 2206 1908 nomine
2219 1875 2328 1914 nostro,
2351 1880 2383 1903 Hi
2406 1885 2430 1906 2·
2445 1886 2481 1902 m.

1259 1920 1291 1949 in
1305 1917 1392 1949 Curia
1402 1917 1511 1956 vestra,
1528 1916 1763 1957 superpraem'iffis
1783 1917 1892 1948 factum
1912 1917 2010 1956 fuerit,
2029 1918 2076 1949 vel
2095 1919 2181 1948 etiam
2199 1925 2331 1957 procura-
2354 1916 2483 1942 zamens-

1261 1965 1331 1988 tum.

1299 1993 1450 2024 Nolumus
1473 2000 1585 2030 tamen,
1603 2001 1652 2031 per
1674 1992 1791 2032 praesens
1812 1992 1993 2031 mandatum,
2013 1994 2128 2033 intelligi
2151 1992 2334 2029 mandatum,

1263 2032 1372 2102 fadltum
1387 2032 1521 2102 Robegrcto
1533 2030 1570 2061 de
1584 2030 1656 2062 Baro
1665 2055 1674 2070 ,
1691 2032 1862 2071 aliquatenus
1875 2040 2048 2062 revocatum.

1315 2080 1335 2102 n
1348 2081 1443 2110 cujus,
1497 2079 1522 2100 c.

1295 2147 1395 2193 ‘Teste
1405 2147 1492 2187 Rege
1503 2145 1577 2187 apud
1591 2145 1720 2179 Windes.
1743 2147 1778 2179 18
1792 2146 1839 2178 die
1854 2146 2052 2186 Novembris,
2069 2155 2145 2178 anno
2157 2146 2255 2187 Regni
2266 2155 2334 2177 nos-

1265 2196 1302 2220 tri
1320 2196 1371 2226 40.

1776 2264 1831 2293 Per
1847 2264 1880 2292 P.
1899 2261 2043 2301 Hereford.
2060 2261 2223 2301 Epzstopum.

1272 2401 1331 2432 Pro
1366 2395 1517 2430 Edvardo
1540 2395 1606 2441 filio
1634 2399 1829 2444 primogenito
1856 2399 1943 2443 Regis
1959 2422 1968 2437 ,
2002 2395 2038 2428 de
2054 2397 2232 2441 juramento
2247 2395 2340 2442 fitper

1511 2443 1683 2488 Concffone
1704 2446 1810 2478 Siciliae
1835 2448 1917 2491 Papae
1934 2443 2105 2492 prestando-

1275 2530 1362 2588 RE
1373 2530 1403 2561 X
1422 2530 1571 2568 univer-fis,
1590 2530 1735 2568 praesentes
1750 2531 1838 2561 literas
1853 2530 2035 2568 inspeeturis,
2052 2529 2176 2561 salutern.
2361 2519 2437 2551 Asm-
2449 2519 2491 2551 D·

1368 2568 1447 2599 Cum
1460 2569 1641 2601 sanctiffimus
1658 2569 1740 2599 Pater
1753 2571 1787 2601 &
1803 2569 1951 2600 Dominus
1973 2567 2131 2599 Alexander
2168 2568 2244 2606 Papa
2258 2576 2342 2608 quar·
2392 2567 2474 2599 1255.

1276 2615 1336 2646 tus,
1354 2607 1525 2646 Edmundo,
1545 2617 1610 2638 nato
1628 2608 1743 2646 nostro,
1763 2608 1839 2647 Regi
1853 2608 1957 2638 Siciliae
1973 2606 2109 2645 Regnum
2128 2593 2232 2638 §iciliae
2246 2608 2279 2638 ὃ(
2295 2616 2341 2638 to-
2359 2603 2412 2626 ‘4⁷¹’-
2426 2610 2474 2634 40·

1277 2656 1335 2678 tam
1349 2655 1450 2678 terram
1465 2671 1475 2684 ,
1501 2657 1564 2685 quie
1585 2647 1626 2678 est
1648 2648 1717 2677 citra
1732 2647 1756 2676 F
1757 2657 1836 2677 arum
1849 2646 1934 2685 usquc
1949 2646 1982 2677 ad
1996 2645 2119 2677 confinia
2132 2655 2268 2677 terrarum
2281 2646 2342 2677 Ec·
2362 2642 2396 2665 H.
2419 2648 2445 2675 3-

1277 2686 1367 2716 clesiae
1388 2685 1530 2716 Romanae
1543 2710 1553 2724 ,
1579 2696 1647 2717 cum
1665 2686 1800 2716 omnibus
1813 2685 1937 2724 juribus,
1955 2685 2130 2724 honoribus,
2149 2684 2340 2723 distrietibus,
2361 2681 2380 2704 P
2381 2685 2410 2704 ’Π
2415 2687 2474 2713 *40-

1278 2726 1312 2756 &
1334 2725 1504 2762 pertinentiis
1524 2725 1575 2756 suis
1597 2726 1724 2763 (excepta
1742 2723 1866 2755 Civitate
1888 2724 2040 2755 Benevent.
2060 2734 2127 2754 cum
2142 2724 2224 2762 ipsius
2232 2725 2341 2768 juribus
2362 2720 2396 2743 H.
2420 2726 2444 2751 3·
2458 2725 2496 2743 m·

1278 2765 1313 2795 &
1336 2764 1506 2801 pertinentiis
1528 2764 1670 2800 univeriis)
1695 2763 1731 2794 de
1750 2763 1866 2794 fratrum
1887 2763 2002 2794 suorum
2016 2763 2136 2794 consilio
2149 2764 2182 2793 ὃς
2195 2763 2300 2793 assensu
2314 2764 2344 2793 in
2368 2764 2412 2782 ²0·
2433 2754 2458 2782 d·

1279 2802 1399 2833 feodum
1411 2802 1519 2832 duxerit
1532 2801 1767 2840 concedendum,
1784 2802 1833 2832 sub
1847 2802 2011 2840 quibusdam
2025 2801 2236 2832 conditionibus
2251 2826 2261 2840 ,
2280 2812 2345 2840 quae

1280 2843 1309 2871 in
1331 2840 1501 2886 Apostolico
1519 2841 1666 2882 privilegio
1682 2866 1692 2880 ,
1715 2841 1851 2872 confeCw
1874 2841 1954 2879 super
1970 2840 2155 2872 concessione
2168 2840 2347 2880 hujusmodi,

1279 2887 1475 2911 continentur:

1320 2918 1396 2949 inter
1417 2929 1483 2957 quas
1504 2917 1569 2949 duae
1588 2917 1767 2949 conditiones
1789 2918 1926 2948 habentur
1939 2941 1950 2956 ,
1975 2917 2008 2947 ad
2032 2927 2150 2956 quarum
2165 2916 2278 2948 alteram
2293 2919 2350 2948 im-

1282 2957 1413 2995 plendam
1429 2958 1589 2996 juramento
1605 2981 1614 2995 ,
1638 2956 1673 2987 ad
1694 2957 1743 2987 reli
1764 2967 1809 2987 uas
1837 2959 1909 2987 vero
1923 2981 1932 2994 ,
1958 2956 2144 2993 promiffione
2163 2957 2321 2995 interposita
2339 2981 2350 2995 ,

1283 2996 1446 3065 Edlvaidum
1467 2996 1689 3035 primogenitum
1710 2967 1840 3026 nocitrum
1854 3020 1864 3034 ,
1882 2998 2053 3026 memoratus
2068 2994 2216 3026 Dominus
2230 2996 2350 3036 obligari

1283 3045 1322 3065 vo
1334 3043 1388 3066 uit*

1322 3060 1391 3104 Nos
1409 3073 1488 3103 dieto
1511 3071 1645 3104 Edvardo
1665 3070 1849 3110 promittendi
1871 3072 2025 3103 venerabili
2048 3073 2124 3104 Patri
2143 3074 2220 3104 fratri
2234 3073 2351 3112 Jacobo

1283 3112 1454 3144 Bononiensi
1468 3110 1629 3149 Episcopo,
1647 3112 1729 3149 ipsius
1742 3110 1866 3141 Domini
1888 3110 1971 3148 Papae
1993 3110 2136 3152 Nuncio,
2156 3114 2190 3144 <Sc
2204 3111 2350 3150 obligandi

1282 3152 1310 3182 se
1330 3151 1379 3189 ipsi
1402 3151 1535 3181 Domino
1558 3148 1642 3187 Papae
1657 3173 1666 3187 ,
1690 3150 1724 3180 &
1746 3148 1891 3179 Romanae
1912 3149 2049 3181 Ecclesiae
2062 3176 2071 3189 ,
2104 3153 2138 3182 ὃς
2154 3152 2348 3189 juramentum

1283 3189 1431 3229 praestandi
1452 3199 1505 3227 pto
1526 3187 1664 3226 praedietis
1685 3187 1897 3218 conditionibus
1909 3189 2109 3227 adimplendis,
2128 3200 2178 3227 per
2192 3190 2238 3218 has
2254 3198 2352 3226 paten-

1283 3237 1324 3260 tes
1338 3229 1426 3260 literas
1440 3229 1552 3266 plenam
1564 3226 1760 3257 auetoritatem
1774 3226 1960 3258 concedimus
1976 3228 2009 3258 &
2024 3228 2140 3258 liberam
2153 3227 2329 3265 potestatem.

1322 3267 1356 3298 In
1378 3267 1456 3306 cujus
1478 3267 1517 3296 rei
1537 3264 1734 3296 testimonium
1753 3265 1919 3303 praesentem
1934 3267 2066 3304 paginam
2080 3267 2198 3297 fecimus
2213 3265 2349 3296 nostrifi-

1284 3307 1343 3345 gilli
1357 3307 1514 3338 munimine
1527 3304 1662 3335 roborari.

1323 3382 1390 3414 Dat.
1409 3380 1481 3419 apud
1501 3378 1628 3410 Windes.
1646 3390 1722 3411 anno
1743 3380 1866 3411 Domini
1888 3379 2037 3410 millesimo
2058 3380 2253 3412 ducentefimo
2286 3384 2350 3412 uin-

1285 3421 1446 3461 quagesimo
1460 3420 1569 3462 quinto.
1586 3418 1748 3450 Indifflone
1766 3428 1809 3459 13.
1828 3417 1917 3456 pridie
1928 3417 2046 3449 Caleiid.
2065 3418 2252 3459 Decembris,
2301 3431 2353 3462 eg..

1287 3462 1315 3491 ni
1331 3469 1425 3491 autem
1440 3457 1529 3488 nostri
1540 3466 1616 3487 anno
1631 3466 1680 3496 40.
2292 3464 2294 3466 >

1447 3537 1501 3563 Per
1521 3531 1604 3571 ipfitm
1618 3536 1732 3571 Regem,
1747 3531 1902 3572 Epiftopum
1915 3532 2012 3575 Hercf.
2031 3537 2101 3581 Corq.
2121 3532 2213 3565 Glauc.
2225 3535 2351 3576 fratrem

1486 3575 1599 3641 ΒΞΖΞΖΖ
1613 3574 1695 3648 1ξὲΞίἱὲ
1710 3597 1719 3610 ,
1739 3571 1898 3611 Juhannem
1912 3569 2039 3611 iilansel,
2059 3582 2097 3606 ω’
2110 3572 2176 3602 alios
2191 3574 2223 3605 de
2239 3577 2349 3620 Confilio

1343 3750 1392 3781 De
1410 3745 1579 3792 privilegiis
1594 3745 1685 3792 fitper
1701 3746 1786 3791 fabio
1810 3745 1928 3792 Apuliae
1940 3746 2024 3794 stgno
2050 3750 2137 3795 Regis
2150 3748 2288 3794 signatis.

1289 3829 1569 3893 MEmorandum
1589 3830 1667 3868 quod
1686 3831 1782 3861 omnia
1800 3830 1960 3870 privilegia,
1978 3832 2060 3870 signo
2081 3832 2171 3870 Regis
2190 3833 2301 3871 Angliae
2315 3833 2350 3862 Ιί-
2371 3842 2491 3873 Amal)

1384 3878 1467 3906 gnata
1481 3867 1518 3898 de
1532 3868 1609 3899 faeto
1623 3869 1747 3908 Apuliae,
1766 3869 1878 3905 sigillata
1892 3871 2005 3902 fuerunt
2024 3882 2073 3911 per
2094 3879 2265 3910 praeceptum
2287 3870 2348 3901 Re·
2456 3891 2467 3896 -
2489 3868 2499 3874 ⁰

1288 3908 1346 3945 gis,
1364 3918 1378 3937 a
1402 3907 1438 3937 ud
1451 3905 1610 3936 Windesor.
1630 3909 1664 3939 ὅ(
1676 3917 1727 3946 per
1738 3907 1886 3938 consilium
1899 3911 2100 3941 venerabilium
2113 3910 2227 3940 Parrum
2242 3908 2273 3938 P.
2288 3909 2352 3939 He-
2366 3924 2419 3946 An.
2434 3931 2483 3956 40,

1290 3945 1363 3976 refor
1384 3945 1452 3976 enfis
1467 3944 1618 3984 Episcopi,
1637 3947 1670 3977 &
1684 3946 1720 3975 A.
1734 3946 1939 3978 VVintoniensis
1952 3948 2058 3988 Eled'ti,
2078 3947 2226 3978 Willielmi
2240 3947 2275 3976 de
2291 3947 2350 3977 Va-
2365 3963 2399 3984 H.
2420 3968 2444 3984 ἢ,

1290 3985 1373 4014 lentia
1386 4009 1396 4022 ,
1420 3985 1453 4015 δε
1473 3983 1595 4014 Galfridi
1614 3984 1652 4014 de
1670 3984 1797 4014 Lezinan
1815 3984 1932 4017 fratrum
1951 3987 2039 4028 Regis
2053 4013 2062 4026 ,
2089 3986 2205 4018 Ricardi
2227 3985 2350 4016 Comitis
2368 3979 2484 4030 1³21?an

1293 4022 1482 4053 Gloucestriae
1496 4023 1529 4053 &
1544 4021 1700 4061 Hertford,
1715 4023 1852 4062 Johannis
1864 4024 1901 4055 de
1914 4025 2041 4057 Pleffetis
2055 4026 2177 4056 Comitis
2192 4024 2283 4054 Watr.
2297 4024 2349 4062 jo-
2370 4039 2403 4061 H.
2422 4044 2483 4068 3-71—

1291 4061 1390 4091 hannis
1410 4060 1540 4091 Maunsel
1560 4060 1704 4100 Praepositi
1724 4061 1865 4093 Beverlaci
1880 4086 1891 4102 ,
1922 4063 2043 4103 Philippi
2064 4063 2158 4093 Lovel
2178 4062 2351 4093 Tliesaurar'ii
2373 4067 2505 4108 „jaza

1293 4099 1398 4141 Regis,
1415 4098 1531 4132 Radulfi
1547 4099 1598 4133 filii·
1619 4100 1776 4139 Nicholai‚
1790 4100 1901 4143 Rogeri
1918 4102 1956 4135 de
1969 4102 2134 4141 Turkeiby,
2150 4102 2229 4134 Hen-
2246 4101 2283 4131 de
2301 4100 2354 4130 Ba-

2281 4147 2357 4175 cun,
