2570 4261
1 284 99 317 nn.D.

0 333 75 364 i213.

0 1544 66 1575 Ann.
82 1542 123 1574 D.

13 1591 97 1622 12¹3·

0 1626 45 1649 dn.
61 1631 104 1657 14.

0 1659 56 1695 Joh-

0 1698 99 1727 [bidem.

33 2849 156 2883 *1270

70 3382 156 3412 1213.

42 3416 95 3441 An.
118 3420 161 3449 ¹5·

690 203 802 247 ET
883 207 1148 250 ACTA

116 301 134 322 a
171 297 231 322 ortu
251 287 399 330 receffirint
419 289 450 322 in
469 290 601 330 Angliam
619 292 840 330 transfretantes,
857 302 939 324 erunt
950 294 987 324 ad
998 293 1175 324 liberationes

115 332 145 369 ip
156 341 196 361 ius
210 330 314 369 Regis,
332 329 403 360 dum
416 330 520 360 fuerint
533 331 563 359 in
577 331 688 360 servitio
703 330 768 360 suo:
789 329 826 360 Et
841 340 895 370 ego
911 332 1078 369 manucapio
1097 329 1175 368 quod

116 369 217 400 milites
230 369 264 400 ὃ(
279 368 442 406 servientes,
461 378 532 405 quos
546 369 571 398 ei
586 371 713 406 mittam,
733 368 796 398 bene
810 366 848 403 ὀ·
854 369 978 410 fideliter
994 371 1019 400 ei
1036 369 1153 400 servient
1165 392 1175 407 ,

116 407 188 439 dum
203 408 234 436 in
246 406 356 437 servitio
369 404 420 435 suo
434 405 547 436 fuerint.

153 455 181 484 4.
199 444 265 484 Ego
278 453 349 475 vero
362 441 496 474 Domino
510 453 579 475 meo
591 444 669 488 Regi
684 444 803 488 johanni
816 445 980 484 homagium
996 444 1068 484 feci,
1086 445 1120 476 &
1139 444 1176 474 de

118 483 175 552 ficble
196 480 653 560 eiessl‘itvagdgaessgodjehpraedicstis
675 484 701 513 ei
713 482 830 513 firmiter
843 483 968 514 tenendis
975 482 1177 524 fizcramentum

114 522 141 564 fi
159 528 194 597 l5p
203 558 242 588 Et
260 557 332 602 ipse,
351 567 403 595 pro
415 558 560 602 'homagio
581 559 615 589 ὃς
638 558 750 603 sentitio
764 568 831 589 meo
846 559 1000 604 praedidto,
1018 560 1096 591 dabit
1109 559 1179 589 mihi

121 599 158 629 &
176 595 348 627 Haeredibus
363 605 434 626 meis
442 606 495 635 ⁴per
517 606 641 632 annum,
658 608 687 627 in
710 596 829 628 feodum
838 622 851 641 ³.
866 598 1080 636 quadringentas
1100 596 1181 627 Mar-

122 633 378 705 ?agtgidLIgIacrlcam
551 635 561 673 )
577 635 613 666 ad
628 636 731 666 Pascha
745 636 937 674 percipiendas
949 636 984 667 ad
1002 637 1181 668 Scaccarium

134 684 153 705 u
275 684 293 703 n
314 684 362 704 on.

162 712 191 742 6.
210 710 249 744 Et
267 722 322 752 ego
339 711 420 749 ligius
437 710 530 743 homo
547 710 649 743 deveni
667 712 765 751 ipsius,
782 712 818 742 de
835 712 973 750 praeditfto
988 713 1092 752 feodo,
1110 723 1183 744 con-

124 758 168 781 tra
185 760 286 782 omnes
305 750 454 789 mortales,
472 750 506 780 ad
524 759 626 781 terram
644 751 720 781 suam
738 751 848 790 Angiiae
865 751 1086 790 defendendam,
1106 753 1140 782 &
1155 762 1184 781 a·

128 789 197 819 liam
217 796 321 819 terram
342 787 424 828 sicam
441 790 669 829 perquirendam5
689 799 743 819 nec
764 790 800 819 ab
820 789 955 830 homagio
976 791 1025 820 suo
1046 790 1092 821 vel
1114 789 1185 820 fide-

126 827 204 859 litate
215 828 261 860 sua
274 829 305 858 in
317 827 408 866 aliqua
424 837 454 857 re
462 851 471 865 ,
489 828 535 859 vel
548 837 601 865 pro
615 829 710 867 aliquo
721 827 776 858 alio
788 827 905 859 homine
918 828 1057 860 recedam.

127 904 265 937 Testibus
271 929 282 944 ‚

130 984 246 1012 Domino
260 981 292 1011 P.
310 981 436 1010 Winton.
456 980 598 1021 Episc'opo,

131 1023 171 1051 H.
190 1023 291 1051 comite
304 1019 430 1049 Palatia.
447 1019 535 1050 Rhen.
679 1023 760 1050 Petro
767 1020 828 1062 filio
844 1021 991 1056 Herberti,

131 1061 166 1091 R.
186 1062 286 1088 comite
297 1056 419 1089 Boloniae
429 1082 439 1096 ,
681 1059 782 1089 Thoma
800 1060 831 1088 de
845 1062 964 1096 Furnes,

132 1100 168 1131 G.
184 1095 247 1136 filio
268 1097 371 1134 Petri,
412 1099 513 1126 Comite
536 1096 620 1136 Effl’x
634 1121 644 1136 ,
683 1096 766 1127 Bald.
786 1097 817 1126 de
832 1096 969 1133 Harleke,

168 1133 328 1181 Justiciario
342 1134 471 1173 AngHae,
683 1134 801 1181 Fsorens
816 1135 848 1164 de
869 1133 961 1164 W'ord.

135 1175 181 1204 W
197 1177 299 1203 Comlte
317 1175 478 1211 bVarennae,
685 1178 788 1204 Simone
804 1173 836 1202 de
850 1174 942 1202 Dana.

132 1213 177 1242 W.
196 1215 298 1242 comite
319 1211 468 1241 Arundell.
687 1214 808 1242 Martin.
828 1211 860 1240 de
872 1209 994 1240 Conrado
1007 1208 1038 1239 de
1054 1206 1136 1238 er.

133 1254 161 1281 S.
181 1254 282 1282 comite
297 1251 341 1280 W
340 1253 427 1284 imon.
685 1249 804 1279 Gerara'.
824 1249 855 1279 de
874 1249 967 1278 Rodes.

680 980 826 1011 Willielmo
841 984 974 1012 Briwerr.

169 1325 239 1358 Dat.
259 1325 393 1357 London.
413 1325 550 1358 vicesimo
567 1334 648 1355 nono
663 1323 709 1362 die
726 1324 834 1355 Martii.

227 1447 395 1484 Publicatio
417 1448 628 1481 Conventionis
641 1444 782 1492 praediilae
793 1455 849 1492 per
865 1448 974 1492 Regem
995 1445 1124 1492 Angliae.

177 1534 330 1572 0hannes,
349 1533 409 1564 Dei
424 1532 531 1573 gratia,
549 1531 616 1562 Rex
635 1530 765 1571 Angliae,
782 1531 916 1562 omnibus
936 1529 1045 1562 Christi
1058 1529 1203 1569 fidelibus,

207 1571 354 1603 raesentem
369 1560 487 1605 Cartam
501 1568 682 1609 inspeeturis,
698 1569 824 1601 salutem.

178 1583 276 1642 §citatis
289 1609 369 1648 quod
382 1608 557 1640 Willielmus
570 1607 683 1647 Comes
695 1607 832 1639 Holland.
851 1609 881 1638 iii
893 1608 952 1639 hoc
974 1607 1057 1639 nobis
1075 1615 1203 1645 tenetur,

141 1658 193 1689 per
214 1649 381 1689 homagium
394 1672 406 1692 7
430 1647 465 1687 ὃς
487 1646 703 1679 Sacramentum
716 1671 726 1685 ,
751 1648 785 1678 &
807 1646 927 1678 Cartam
943 1646 1036 1684 suam,
1060 1645 1157 1685 quod,
1184 1646 1203 1675 si

145 1687 255 1719 Gentes
271 1688 301 1717 in
315 1685 448 1728 Angliam
462 1685 497 1718 ad
513 1695 576 1718 eam
599 1685 815 1724 expugnandam
830 1687 973 1724 venerint,
989 1686 1046 1723 ipse
1059 1685 1155 1716 veniet·
1169 1683 1204 1714 ad

143 1737 197 1757 nos
210 1727 239 1757 in
252 1725 298 1756 An
316 1725 402 1764 liam,
420 1734 490 1755 cum
500 1732 564 1755 toto
577 1724 658 1761 posse
671 1725 720 1756 suo
736 1734 822 1763 quam
837 1725 919 1756 citius
939 1725 1058 1762 poterit,
1078 1724 1107 1754 in
1128 1723 1204 1753 bona

143 1765 217 1804 fide,
243 1765 277 1796 &
309 1773 356 1795 ine
378 1763 454 1794 malo
475 1763 608 1803 ingenie,
632 1762 785 1801 postquam
806 1763 1061 1794 summonitionem
1080 1761 1206 1793 nostram

144 1804 289 1840 habuerit,
307 1803 353 1833 vel
366 1800 559 1833 neceffitatem
576 1801 703 1832 nostram
717 1801 850 1839 audierit,
867 1802 902 1832 ad
923 1800 1130 1833 defendendam
1150 1808 1207 1830 ter—

146 1852 208 1873 ram
221 1841 346 1873 nostram
361 1850 430 1872 cum
443 1839 525 1878 posse
540 1839 590 1870 suo
600 1864 609 1880 ,
626 1840 659 1871 &
672 1841 731 1871 hoc
746 1850 807 1871 non
827 1840 966 1879 dimittet,
985 1851 1037 1879 pro
1056 1839 1147 1878 aliqua
1162 1849 1207 1879 re,

147 1881 199 1911 nisi
212 1881 350 1911 exercitus
364 1889 497 1918 apparens
511 1879 592 1917 super
603 1888 708 1911 terram
722 1879 799 1910 suam
812 1883 929 1910 venerit.

194 1918 232 1950 Et
247 1943 257 1957 ,
289 1919 402 1956 quando
425 1918 598 1950 voluerimus
618 1919 721 1949 habere
741 1917 884 1950 servitium
907 1917 986 1957 quod
1014 1918 1098 1947 nobis
1123 1916 1210 1947 debet

148 1958 246 1998 suum,
264 1957 367 1988 scilicet
387 1956 487 1996 viginti
511 1956 636 1994 quinque
660 1956 783 1996 Milites,
805 1958 898 1987 mittet
921 1967 969 1988 eos
991 1956 1074 1987 nobis
1097 1956 1127 1985 in
1147 1955 1210 1985 An-

151 1997 238 2037 gliam
251 1995 286 2026 ad
302 1995 414 2026 eristum
431 1995 528 2032 suum,
548 1995 582 2025 &
598 2005 613 2024 a
627 1994 673 2025 die
685 2005 744 2033 quo
759 1995 943 2034 applicuerint
956 1997 986 2026 in
1007 1994 1140 2035 Angliam
1156 1993 1211 2024 ser-

151 2037 231 2066 vient
245 2034 319 2065 nobis
333 2033 368 2064 ad
384 2032 495 2064 custum
510 2033 640 2063 nostrum
652 2043 701 2071 per
721 2042 776 2064 tres
799 2034 985 2074 quadragenas
1003 2033 1131 2071 dierum,
1149 2032 1213 2063 ubi-

153 2083 268 2112 cunque
284 2072 457 2104 voluerimus
469 2073 501 2102 in
516 2071 632 2111 Anglia‚
650 2073 684 2103 &
699 2082 767 2102 cum
783 2082 906 2110 corpore
920 2071 1020 2104 nostro
1035 2072 1118 2102 ibunt
1140 2080 1214 2109 quo-

153 2121 280 2150 cumque
298 2112 339 2141 ire
358 2110 550 2149 voluerimus,
568 2111 603 2142 &
621 2110 687 2141 inde
706 2111 880 2142 remittemus
903 2121 952 2143 eos
972 2109 1007 2142 ad
1026 2109 1139 2142 custum
1155 2119 1215 2140 nos-

155 2157 229 2180 trum
242 2151 272 2180 in
287 2158 391 2180 terram
404 2149 489 2180 suam.

195 2188 352 2226 Praeterea,
372 2188 391 2218 fi
406 2187 442 2219 de
455 2197 528 2219 terra
541 2187 622 2228 ipsius
634 2186 782 2225 servientes
795 2189 899 2220 habere
910 2188 1084 2222 voluerimus
1105 2186 1139 2218 ad
1161 2186 1216 2217 ser-

158 2228 261 2259 vitium
281 2226 412 2266 nostrum
426 2251 436 2265 ,
469 2227 613 2257 mittemus
633 2226 668 2257 ad
689 2227 779 2266 ipsum
801 2227 923 2266 aliquem
943 2227 980 2259 de
1001 2225 1102 2262 nostris
1119 2224 1154 2256 ad
1169 2235 1218 2257 eos

159 2265 326 2297 ducendum
343 2264 377 2295 ad
397 2275 467 2304 nos,
485 2266 515 2295 iri
534 2264 685 2306 Angliam,
702 2266 737 2298 δι’.
759 2269 850 2296 mittet
871 2265 945 2296 nobis
963 2266 1149 2306 quingentos,
1173 2263 1221 2295 vel

162 2304 242 2336 mille
253 2303 418 2343 servientes,
435 2303 482 2334 vel
497 2314 532 2334 eo
546 2303 681 2343 amplius,
700 2305 720 2335 si
733 2305 844 2335 necesse
865 2305 962 2344 fuerit,
982 2305 1015 2336 δε
1035 2304 1159 2336 inveniet
1182 2303 1221 2333 eis

162 2353 248 2374 naves
260 2341 295 2372 ad
306 2341 540 2372 transfretandum
553 2344 583 2372 in
598 2342 730 2382 Angliam
745 2343 779 2374 ad
791 2345 918 2375 denarios
932 2342 1062 2382 nostros,
1078 2339 1116 2376 ὠ·
1131 2353 1149 2371 a
1162 2342 1222 2380 die,

161 2392 212 2423 quo
228 2391 244 2411 a
258 2390 343 2420 portu
357 2381 518 2412 recesserint
532 2382 735 2413 transfretantes
751 2383 780 2412 in
800 2383 949 2422 Angliam,
968 2390 1048 2413 erunt
1067 2380 1102 2411 ad
1122 2380 1222 2410 libera-

162 2422 254 2451 tiones
274 2420 380 2451 nostras
401 2419 471 2456 dum
490 2420 595 2457 fuerint
614 2422 643 2451 in
663 2421 775 2452 servitio
795 2421 911 2459 nostro,
931 2422 964 2452 ὅ(
986 2420 1043 2459 ipse
1061 2420 1224 2456 manucepit

163 2458 244 2496 quod
258 2459 358 2490 milites
371 2460 405 2490 &
418 2459 583 2497 servientes,
598 2469 670 2497 quos
686 2460 794 2499 mittet,
808 2459 882 2491 bene
895 2461 928 2491 ὃς
941 2459 1059 2490 fideliter
1073 2458 1157 2489 nobis
1171 2458 1226 2488 ser-

165 2499 243 2529 vient
278 2496 349 2528 dum
364 2497 468 2527 fuerint
478 2498 507 2526 in
518 2497 628 2528 servitio
641 2497 749 2529 nostro.

204 2520 266 2574 lpse
286 2546 356 2566 vero
378 2535 465 2566 nobis
479 2535 646 2576 homagium
664 2536 733 2567 fecit
767 2536 800 2568 &
814 2536 850 2567 de
861 2535 916 2567 fide
929 2536 1013 2568 nobis
1027 2535 1176 2573 servanda,
1193 2535 1228 2565 &

168 2573 211 2642 ge)
217 2573 356 2641 praffiiffis
369 2574 452 2605 nobis
464 2572 580 2605 firmiter
595 2574 721 2605 tenendis
725 2560 929 2615 sacramentum
944 2575 1028 2606 nobis
1053 2573 1182 2613 praestitit
1199 2575 1229 2604 in

212 2621 247 2642 na
300 2621 324 2641 e.

206 2649 244 2680 Et
263 2659 334 2688 nos,
349 2660 404 2689 pro
425 2649 562 2690 homagio
580 2651 615 2685 &
636 2650 749 2685 servitio
772 2651 822 2683 suo
837 2651 993 2690 praedie‘to,
1008 2651 1136 2682 dedimus
1154 2652 1179 2681 ei
1197 2650 1231 2681 &

170 2687 343 2719 Haeredibus
365 2689 432 2728 suis,
455 2699 505 2727 per
526 2698 648 2728 annum,
673 2690 703 2719 in
725 2690 860 2728 feodum,
885 2690 1097 2730 quadringentas
1120 2688 1233 2719 Marcas

175 2726 227 2764 (ad
249 2726 381 2758 Marcam
568 2727 579 2765 )
603 2727 638 2758 ad
659 2727 765 2760 Pascha
784 2729 975 2767 percipiendas
997 2728 1032 2760 ad
1054 2728 1233 2760 Scaccarium

175 2764 306 2796 nostrum
319 2765 457 2796 London.

211 2803 250 2834 Et
265 2803 324 2842 ipse
336 2803 416 2841 ligius
430 2801 521 2834 homo
535 2803 631 2834 noster
642 2803 790 2845 deveniet,
804 2805 841 2837 de
856 2805 994 2844 praediCto
1013 2804 1120 2843 feodo,
1137 2812 1237 2835 contra

176 2842 446 2881 omnesmortales,
463 2841 498 2873 ad
520 2851 624 2874 terram
645 2843 772 2874 nostram
792 2845 904 2885 Angliae
926 2844 1150 2883 defendendam,
1168 2844 1187 2864 *³
1203 2844 1237 2874 &

177 2881 259 2911 aliam
270 2888 375 2911 terram
398 2880 523 2912 nostram
542 2881 775 2922 perquirendam,
793 2892 848 2914 ηερ
869 2884 905 2914 ab
924 2884 1060 2923 homagio
1083 2883 1130 2913 vel
1149 2881 1239 2914 fideli-

177 2927 234 2952 tate
247 2918 343 2962 nostra
357 2929 411 2960 pro
423 2919 514 2958 aliqua
526 2929 574 2959 re,
592 2920 638 2952 vel
653 2931 706 2960 pro
720 2921 815 2961 aliquo
829 2922 884 2954 alio
899 2923 1019 2954 homine
1031 2920 1152 2953 recedet.

215 2957 353 2989 Testibus
367 2967 399 2992 ut
410 2959 546 3002 proximo
560 2960 647 2997 supra.

222 3033 292 3066 Dat.
317 3043 366 3072 pei·
386 3043 485 3071 manus
506 3034 676 3071 Cancellarii
693 3036 805 3076 nostri,
835 3037 909 3076 apud
928 3036 1058 3070 Novum
1083 3035 1244 3074 Templum

183 3072 321 3148 {ioan-‹tign-
345 3067 482 3110 vicesimo
502 3083 583 3108 nono
600 3074 648 3106 die
670 3075 788 3116 MartiI,
804 3086 881 3111 anno
902 3075 1000 3117 Regni
1017 3072 1107 3107 nostri
1127 3075 1243 3106 decimo

206 3121 225 3141 u
290 3133 296 3139 .

340 3240 453 3272 Forma
474 3241 563 3289 Bacis
584 3242 662 3273 inter
684 3243 792 3288 Regem
815 3244 852 3280 ὠ
878 3239 1096 3276 Sacerdotium.

230 3320 385 3368 ohannes,
401 3321 460 3353 Dei
472 3322 574 3364 gratia,
592 3324 658 3356 Rex
679 3324 808 3366 Angliae‚
826 3326 960 3358 omnibus
982 3327 1129 3365 praesentes
1146 3326 1248 3358 litteras

240 3361 400 3400 inspecturis
418 3361 541 3392 salutem.

231 3400 287 3431 Per
305 3400 352 3430 has
373 3406 496 3443 patentes
515 3400 629 3440 litteras,
648 3402 737 3439 sigillo
757 3402 856 3434 nostro
877 3406 1014 3443 munitas,
1040 3403 1173 3435 volumus
1193 3403 1249 3433 esse

194 3444 299 3484 notum
313 3437 409 3478 qued,
426 3438 509 3468 nobis
521 3439 718 3484 praesentibus,
735 3441 765 3471 hi
777 3451 897 3479 quatuor
912 3442 1048 3480 Baroiies,
1067 3442 1250 3479 Willielmus,

194 3477 313 3515 scilicet,
339 3474 448 3507 Comes
466 3474 630 3508 Saresberiae
650 3479 734 3509 frater
753 3479 862 3518 noster,
889 3481 922 3511 Sc
944 3481 1118 3512 willielmus
1140 3480 1250 3511 Comes

193 3515 333 3552 Bononiae
343 3540 354 3560 ,
373 3514 544 3558 Willielmus
563 3514 673 3559 Comes
693 3515 849 3548 Warennae
867 3542 876 3557 ,
894 3520 927 3550 &
948 3520 1119 3550 Willielmus
1139 3519 1251 3550 Comes

193 3553 231 3585 de
244 3554 268 3584 F
269 3553 388 3593 errariis,
402 3560 566 3592 juraverunt
577 3563 607 3583 in
620 3556 742 3585 animam
756 3556 882 3587 nostram
900 3557 979 3596 quod
993 3568 1046 3588 nos
1069 3557 1250 3595 subscriptam

193 3593 270 3632 pacis
283 3592 497 3636 formam-bona
509 3590 563 3621 fide
576 3601 627 3636 per
638 3593 736 3623 omnia
746 3595 906 3626 curabimus
918 3596 1074 3632 observare.

235 3631 270 3662 In
292 3631 390 3670 primis
409 3639 503 3669 itaque
524 3629 671 3661 solenmter
685 3630 718 3661 &
730 3631 853 3664 absolute
864 3634 1017 3671 juravimus
1032 3634 1104 3666 stare
1117 3632 1251 3668 mandatis

196 3668 322 3701 Domini
342 3669 445 3708 Papae,
462 3678 562 3700 coram
579 3669 636 3708 ejus
660 3668 768 3708 Legato
788 3678 834 3701 aut
855 3671 979 3703 Nuncio
1000 3673 1079 3711 super
1100 3672 1254 3710 omnibus3r

196 3717 252 3746 pro
276 3708 378 3747 quibus
398 3708 638 3739 excommunicati
658 3707 750 3737 sumus
769 3708 805 3737 ab
823 3709 899 3748 ἱρῷ,
924 3711 958 3742 &
978 3721 1077 3742 veram
1098 3720 1198 3748 pacem
1217 3711 1252 3741 ἃς

196 3747 311 3784 plenam
324 3746 500 3778 securitatem
513 3745 703 3784 praestabimus
724 3747 928 3778 venerabilibus
950 3749 1014 3779 viris
1032 3750 1176 3787 Stephano
1198 3748 1254 3779 Ar-

195 3785 262 3817 chie
281 3786 338 3818 isco
360 3796 380 3816 o
400 3784 593 3816 cantuariensi
627 3784 787 3815 willielmo
809 3783 1018 3826 Londoniensi,
1037 3788 1192 3818 Eustachio
1214 3787 1254 3818 E-

197 3822 235 3854 lie
266 3835 298 3863 i,
324 3796 590 3867 AEgidio'Herefor
612 3823 690 3867 ensit,
711 3820 844 3861 Joceliiio
866 3822 1043 3857 Bathoniensi
1064 3828 1098 3857 ὅ(
1119 3825 1256 3857 Huberto

200 3861 394 3900 Lincohiienfi
407 3860 510 3900 Episco
532 3872 568 3901 is,
586 3862 679 3892 Priori
694 3870 809 3899 quoque
821 3860 854 3890 &
877 3860 1031 3894 Monachis
1051 3864 1257 3894 Cantuariensi-

200 3898 269 3938 bus,
286 3901 321 3931 &3
342 3900 477 3932 Roberto
527 3902 556 3930 io
575 3900 714 3938 Walteri,
732 3900 765 3930 &
785 3897 939 3930 Eustachio
953 3899 989 3930 de
1003 3901 1105 3941 Vesci,
1123 3912 1176 3932 nec
1196 3912 1256 3933 non

201 3937 236 3966 &
257 3939 366 3969 caeteris
388 3937 507 3970 Clericis
529 3940 562 3970 &
585 3939 676 3969 Laicis
698 3938 732 3968 ad
754 3937 811 3968 hoc
831 3946 851 3966 n
886 3937 980 3969 otium
1009 3942 1107 3971 contin
1127 3941 1257 3971 entibus:

202 3975 361 4011 praestando
380 3977 461 4008 simul
477 3987 576 4008 coram
590 3976 694 4007 eodem
708 3977 816 4016 Legato
830 3985 866 4005 ve
891 3975 1033 4016 Delegato
1053 3979 1112 4019 pub
1123 3980 1167 4008 ice
1188 3979 1260 4016 jura-

204 4021 352 4054 mentum,
370 4015 450 4053 quod
463 4016 543 4056 ‘ipsos
562 4026 630 4046 curn
652 4014 702 4045 suis
721 4025 775 4045 nec
799 4012 950 4052 laedemus,
966 4025 1020 4047 nec
1032 4016 1097 4048 laedi
1108 4017 1259 4056 faciemus,

204 4059 259 4080 nec
274 4053 487 4094 permittemus,
503 4055 533 4084 in
548 4053 688 4092 personis,
705 4053 752 4084 vel
766 4051 866 4090 rebuS,
881 4051 986 4090 illisque
998 4056 1171 4085 dimittemus
1194 4064 1260 4085 om-

205 4096 275 4120 nem
288 4089 512 4129 indignationem
532 4093 566 4126 &
582 4094 612 4125 in
627 4092 744 4132 gratiam
758 4090 882 4124 nostram
896 4090 1009 4125 eosdem
1029 4093 1211 4132 recipiemus,
1229 4101 1262 4124 ac

1229 205 1704 255 PUBLICA.
2212 220 2265 265 55-

1211 292 1370 323 tenebimus
1381 293 1458 337 bona
1472 292 1541 336 fide:
1562 296 1696 334 quodque
1717 297 1847 335 praefatos
1864 297 2117 337 Archiepiscopum
2133 297 2167 329 &
2184 296 2266 336 Epis-
2284 291 2414 325 Anno.

1213 340 1303 374 copos
1329 341 1393 375 non·
1412 331 1598 376 impediemus
1624 344 1677 365 nec
1702 335 1834 368 faciemus
1859 338 1904 369 vel
1922 338 2117 376 permittemus
2135 336 2266 373 aliquate-
2314 340 2397 370 12132

1213 379 1265 399 nus
1289 369 1441 413 impediri,
1460 379 1533 413 'quo
1549 380 1650 413 'minus
1674 373 1723 410 ipsi
1749 375 1834 405 libere
1851 376 1931 406 suum
1950 383 2119 414 exequantur
2137 374 2268 405 officium

1215 406 1249 438 ὃς
1269 407 1358 445 plenae
1370 407 1568 453 jurisdictionis
1581 408 1635 440 suae
1649 411 1813 443 authoritate
1825 422 1909 450 prout
1923 414 2027 445 debent
2042 421 2161 445 utantur.

1254 444 1293 477 Et
1306 446 1386 490 super
1398 446 1441 476 his
1456 455 1516 489 tarn
1529 445 1664 478 Domino
1678 447 1780 489 Papae,
1800 452 1885 489 quam
1908 452 1957 489 ipsi
1979 451 2216 492 Archiepiscopo,
2233 451 2268 482 &

1217 483 1257 513 sin
1278 484 1327 528 ulis
1349 483 1493 528 Episcopis
1515 483 1623 528 nostras
1641 494 1765 526 patentes
1786 488 1886 519 litteras
1909 490 2121 529 exhibebimus,
2139 490 2272 520 facientes

1218 521 1254 552 ab
1295 522 1431 566 piscopis,
1450 524 1484 554 &
1498 521 1679 562 Comitibus,
1697 525 1731 554 ὃς
1746 525 1898 557 Batonibus
1920 527 2039 567 nostris,
2057 537 2127 567 quot
2145 529 2178 559 δε
2201 537 2273 566 quos

1220 560 1325 597 praefati
1339 560 1574 598 Archiepiscopus
1588 562 1623 592 &
1636 561 1769 600 Episcopi
1782 563 1923 602 postulant
1961 566 2111 597 'uramenta
2126 568 2160 598 δε
2173 574 2276 597 eorum

1219 598 1321 628 litteras
1362 607 1465 643 arentes
1488 599 1628 643 exhiberi,
1653 600 1731 638 quod
1752 602 1801 638 ipii
1823 601 1900 632 bona
1919 574 1975 632 iidje
1995 603 2146 635 studebunt
2159 612 2191 635 ut
2213 604 2276 634 haec

1221 646 1273 674 pax
1287 638 1321 668 &
1346 646 1462 668 ecuritas
1475 636 1591 668 firmiter
1602 638 1773 670 observetur.

1259 674 1313 714 Et,
1332 675 1352 706 fi
1374 676 1448 706 forte
1461 699 1471 714 ,
1496 675 1575 718 quod
1596 675 1677 707 Deus
1699 685 1820 716 avertat,
1836 686 1886 715 per
1901 678 2055 716 nosipsos,
2069 679 2115 709 vel
2125 680 2192 711 alios
2206 689 2278 711 con-

1223 715 1423 744 travenerimus
1437 738 1446 751 ‚
1471 714 1521 751 ipli
1534 738 1544 751 ,
1568 724 1621 754 pro
1639 714 1764 746 Ecclesia
1778 740 1788 755 ‚
1811 725 1911 748 contra
1924 717 2072 748 violatores
2086 717 2231 748 securitatis
2244 720 2278 749 δε

1225 752 1297 819 Bacis
1310 751 1443 782 mandatis
1460 751 1632 791 Apostolicis
1644 753 1836 793 inhaerebunt,
1851 754 1959 795 nosque
1971 763 2108 794 perpetuo
2122 757 2282 787 vacantium

1253 790 1415 820 eclesiarum
1430 790 1569 821 custodias
1585 792 1752 823 amittamus.

1264 828 1372 871 Qiod,
1390 829 1410 858 fi
1424 828 1499 858 forte
1512 830 1720 867 nequiverimus
1735 829 1769 861 ad
1784 831 1858 862 hanc
1872 830 2003 863 ultimam
2013 839 2122 872 partem
2132 831 2283 871 juramenti

1227 874 1276 895 eos
1294 865 1430 896 inducere
1442 889 1451 904 ,
1469 866 1600 898 videlicet
1613 892 1623 905 ,
1646 870 1718 908 quod
1722 869 1748 909 fi
1758 877 1807 907 per
1819 870 1918 908 nofinet
1932 870 2014 910 ipfin,
2034 869 2083 900 vel
2095 869 2162 900 alios
2176 877 2282 900 contra‘

1229 907 1381 933 venerimus
1394 927 1403 942 ,
1426 907 1452 942 ip
1462 915 1471 931 ι
1514 913 1564 951 pro
1577 905 1693 947 Ecclesia
1701 930 1711 945 ,
1730 915 1823 937 contra
1834 907 1981 938 violatores
1994 912 2067 946 pacis
2081 907 2119 943 ὠ·
2127 909 2284 954 securitatis

1229 943 1367 973 mandatis
1379 946 1442 979 Apo
1466 927 1536 972 osias
1549 944 1737 975 inhaerebunt:
1757 945 1842 984 Nos,
1860 956 1975 984 propter
1987 947 2064 984 hoc,
2081 947 2216 978 Domino
2229 945 2284 976 Pa-

1230 988 1276 1016 pae
1296 990 1329 1009 ac
1347 979 1480 1023 Ecclesiae
1499 980 1644 1017 Romanae
1656 1008 1666 1021 ,
1690 993 1740 1021 per
1755 983 1860 1013 nostras
1876 994 1998 1022 parentes
2011 985 2129 1023 litteras,
2146 985 2285 1024 obligavi⁴

1228 1026 1294 1046 mus
1314 1027 1402 1048 omne
1417 1027 1462 1055 jus
1479 1027 1642 1060 patronatus
1665 1021 1745 1058 quod
1765 1020 1902 1052 habemus
1922 1025 1952 1052 in
1965 1022 2096 1053 Eccleiiis
2109 1024 2285 1062 Anglicanis:

1232 1053 1271 1084 Et
1291 1054 1329 1085 sic
1349 1065 1449 1085 omnes
1467 1055 1568 1099 litteras
1580 1080 1590 1094 ,
1614 1067 1679 1094 quae
1700 1068 1752 1096 pro
1767 1059 1910 1089 securitate
1921 1061 2122 1097 praedistorum
2135 1060 2198 1092 sunt
2210 1061 2287 1091 exhi-

1232 1091 1489 1137 bendae‚·praefatis
1501 1093 1724 1137 Archiepiscopo
1743 1097 1776 1127 &
1791 1095 1934 1136 Episcopis
1953 1107 2016 1129 ante
2033 1099 2113 1130 suum
2134 1099 2289 1139 ingressum

1233 1140 1263 1160 in
1277 1130 1411 1170 Angliam
1425 1131 1648 1162 transmittemus.

1272 1169 1302 1199 Si
1329 1180 1400 1200 vero
1420 1169 1504 1200 nobis
1518 1170 1669 1208 placuerit,
1691 1169 1832 1209 sepefatus
1851 1170 2082 1211 Archiepiscopus
2104 1177 2137 1206 ὃς
2157 1175 2290 1214 Episcopi

1234 1207 1407 1244 praestabunt
1418 1231 1429 1247 ,
1452 1208 1528 1238 salvo
1540 1208 1652 1239 honore
1668 1208 1726 1239 Dei
1741 1210 1774 1240 &
1788 1210 1938 1248 Ecclefiae,
1953 1213 2114 1249 juratoriam
2129 1216 2292 1245 cautionem

1236 1246 1271 1276 &
1284 1245 1479 1285 literatoriam,
1499 1246 1577 1284 quod
1590 1247 1656 1285 ipsi,
1674 1256 1729 1277 nec
1743 1258 1793 1288 per
1808 1248 1850 1287 se,
1868 1259 1923 1279 nec
1938 1258 1988 1286 per
2000 1249 2102 1287 alium,
2120 1260 2218 1281 contra
2231 1262 2294 1289 per-

1237 1284 1335 1329 sonam
1349 1284 1477 1329 nostram
1490 1285 1537 1315 vel
1552 1295 1692 1316 coronam
1706 1286 1833 1317 nostram
1854 1287 1957 1325 aliquid
1976 1288 2198 1326 attemptabunt,
2214 1290 2295 1320 nobis

1239 1323 1407 1360 praedffltam
1422 1333 1459 1353 eis
1473 1332 1573 1360 pacem
1587 1325 1620 1354 &
1634 1324 1809 1356 securitatem
1821 1325 1989 1356 servantibus
2001 1326 2143 1356 illibatam.

1275 1361 1324 1392 De
1342 1361 1436 1392 ablatis
1457 1370 1551 1392 autem
1571 1362 1684 1403 plenam
1706 1363 1913 1395 restitutionem
1929 1388 1939 1402 ,
1965 1365 1999 1395 ὃς
2013 1363 2049 1394 de
2062 1365 2171 1395 damnis
2183 1374 2297 1396 recoma

1240 1399 1434 1439 pensationem
1461 1399 1649 1431 sufficientem
1670 1402 1804 1432 omnibus
1831 1402 2027 1440 impendemus
2042 1426 2053 1442 ,
2077 1404 2137 1434 tam
2158 1402 2276 1434 Clericis
2289 1426 2300 1442 ‚

1239 1439 1330 1477 quam
1343 1438 1434 1482 Laicis
1442 1463 1456 1482 ,¹
1466 1439 1502 1469 ad
1516 1439 1574 1469 hoc
1589 1441 1738 1479 negotium
1753 1441 1987 1480 pertingentibus,
2005 1451 2065 1471 non
2080 1441 2172 1472 solum
2187 1452 2281 1472 rerum
2290 1466 2300 1481 ,

1241 1478 1280 1508 set
1293 1487 1427 1508 omniurn
1439 1477 1614 1508 libertatum:
1634 1479 1667 1509 &
1681 1478 1814 1509 restitutas
1826 1479 2054 1510 conservabimus
2074 1480 2228 1519 libertates,
2247 1480 2302 1511 Ar-

1244 1515 1427 1554 chiepiscopo
1441 1515 1557 1554 quidem
1571 1517 1604 1547 &
1619 1516 1763 1555 Episcopo
1777 1517 1969 1548 Lincolnienfi
1987 1528 2002 1548 a
2015 1526 2146 1559 ternpore
2159 1519 2214 1549 suae
2229 1529 2302 1550 con-

1244 1555 1403 1586 secrationis
1412 1579 1421 1592 ,
1438 1554 1495 1584 aliis
1509 1563 1604 1585 autem
1626 1566 1642 1586 a
1653 1564 1782 1594 tempore
1796 1555 1943 1587 discordiae
1956 1557 2106 1587 inchoatae.

1282 1592 1360 1624 Non
1378 1593 1501 1624 obstabit
1520 1593 1611 1632 aliqua
1633 1595 1728 1632 padiio
1739 1618 1749 1632 ,
1775 1595 1822 1626 vel
1840 1593 2006 1633 promiffio,
2025 1595 2071 1626 seu
2086 1595 2232 1626 concessio
2245 1604 2305 1633 quo

1244 1632 1338 1662 minus
1351 1632 1384 1663 &
1400 1631 1502 1662 damna
1515 1632 1782 1671 recompensentur,
1800 1634 1834 1664 &
1847 1633 2026 1664 restituantur
2044 1633 2132 1666 ablata
2146 1635 2206 1664 tam
2221 1635 2306 1665 vivo-

1246 1679 1311 1700 rum
1330 1670 1417 1708 quam
1431 1671 1466 1701 &
1479 1670 1701 1710 defundiorum3
1719 1681 1774 1701 nec
1789 1671 1893 1711 aliquid
1907 1672 2087 1703 retinebimus
2101 1681 2237 1710 praetextu
2252 1672 2307 1703 sei·-

1246 1709 1308 1740 vitii
1322 1708 1400 1747 quod
1415 1709 1497 1739 nobis
1509 1708 1641 1740 debuerat
1656 1709 1799 1749 impendi,
1815 1710 1861 1742 sed
1873 1710 1970 1750 postea
1984 1711 2066 1742 nobis
2080 1709 2175 1742 debita
2186 1721 2240 1749 pro
2253 1711 2308 1743 ser-

1247 1749 1318 1778 vitio
1333 1748 1558 1785 recompensatio
1573 1749 1719 1779 tribuetur.

1284 1786 1443 1825 Statimque
1453 1796 1570 1825 omnes,
1589 1797 1659 1826 quos
1681 1787 1857 1827 dednemrm,
1875 1787 2004 1820 Clericos
2018 1789 2153 1820 faciemus
2167 1788 2310 1820 absolutos

1248 1824 1367 1863 dimitti,
1385 1835 1418 1855 ac
1433 1824 1539 1856 restitui
1555 1825 1679 1864 propriae
1700 1826 1833 1866 libertati,
1852 1836 1922 1858 curn
1943 1827 2053 1867 Laicis,
2070 1829 2120 1867 qui
2132 1827 2212 1866 hujus
2225 1836 2312 1859 occa-

1249 1863 1327 1894 sione
1342 1865 1449 1904 negotii
1463 1863 1630 1895 detinentur.

1285 1901 1500 1933 Incontinenter
1536 1912 1632 1941 uoque
1645 1902 1710 1941 post
1722 1902 1877 1935 adventum
1892 1904 1963 1934 illius
1971 1928 1980 1942 ,
1992 1906 2043 1943 qui
2056 1911 2109 1934 nos
2122 1904 2207 1936 debet
2220 1903 2315 1935 absol-

1250 1950 1335 1979 vere,
1353 1940 1489 1975 faciemus
1511 1911 1647 1984 ‹ie-parte
1665 1940 1846 1972 restitutionis
1866 1942 2026 1973 ablatorum
2048 1942 2119 1979 06ὶο
2134 1943 2220 1973 millia
2232 1943 2315 1974 libra-

1250 1989 1316 2009 rum
1329 1979 1338 2010 l
1374 1979 1460 2010 alium
1473 1977 1584 2009 esterlin
1604 1989 1690 2010 orum
1704 1979 1724 2000 ²*
1738 1989 1792 2017 pro
1804 1980 1943 2011 solvendis
1957 1980 2116 2019 debitis,&
2125 1981 2256 2012 faciendis
2269 1990 2318 2012 ex-

1252 2018 1342 2055 pensis
1401 2018 1491 2048 unciis
1533 2027 1571 2048 rae
1601 2017 1718 2048 &orum
1739 2017 1924 2057 Archiepisco
1945 2020 1971 2058 i,
1987 2020 2020 2051 &
2036 2019 2265 2058 Episcoporurn,
2282 2022 2316 2052 δε

1254 2056 1474 2087 Monachorum
1496 2028 1742 2094 (Fanniarienfium
1755 2056 1901 2097 affignan',
1930 2068 1976 2089 ine
1998 2057 2205 2096 impedimento
2226 2059 2320 2098 quoli—

1254 2095 1319 2133 bet,
1336 2104 1387 2133 per
1400 2093 1570 2133 potestatem
1583 2094 1729 2134 nostram,
1747 2093 1781 2126 ad
1795 2105 1844 2126 eos
1856 2096 1944 2128 libere
1962 2096 2201 2136 deferendorum,
2219 2106 2251 2128 ut
2271 2107 2320 2128 ex-

1256 2133 1343 2173 pediti
1355 2134 1468 2165 veniant
1483 2134 1513 2163 in
1525 2132 1675 2173 Angliam,
1693 2132 1854 2165 honorifice
1875 2136 2019 2174 revocati,
2038 2133 2185 2174 videlicet,
2201 2136 2320 2174 Stepha-

1257 2176 1298 2203 no
1318 2170 1511 2204 Cantuarienfi
1531 2171 1774 2211 Archiepiscopo,
1799 2172 1858 2204 duo
1878 2174 1963 2205 millia
1982 2175 2016 2206 &
2038 2174 2204 2213 quingentas
2221 2175 2319 2205 libras:

1259 2211 1422 2243 Willielmo
1436 2210 1631 2243 Londoniensi
1645 2211 1828 2252 septingentas
1843 2213 1877 2244 &
1894 2215 1963 2252 quin
1984 2214 2093 2252 uaginta
2105 2212 2202 2243 libras:
2222 2212 2322 2244 Eusta-

1261 2250 1330 2282 chio
1346 2248 1384 2282 El
1404 2249 1461 2281 ensi
1479 2250 1663 2290 septingentas
1684 2251 1719 2282 &
1741 2251 1865 2290 quinqua
1887 2253 1941 2282 'nta
1956 2252 1975 2282 li
1996 2261 2053 2283 ras:
2069 2250 2205 2290 Jocelino
2218 2250 2323 2283 Batho-

1261 2289 1348 2321 niensi
1379 2290 1550 2328 eptingentas
1572 2290 1606 2321 &
1629 2289 1719 2328 quinq
1776 2291 1781 2296 '
1804 2297 1831 2320 ta
1851 2290 1870 2321 li
1893 2300 1947 2320 ras:
1973 2289 2110 2321 Huberto
2133 2289 2325 2322 Lincolnienfi

1261 2327 1444 2369 septingentas
1462 2329 1496 2359 &
1538 2328 1718 2368 uinquaginta
1735 2328 1755 2359 li
1776 2338 1834 2359 ras:
1860 2328 1953 2360 Priori
1971 2330 2005 2361 &
2027 2328 2182 2360 Monachis
2202 2327 2326 2361 Cantua-

1263 2366 1397 2398 riensibus
1413 2366 1490 2397 mille
1504 2366 1524 2397 li
1545 2377 1594 2397 ras.

1302 2405 1341 2437 Et
1361 2406 1489 2444 protinus
1502 2429 1512 2444 ,
1535 2405 1687 2444 postquam
1705 2415 1808 2444 pacem
1826 2405 1904 2437 illam
1923 2405 2086 2437 duxerimus
2107 2415 2176 2437 acce
2196 2405 2329 2443 tandam,

1265 2443 1391 2484 assignari
1410 2444 1566 2483 faciemus,
1592 2444 1695 2483 absque
1713 2454 1795 2475 mora
1808 2469 1818 2483 ,
1845 2445 2084 2484 Archiepiscopo,
2111 2445 2145 2476 &
2212 2444 2329 2483 iscopis,

1266 2482 1404 2522 Clericis,
1421 2493 1455 2514 ac
1468 2482 1602 2514 Ecclesiis
1615 2482 1748 2514 universis
1760 2484 1791 2513 in
1805 2483 1933 2514 manibus
1947 2483 2138 2515 Nunciorum
2152 2493 2188 2515 ve
2203 2516 2205 2520 ¹
2220 2482 2329 2513 Procu-

1268 2528 1396 2555 ratorum
1415 2521 1558 2560 ipsorum,
1575 2521 1692 2552 mobilia
1711 2523 1808 2552 omnia
1829 2531 1899 2552 cum
1916 2520 2158 2554 administratione
2180 2522 2266 2552 libera
2280 2530 2330 2552 eo-

1269 2559 1402 2591 rumdem
1411 2584 1420 2597 ,
1439 2561 1472 2591 &
1487 2561 1516 2590 in
1529 2570 1599 2598 pace
1613 2559 1725 2590 dimitti.

1308 2598 1495 2630 Interdictum
1508 2608 1596 2637 vero,
1614 2598 1745 2636 utlagatio
1765 2597 1915 2637 vulgariter
1934 2606 2147 2636 nuncupatum,
2165 2597 2244 2636 quod
2261 2607 2331 2635 pro-

1272 2637 1342 2676 poni
1354 2637 1473 2668 fecimus
1487 2645 1588 2667 contra
1602 2635 1806 2667 Ecclesiasticas
1820 2636 1947 2674 personas
1956 2661 1965 2674 ,
1984 2637 2099 2674 publice
2111 2637 2332 2674 revocavimus,

1273 2674 1455 2713 protestando
1469 2684 1519 2713 per
1532 2674 1639 2705 nostras
1652 2683 1775 2712 patentes
1787 2674 1875 2705 literas
1910 2675 2135 2713 Archiepiscopo
2155 2673 2333 2713 tribuendas,

1272 2713 1302 2744 id
1321 2711 1357 2743 ad
1375 2723 1427 2744 nos
1448 2713 1601 2744 nullatenus
1620 2714 1785 2751 pertinere,
1810 2699 1946 2752 quod’que
1963 2713 2032 2744 illud
2051 2713 2087 2744 de
2106 2721 2213 2744 caetero
2233 2721 2334 2743 contra

1276 2750 1480 2782 Ecclesiasticas
1500 2751 1628 2789 personas
1648 2751 1803 2782 nullatenus
1827 2751 1960 2783 faciemus
1986 2752 2130 2789 proponi:
2169 2760 2335 2782 revocantes

1275 2790 1410 2830 praeterea
1427 2790 1626 2830 utlagationem
1647 2790 1802 2821 Laicorum
1819 2789 1853 2820 ad
1873 2791 1930 2820 hoc
1952 2791 2100 2829 negotium
2114 2791 2334 2828 pertinentium,

1278 2830 1312 2861 &
1332 2831 1504 2860 remittentes
1520 2830 1619 2860 omnia
1638 2839 1702 2866 quae
1720 2828 1786 2867 post
1798 2828 1979 2859 interdictum
1994 2829 2151 2866 recepimus
2163 2829 2198 2858 ab
2211 2828 2337 2858 homini-

1278 2865 1330 2899 bus
1352 2867 1567 2906 Ecclesiasticis,
1583 2876 1683 2905 praeter
1702 2867 1799 2907 Regni
1819 2866 2050 2898 consuetudinem
2060 2868 2094 2899 &
2105 2866 2240 2897 Ecclesiae
2251 2866 2338 2896 liber-

1280 2914 1377 2938 tatem.

1319 2944 1349 2976 Si
1369 2955 1440 2976 vero
1456 2944 1534 2983 super
1554 2943 1662 2974 damnis
1675 2944 1721 2975 vel
1735 2944 1846 2983 ablatis,
1864 2951 1910 2975 aut
1923 2954 2023 2975 eorum
2040 2944 2191 2982 quantitate
2203 2943 2250 2975 vel
2266 2942 2340 2973 aesti-

1281 2985 1423 3021 matione,
1441 2982 1559 3021 quaestio
1579 2981 1662 3013 fuerit
1683 2982 1720 3013 de
1733 2983 1810 3014 faeto
1825 2983 1952 3020 suborta,
1970 2992 2019 3020 per
2034 2982 2176 3022 Legatum
2187 2982 2236 3014 vel
2250 2981 2339 3012 Dele-

1280 3030 1377 3063 gatum
1390 3021 1514 3052 Domini
1527 3021 1611 3059 Papae
1623 3022 1740 3060 receptis
1753 3019 1965 3059 probationibus
1978 3021 2151 3051 terminetur.

1321 3060 1374 3099 Et,
1399 3061 1441 3090 his
1458 3059 1592 3090 omnibus
1611 3059 1664 3089 rite
1686 3060 1821 3097 peractis,
1846 3058 2010 3089 relaxabitur
2030 3058 2162 3089 sententia
2180 3057 2340 3095 interdirsti3

1283 3099 1363 3137 super
1383 3099 1489 3129 caeteris
1509 3105 1602 3128 autem
1622 3097 1764 3135 capitulis,
1783 3096 1802 3127 fi
1824 3105 1886 3134 quae
1904 3096 2007 3127 fuerint
2020 3097 2207 3127 dubitationes
2221 3097 2341 3127 subortx

1284 3137 1321 3168 de
1343 3138 1442 3176 quibus
1461 3137 1565 3167 merito
1586 3135 1686 3166 debeat
1705 3135 1840 3172 dubitari,
1858 3135 1909 3166 nisi
1928 3145 1978 3173 per
2001 3135 2141 3175 Legatum
2154 3136 2200 3166 vel
2219 3135 2341 3176 Delega-

1285 3185 1348 3206 tum
1363 3176 1487 3206 Domini
1500 3174 1584 3213 Papae
1596 3173 1632 3204 de
1651 3174 1772 3212 partium
1788 3173 1892 3204 fuerint
1908 3174 2052 3206 voluntate
2074 3174 2186 3212 sopitae,
2205 3173 2239 3203 ad
2258 3174 2339 3209 ipsius

1286 3214 1439 3246 referantur
1459 3213 1620 3251 arbitrium,
1639 3220 1670 3244 ut
1688 3212 1768 3250 super
1785 3211 1828 3242 his
1850 3221 1916 3251 quae
1937 3212 1993 3251 ipse
2013 3211 2171 3243 decreverit
2191 3210 2343 3241 observena

1286 3261 1340 3284 tur.

2336 1970 2463 2005 *1.171.

1325 3327 1415 3360 Teste
1434 3327 1541 3366 meipso
1561 3327 1634 3367 apud
1655 3327 1817 3359 Doveriam
1833 3326 1948 3359 decimo
1970 3327 2053 3358 tertio
2070 3325 2116 3357 die
2134 3323 2232 3362 Maii,
2263 3329 2340 3355 anno

1287 3368 1384 3408 Regni
1399 3367 1488 3397 nostri
1502 3366 1618 3397 decimo
1634 3368 1743 3405 quinto.

1290 3495 1339 3528 De
1370 3496 1448 3526 Pace
1479 3490 1703 3538 Archiepiftopo
1737 3489 1942 3531 Cantuarienfi
1961 3498 2015 3532 per
2036 3485 2213 3532 Johannem
2236 3489 2346 3533 Regem

1337 3540 1460 3586 concessa
1477 3566 1487 3583 ‚
1527 3552 1634 3573 necnon
1667 3537 1803 3573 libertate
1827 3538 1932 3582 [ἔσηνε
1964 3539 1996 3567 in
2021 3535 2171 3581 Angliam
2194 3546 2255 3570 una
2271 3546 2347 3569 -cum

1329 3590 1396 3636 fitis
1418 3587 1569 3623 veniendi.

1293 3670 1416 3736 REX
1431 3673 1590 3711 Stephano,
1606 3671 1664 3701 Dei
1677 3671 1761 3710 gratia
1773 3667 1908 3699 Cantuar.
1925 3667 2108 3707 Archiepisco
2158 3691 2168 3707 ,
2185 3669 2271 3701 totius
2286 3669 2347 3700 Ari-
2368 3671 2441 3702 Ann.
2456 3669 2496 3700 D.

1372 3713 1436 3753 gliae
1455 3711 1587 3747 Primati',
1603 3710 1637 3740 &
1658 3709 1768 3739 Sanetae
1786 3707 1930 3738 Romanae
1950 3707 2086 3737 Ecclesiae
2135 3706 2262 3746 ardinali,
2280 3708 2350 3738 salu-⁴
2389 3718 2472 3747 1213.

1292 3759 1361 3781 tem.
2367 3751 2418 3776 Aa.
2444 3756 2484 3781 15·

1331 3788 1427 3819 Sciatis
1442 3785 1519 3825 quod
1533 3783 1685 3815 secundum
1698 3783 1824 3814 formam
1846 3782 1966 3814 mandati
1985 3783 2110 3815 Domini
2129 3785 2163 3815 δε
2186 3784 2350 3815 venerabilis
2370 3786 2431 3819 vola.

1295 3828 1377 3865 patris
1392 3826 1480 3857 nostri
1494 3823 1669 3859 innocentii,
1687 3820 1745 3852 Dei
1766 3823 1867 3863 gratia,
1885 3823 1987 3852 summi
2005 3821 2166 3860 Pontificis,
2181 3833 2277 3854 veram
2303 3833 2348 3860 pa·
2370 3829 2426 3852 Par.
2449 3831 2488 3857 15·

1297 3875 1363 3896 cem
1375 3875 1409 3896 ac
1422 3865 1533 3902 plenam
1548 3861 1722 3891 securitatem
1736 3861 1818 3892 vobis
1831 3861 2008 3899 praestamiis3
2024 3871 2140 3891 necnon
2155 3863 2277 3898 caereris,
2289 3862 2349 3890 tam
2369 3862 2467 3900 Jalam-

1297 3903 1434 3940 Clericis,
1453 3901 1537 3939 quam
1560 3899 1669 3937 Laicis,
1683 3898 1742 3930 hoc
1762 3900 1926 3938 negotium,
1941 3899 2019 3937 quod
2038 3901 2110 3930 inter
2128 3909 2180 3929 nos
2199 3901 2233 3930 ὃς
2247 3898 2350 3928 Eccle—
2368 3896 2499 3933 minuati.

1296 3942 1362 3972 siam
1376 3939 1559 3979 Anglicanam
1572 3937 1709 3968 versatum
1720 3936 2029 3977 est,contingentibus3
2039 3948 2093 3969 nec
2105 3947 2157 3968 vos
2165 3961 2174 3975 ,
2183 3947 2235 3967 nec
2244 3936 2351 3967 vestros

1298 3978 1432 4009 laedemus
1467 3976 1512 4006 vel
1530 3974 1594 4006 laedi
1613 3975 1748 4006 faciemus
1766 3985 1809 4005 aui
1833 3977 2026 4013 permittemus
2046 3978 2075 4006 in
2096 3975 2218 4013 personis
2238 3974 2283 4004 vel
2308 3984 2352 4003 re—

1301 4016 1366 4047 bus:
1395 4002 1530 4051 vobisque
1550 4013 1716 4044 dimittimus
1733 4023 1853 4044 omnem
1872 4014 2113 4054 indignationem,
2131 4015 2164 4044 &
2185 4014 2214 4043 in
2235 4013 2353 4051 gratiam

1302 4054 1429 4085 nostram
1442 4062 1494 4083 vos
1507 4053 1674 4090 recipimus,
1691 4053 1725 4083 &
1738 4052 1895 4082 tenebimus
1907 4051 1983 4083 bona
2000 4051 2067 4081 fide:
2088 4053 2121 4082 &
2137 4051 2215 4088 quod
2227 4060 2280 4081 vos
2294 4059 2354 4092 non

1302 4092 1508 4131 impedimus,
1524 4098 1580 4124 nec
1601 4089 1735 4125 facierum
1751 4098 1798 4122 aut
1816 4092 2009 4128 permittemus
2023 4090 2191 4129 aliquatenus
2209 4087 2355 4152 irnpedxi'jrg>⁷
