2570 4261
219 153 299 197 230

81 223 156 253 Ann-
171 222 212 253 D.
223 226 386 257 sententiam
402 225 435 256 &c
451 223 598 255 consilium
613 222 839 262 concordarant,
856 223 890 254 ὃς
904 221 1137 261 concordabant,
1154 222 1188 254 &
1204 222 1290 253 etiarn

109 262 160 291 128
173 271 192 290 ¹.
263 265 416 294 nl'tilclmint.

80 304 147 328 Eue,
164 282 190 328 ἶ
223 273 323 332 CORex
340 304 426 337 vero,
443 301 583 331 continuo
597 299 848 339 respondit,grates
862 300 943 330 vobis
955 299 1093 330 omnibus
1104 298 1195 329 refero
1210 297 1288 336 quod

223 342 334 371 bonurn
349 341 382 370 δε
403 338 483 368 fidele
504 339 652 369 consilium
672 338 849 377 praebuistis,
869 339 903 369 ὃς
923 339 1049 377 adjunxit
1062 361 1072 376 ,
1095 337 1128 368 ad
1145 337 1288 380 honorem

224 379 281 409 Dei
298 380 329 408 δέ
344 377 456 407 Sancte
475 376 574 407 Matris
587 377 721 407 Eccleliae
735 399 745 414 ,
766 377 816 407 sub
835 378 930 407 forma
944 377 1075 416 praedic'tai
1090 398 1099 413 ‚
1124 376 1289 406 ailumimus

223 416 381 451 huiusmodi
396 417 559 453 negotium,
577 416 610 446 ὃς
624 417 711 445 etiam
723 425 907 451 acceptamus.

260 451 314 491 Et,
334 462 364 483 ut
379 453 442 483 liaec
455 455 552 484 omnia
573 453 608 484 de
630 454 759 484 concilio
774 453 962 484 Pr-:elatorum
977 453 1010 483 &
1031 452 1172 482 Baronum
1188 460 1290 494 proce-

225 492 322 522 derent
335 516 344 530 ,
370 492 487 530 injunxit
499 492 600 523 eisdem
622 492 745 523 Praelatis
763 493 796 523 &
812 492 966 522 Batonibus
979 514 989 530 ,
1013 499 1042 520 ut
1063 492 1105 534 ἐφ’
1111 490 1236 534 crastino
1253 489 1288 519 ad

223 530 360 561 Palatium
377 530 512 568 redirent,
531 541 561 561 ut
574 531 609 561 de
624 531 746 570 ipsorum
763 531 881 560 coniilio
896 539 986 560 unum
1003 528 1038 558 de
1046 528 1129 572 ,Filiis
1144 528 1194 558 suis
1210 550 1220 566 ,
1242 536 1287 558 ex-

223 578 308 606 cepto
322 569 539 608 primogenito,
557 570 590 600 ad
604 571 660 600 hoc
675 571 805 607 eligeret,
823 571 856 599 &
872 570 956 599 etiam
972 575 1139 597 nominaret.

263 607 371 646 Quod,
390 608 465 637 dit-”ta
479 608 524 638 die
538 608 656 639 crastina
666 631 675 646 ,
690 608 809 646 praefatis
828 607 950 637 Praelatis
964 606 998 636 &
1014 604 1167 650 Batonibus
1179 614 1289 648 conve-

224 647 365 676 nientibus
381 647 414 677 &
429 646 680 685 consentientibus,
698 646 735 677 de
743 646 852 677 Carolo
864 645 989 676 secundo
1003 652 1100 683 genito
1115 644 1185 674 dieti
1200 642 1288 682 Regis

222 685 312 715 extizit
327 684 519 722 adimpletum.
1183 721 1198 726 ..

260 723 348 762 Sane,
366 723 463 753 diebus
476 725 583 761 aliquot
597 722 758 753 intermistis
768 732 802 753 ex
815 722 908 760 causa,
927 722 1018 764 tertio·
1027 719 1090 750 Kal*
1100 719 1216 759 Mum,
1231 729 1287 759 ego

220 761 255 792 δε
264 761 402 792 Notarius
417 762 584 800 supradictus
597 761 762 792 accedentes
774 762 807 792 ad
816 760 930 800 Regem
940 784 949 799 ,
964 768 1100 799 petimus,
1112 759 1189 805 quod
1203 770 1218 789 a
1237 767 1286 788 en-

221 800 291 830 dum
307 801 456 840 supererat,
477 802 504 830 in
520 801 636 839 negotio
652 799 750 841 Regni
769 800 936 840 Aragonum
950 822 960 837 ,
983 798 1017 830 &
1038 797 1202 829 Comitatus
1244 808 1287 828 ar-

219 838 362 869 cliinoniae
371 862 380 877 ,
395 839 549 876 adimpleri.
941 876 946 881 ι
1271 874 1280 883 x

258 877 418 915 Statimque
431 878 541 908 duobus
549 877 572 907 F
574 877 623 907 iliis
638 877 689 907 suis
701 877 877 915 memoratis,
894 875 1028 919 Philippo
1043 876 1076 906 ὃ(
1089 873 1214 918 Carolo,
1230 883 1285 904 una

220 926 290 946 cum
305 916 422 946 consilio
438 916 487 947 suo
511 917 620 947 vocatis
635 917 668 946 &
686 916 866 954 praesentibus
881 938 890 953 ,
915 913 994 944 leetn
1009 922 1107 944 coram
1121 916 1182 953 iplis
1194 914 1286 952 supra-

219 954 325 998 scriptis
337 955 450 994 litteris,
468 956 502 986 &
517 965 564 993 per
577 964 624 984 me
636 954 816 985 Cardinalem
829 953 961 984 distin&e
974 953 1007 983 &
1039 962 1069 982 er
1083 951 1226 996 Articulos
1239 961 1287 980 ex·-

221 994 314 1031 poiitii
327 995 356 1023 in
371 994 492 1033 vulgari,
511 994 587 1024 idem
600 992 665 1023 Re'x
677 994 806 1033 genitor,
824 993 857 1024 &
871 991 1002 1033 praefatus
1031 990 1146 1034 ‘aroiu5,
1165 990 1224 1030 ipso
1237 998 1286 1032 ge-

220 1034 314 1061 nitore
327 1033 518 1072 approbante,
534 1033 567 1064 &
583 1033 611 1062 in
624 1033 675 1062 hiis
686 1031 808 1071 expresse
823 1031 1031 1068 consentiente,
1048 1028 1172 1059 universa
1186 1029 1219 1059 &
1234 1032 1286 1058 liri-

261 1071 303 1108 la,
322 1071 350 1101 iri
364 1071 548 1112 suprascriptis
567 1071 665 1102 litteris
679 1079 815 1102 contenta
832 1072 908 1109 (quae
928 1077 1098 1099 memoratus
1116 1066 1237 1112 Carolus
1255 1066 1285 1097 fi-

221 1079 275 1139 {uls
287 1110 301 1138 a
314 1119 361 1139 me
374 1110 528 1149 ligsslarim,
550 1109 627 1148 super
641 1119 813 1150 unoquoque
827 1110 1024 1147 interrogatus,
1042 1106 1068 1150 se
1082 1106 1192 1137 asseruit
1206 1105 1286 1150 intel-

222 1147 317 1178 lexiffe
331 1171 340 1186 ,
365 1149 454 1179 michi
470 1171 479 1187 ,
504 1148 598 1179 vestro
612 1148 646 1179 ὃ(
670 1147 803 1181 Ecclesiae
819 1147 962 1178 Romana:
979 1155 1094 1176 nomine
1107 1145 1192 1189 sole-m
1215 1153 1286 1175 nitet

222 1186 381 1225 stipulanti,
391 1187 488 1217 eadem
503 1187 628 1218 universa
643 1187 676 1217 &
689 1187 810 1226 singula,
825 1195 911 1225 prout
923 1183 1146 1223 unumquodque
1159 1193 1188 1223 ip
1198 1193 1285 1213 orum

223 1225 410 1265 contingunt,
425 1227 502 1265 juxta
516 1226 646 1266 quasdam
661 1225 860 1263 detractiones,
879 1224 1096 1266 declarationes,
1114 1223 1147 1252 &
1166 1231 1285 1266 conces-

224 1263 329 1301 siones,
346 1264 430 1294 fat-“ms
445 1266 477 1296 ὃς
492 1265 645 1303 faciendas,
659 1272 810 1301 acceptato
823 1264 961 1306 negotio,
975 1270 1060 1301 prout
1079 1259 1130 1305 ista
1144 1283 1153 1298 ,
1179 1271 1209 1305 in
1223 1271 1286 1300 qui-

223 1302 337 1332 busdam
353 1303 446 1333 vestris
460 1304 557 1334 litteris
569 1303 602 1334 ad
618 1302 707 1342 ipsum
720 1302 832 1341 Regem
842 1326 851 1340 ,
870 1302 904 1333 δε
919 1301 975 1331 aliis
988 1301 1021 1331 ad
1036 1299 1224 1344 meodiredtis',
1249 1300 1283 1330 ἃ

222 1350 273 1378 per
287 1341 375 1379 ipsum
392 1341 548 1372 Notarium
563 1339 612 1381 ipsi
626 1342 744 1381 Regi&
760 1340 847 1371 michi
863 1340 968 1371 traditis
981 1362 997 1382 ,t
1016 1339 1122 1382 plenius
1133 1347 1286 1368 continen-

221 1380 277 1415 tur)
296 1380 320 1409 se
336 1381 375 1409 ini
385 1381 529 1411 iolabiliter
544 1381 697 1411 servaturos
711 1403 722 1419 ,
739 1381 772 1411 &
787 1380 936 1419 negotium
950 1377 1108 1417 hujusmodi
1124 1376 1286 1417 prosecutu-

219 1427 264 1447 ros
281 1418 459 1458 solempniter
473 1419 675 1458 promiserunt,
693 1418 718 1449 se
732 1418 765 1448 ad
780 1419 852 1458 hoc,
867 1419 901 1448 &
912 1416 1091 1447 Successores
1103 1415 1182 1454 suos,
1199 1423 1286 1454 prout

222 1466 364 1494 quemque
377 1467 477 1487 eorum
492 1460 681 1495 continount,
695 1456 846 1497 specialiter
858 1454 1022 1495 obligando.
1125 1494 1130 1498 .
1251 1493 1255 1497 ¹

259 1495 373 1533 Qibus
385 1496 455 1526 actis
473 1506 529 1535 ego
546 1496 573 1535 J.
589 1481 744 1527 &ardinalis
762 1495 798 1525 de
816 1503 976 1525 memorato
997 1492 1034 1524 C.
1056 1492 1143 1537 Regis
1158 1492 1284 1523 Franciae

219 1531 307 1571 Fili0,
326 1534 358 1564 ad
374 1535 575 1572 occupandum
590 1535 664 1565 idem
681 1534 830 1565 Araooniae
840 1533 975 1572 Regnum
988 1534 1021 1564 &
1037 1531 1214 1562 Comitatum
1223 1531 1286 1575 Bar-

218 1571 363 1602 chinoniae
379 1573 505 1612 providi,
521 1575 554 1604 &
568 1574 656 1611 ipsum
671 1572 705 1603 ad
726 1558 755 1603 13
769 1572 930 1603 faciendum
950 1570 1120 1611 singulariter
1136 1570 1285 1609 deputaVi,

218 1610 268 1640 sub
282 1611 390 1650 modo,
408 1613 455 1651 qui
469 1612 584 1651 sequitur
597 1612 795 1649 infrascriptos.
994 1649 1000 1654 ι
1051 1649 1056 1654 .
1222 1649 1228 1654 ι

254 1648 320 1685 Ego
337 1649 363 1687 J.
383 1651 455 1681 tituli
478 1651 590 1681 sancire
611 1651 730 1681 Ceciliae
748 1649 894 1689 Presbyter
914 1647 1069 1678 Cardinalis
1087 1671 1096 1687 ,
1120 1648 1286 1693 auffroritate

220 1686 403 1727 Apostolica,
422 1690 509 1720 michi
526 1691 554 1720 in
569 1689 621 1719 hac
635 1698 711 1727 parte
726 1690 809 1727 plene
823 1687 991 1726 commissa,
1009 1687 1045 1717 de
1057 1687 1139 1717 vobis
1154 1686 1285 1731 Domine

219 1724 256 1756 C.
272 1737 356 1765 quem
373 1727 454 1758 Pater
470 1727 579 1766 vester,
599 1728 762 1767 Philippus,
782 1727 841 1757 Dei
855 1726 945 1765 gratia
960 1749 970 1765 ,
996 1725 1061 1756 Rex
1078 1725 1208 1770 *Franciae
1221 1726 1285 1755 illu-

219 1764 296 1803 stris,
313 1766 347 1796 ad
365 1765 391 1796 id
407 1768 583 1805 nominavit,
599 1767 631 1797 ὅ(
646 1767 751 1805 elegit,
768 1766 817 1796 sub
836 1766 924 1808 lege,
950 1766 1187 1809 conventionibus
1200 1787 1214 1808 ,Ι
1257 1775 1285 1794 a-

220 1803 325 1841 ffisve,
343 1805 379 1834 ab
391 1805 493 1836 eodem
508 1807 637 1843 genitore
648 1805 742 1835 vestro
754 1827 763 1842 ‚
788 1815 822 1835 ac
843 1805 925 1834 vobis
942 1803 1031 1833 michi
1046 1802 1216 1847 SanCtiffirrii
1255 1812 1284 1832 a-

219 1843 266 1872 tris
279 1853 311 1872 ac
323 1842 460 1882 Domini,
478 1844 599 1875 Domini
608 1844 741 1881 Martini,
759 1842 868 1873 Divina
876 1842 1077 1880 Providentia,
1094 1841 1194 1871 summi
1204 1841 1283 1885 Pon-

218 1880 319 1919 tificis,
338 1883 370 1912 ὅ(
384 1881 495 1913 Sanetce
511 1883 653 1913 Romanae
667 1882 802 1913 Ecclesiae
816 1882 952 1919 nomine,
970 1880 1020 1911 sub
1032 1880 1124 1924 forma
1140 1880 1282 1918 praescrip-

217 1927 243 1949 ta
258 1920 434 1959 solempniter
450 1921 606 1960 promiffis,
624 1931 709 1961 prout
725 1930 811 1960 quem
833 1930 869 1950 ue
888 1919 1012 1964 vestrum
1026 1927 1197 1963 contingunt
1212 1941 1222 1958 ,
1247 1919 1281 1949 ad

215 1959 417 1998 occupandum
432 1959 572 1996 Regnum
589 1961 754 1997 Aragonum
767 1960 801 1990 &
860 1967 991 1989 miratum
1005 1957 1202 1988 Barchinoniae
1217 1967 1282 1994 pro-

217 1997 322 2034 video,
343 1998 377 2028 &
393 2008 444 2028 vos
457 1999 489 2029 ad
507 1999 534 2028 id
549 1999 710 2030 faciendum
724 1998 896 2035 singulariter
906 1997 1032 2038 deputo,
1047 1996 1281 2040 inTerraconen.

218 2034 358 2074 civitate,
377 2038 457 2076 ipiius
470 2039 628 2076 territorio,
645 2037 832 2075 districtibus,
851 2036 884 2067 &
906 2036 1095 2076 pertinentiis,
1114 2043 1280 2078 memoratae

217 2072 360 2104 Roman-ae
374 2085 407 2106 ac
415 2075 609 2106 Terraconen.
625 2076 814 2107 Ecclefiarum
830 2085 879 2114 per
889 2075 989 2105 omnia
999 2073 1067 2113 Jure
1080 2073 1173 2118 salv93
1191 2083 1283 2111 cujus-

217 2112 298 2142 modi
310 2114 500 2153 provisionem
515 2115 548 2145 &
563 2115 774 2151 deputationem
789 2114 877 2145 taliter
892 2113 911 2133 '¹'
925 2114 940 2143 a
953 2122 1000 2143 me
1015 2112 1116 2151 factas,
1133 2112 1210 2156 idern
1225 2110 1283 2157 Ca-

217 2151 308 2187 rolus,
326 2161 484 2182 memorato
500 2153 584 2191 Rege
593 2153 717 2183 Franciae
732 2153 862 2190 genitore
873 2150 922 2182 suo
934 2152 1123 2192 approbante,
1138 2151 1171 2181 &
1185 2161 1215 2181 iri
1231 2151 1282 2181 hiis

215 2190 340 2226 expresse
354 2191 545 2221 consentiente
557 2215 566 2229 ,
591 2193 762 2231 acceptavit,
782 2192 815 2222 &t
835 2191 958 2229 recepit:
986 2189 1118 2228 Philippo
1134 2189 1216 2220 fratre
1233 2189 1283 2219 suo

216 2229 410 2266 primogenito
423 2230 572 2269 praesente,
593 2231 624 2260 &
640 2233 669 2260 in
685 2231 736 2261 hiis
751 2229 843 2260 eidem
855 2228 964 2259 Carolo
978 2229 1200 2272 congaudente,¹
1228 2227 1283 2258 ho-

217 2267 346 2303 magium
359 2277 452 2298 autem
467 2268 710 2306 &juramentum
721 2292 729 2307 ,
743 2278 826 2305 prout
840 2269 869 2298 in
883 2267 983 2298 nostris
997 2267 1091 2298 litteris
1105 2274 1281 2305 continetur,

216 2304 252 2334 ab
269 2305 370 2336 eodem
386 2305 493 2336 Carolo
506 2308 616 2345 exigam
631 2308 665 2338 δε
680 2307 816 2344 recipiam
833 2330 842 2345 ,
866 2316 934 2336 cum
953 2305 987 2336 ad
1007 2314 1119 2336 aetatem
1134 2328 1143 2343 ‚
1168 2305 1202 2336 ad
1214 2305 1282 2349 'hoc

218 2351 312 2380 aptam
327 2366 337 2382 ,
362 2346 541 2382 pervenerit3
569 2355 653 2383 quam
671 2345 788 2384 implere
806 2344 927 2375 creditur
948 2345 1024 2374 idem
1045 2343 1163 2374 Carolus
1177 2367 1187 2383 ,
1211 2343 1283 2374 infra

217 2380 352 2412 Mensem
366 2384 380 2412 a
395 2392 524 2423 tempore
539 2384 727 2415 confeetionis
738 2384 930 2423 praesentium,
950 2383 1168 2426 numerandum3

255 2419 291 2489 hd
312 2422 389 2490 cgjus
411 2423 450 2453 rei
472 2421 669 2454 testimonium
689 2422 823 2462 Sigillum
842 2431 940 2453 meum
959 2423 1025 2454 duxi
1046 2420 1224 2461 praeientibus
1236 2430 1282 2459 ap-

219 2468 273 2498 pen
293 2469 329 2490 en
351 2470 409 2491 um.

67 2113 199 2149 ἸΙ-171.

252 2539 319 2571 Dat.
332 2551 410 2572 anno
425 2542 562 2580 praedifito
577 2541 638 2573 Kal.
654 2542 753 2574 Martii
767 2541 951 2574 Pontificatsis
965 2543 1049 2575 vestri
1063 2553 1139 2576 anno
1154 2546 1247 2576 tertio.

216 2677 323 2709 Lircra
346 2675 467 2720 Afforgfi
486 2679 573 2723 Regis
599 2675 723 2720 Castellae
746 2676 790 2709 ad
807 2678 990 2709 ildartinum
1008 2680 1144 2724 Papam,
1168 2677 1206 2711 de
1224 2681 1284 2712 Re-

502 2726 702 2759 conciliatione
719 2738 786 2758 cum
800 2729 907 2758 Sancio
920 2724 998 2769 filio,

68 2830 144 2862 Ann-
162 2827 202 2859 D·
220 2811 440 2873 SAnffisTimo
455 2815 484 2845 in
499 2813 617 2845 Christo
632 2813 708 2844 Patri
723 2823 756 2845 ac
772 2813 909 2845 Domino
920 2836 929 2852 ,
957 2812 1092 2846 Domino
1111 2815 1159 2846 M.
1174 2816 1284 2862 Divina

270 2849 467 2892 Providentia,
485 2853 676 2884 sacrosancta».
692 2852 835 2883 Romanae
852 2852 984 2883 Ecclesiae
1002 2853 1114 2884 summo
1130 2854 1284 2894 Pontifici,

67 2868 174 2933 A¹n²8ss
221 2887 368 2927 Alfonsus,
386 2891 484 2922 eadem
502 2892 606 2930 gratia,
625 2891 690 2921 Rex
707 2890 839 2922 Castellae
853 2914 863 2930 ,
886 2891 1002 2930 Toleti,
1023 2892 1173 2933 Legionis,
1192 2893 1285 2924 Galli-

67 2948 89 2972 Σ
113 2926 132 2971 ‘1
176 2927 181 2932 ”
220 2927 291 2963 ciae,
308 2927 432 2967 Sibiliae,
451 2929 628 2969 Cordubiae,
648 2929 772 2961 Murciae
787 2953 797 2969 ,
822 2929 986 2970 Geyhennii
1001 2953 1011 2968 ,
1037 2941 1120 2971 atque
1138 2932 1286 2972 Algarbii,

67 2966 98 3009 L:
115 2968 145 3009 B*
153 2982 177 3019 f
221 2963 331 3009 Pedum
347 2966 449 2998 Oscula
465 2969 609 2999 beatorum
619 2992 628 3007 ,
647 2978 715 2999 curn
729 2968 898 3005 Reverentia
914 2968 995 2998 filiali.

71 3020 123 3046 ,30
140 3006 144 3010 ”
154 3005 181 3047 b·
258 3002 358 3043 Licet,
375 3005 447 3035 inter
460 3016 573 3038 caeteras
585 3009 715 3045 virtutes,
734 3007 763 3037 iri
777 3008 909 3038 omnibus
929 3007 1107 3046 dignoscatur
1122 3009 1286 3041 hominibus

67 3042 139 3085 Penei
149 3041 200 3087 CI,-
219 3041 280 3082 plus
293 3041 393 3085 decere
406 3045 555 3076 clementia
576 3055 632 3082 pra:
651 3047 776 3083 coeteris,
794 3054 890 3077 tamen
910 3046 970 3088 plus
988 3047 1079 3077 elucet
1094 3048 1123 3077 in
1138 3047 1285 3088 Regibus,

69 3105 159 3124 mmm
219 3080 313 3125 unde,
332 3081 384 3118 ipsa
398 3082 542 3122 suadente,
561 3093 595 3113 ex
606 3083 706 3114 officio
722 3084 861 3123 dignitatis
876 3107 886 3123 ‚
912 3085 1129 3115 mirericordiam
1145 3087 1173 3116 in
1191 3087 1285 3118 subdi-

218 3127 252 3149 tis
266 3128 396 3149 exercere
408 3129 554 3161 tenemur,
572 3123 606 3152 &
621 3122 695 3160 laplis
709 3124 818 3160 pietatis
853 3123 960 3153 raesidio
973 3123 1136 3162 subvenire,
1150 3127 1183 3156 &
1197 3135 1285 3164 quan-

217 3165 249 3187 to
265 3158 356 3194 magis
371 3158 422 3188 hiis
436 3181 446 3197 ,
470 3169 540 3203 quos
555 3161 637 3191 nobis
652 3160 694 3191 san
735 3162 785 3191 inis
799 3133 1004 3202 indempnitate
1023 3171 1118 3193 natura
1133 3165 1283 3204 conciliat,

216 3196 294 3226 sicin
308 3196 438 3235 subditis,
457 3207 542 3235 vigor
561 3197 624 3228 fidei
639 3199 672 3229 ὅ(
712 3201 850 3230 evotionis
869 3209 986 3240 augetur
998 3223 1008 3240 ,
1032 3201 1070 3231 sic
1086 3211 1138 3240 pax
1153 3203 1185 3233 &
1207 3211 1284 3234 tran-

214 3235 331 3274 quillitas
345 3234 459 3273 Regnis
472 3236 640 3276 acquiritur,
657 3236 805 3276 &justitia
819 3239 1004 3278 gubernatur,
1024 3249 1059 3270 ex
1071 3240 1128 3271 hoc
1143 3241 1212 3272 Deo
1227 3243 1283 3283 pla-

214 3282 281 3304 cent
294 3273 403 3312 Reges,
423 3276 456 3305 ὅ(
471 3273 652 3305 Praeconium
666 3275 797 3306 humanae
809 3277 894 3307 laudis
905 3279 1060 3315 acquirunt.

252 3312 433 3352 Qiapropter
451 3313 659 3344 Sanfflffimam
680 3314 880 3347 Paternitatem
900 3316 1020 3347 vestram
1041 3316 1127 3347 latere
1149 3318 1281 3352 nolumus

214 3352 307 3388 quod,
325 3351 392 3381 licet
405 3350 521 3382 Sancius
535 3374 545 3390 ,
571 3352 721 3383 carissimus
736 3352 805 3383 filius
820 3354 916 3384 noster
931 3378 941 3393 ,
958 3356 1076 3394 juvenili
1091 3365 1189 3396 aetate,
1229 3360 1283 3390 lus-

215 3397 301 3425 quam
316 3389 462 3420 voluntate
481 3390 613 3421 inductus
627 3414 637 3430 ,
661 3392 695 3422 &
715 3393 801 3421 etiam
816 3395 954 3431 temporis
976 3394 1139 3433 suggerente
1157 3405 1188 3426 m
1215 3399 1280 3437 itia,

215 3434 328 3456 necnon
351 3427 385 3458 ad
403 3428 476 3458 falsas
497 3430 686 3469 quorumdam
705 3430 872 3460 aemulorum
893 3431 1056 3462 nostrorum
1076 3432 1280 3475 suggestiones,

218 3464 288 3507 visus
301 3465 382 3496 fuerit
396 3467 410 3496 a
427 3477 549 3507 paterii-‘e
565 3467 724 3498 devotionis
739 3468 840 3498 semitis
855 3469 976 3501 deviass'e
991 3494 1000 3509 ,
1025 3479 1122 3502 tamen
1136 3472 1281 3506 illustratus

218 3501 326 3545 lumine
338 3506 472 3544 veritatis,
490 3505 595 3536 nostrae
610 3506 808 3537 misericordiae
822 3509 939 3544 gratiam
953 3519 1022 3539 curri
1035 3509 1188 3541 devotione
1200 3513 1281 3543 lacri-

217 3539 352 3583 mabiliter
363 3543 528 3584 ’imploravit
539 3567 549 3581 ,
574 3545 608 3575 &
627 3545 721 3575 cordis
740 3547 913 3577 contritione
927 3570 937 3586 ,
962 3549 1018 3578 oris
1038 3549 1232 3590 confessione,
1248 3561 1281 3582 ac

218 3586 310 3614 operis
323 3577 490 3612 satisdatione
502 3583 535 3613 ad
550 3593 647 3613 veram
663 3583 743 3613 rediit
757 3585 953 3621 poenitentiam
966 3586 1001 3616 de
1014 3587 1180 3618 commistis.

233 3653 238 3658 .
259 3614 328 3644 Nos
340 3625 431 3658 autem
441 3642 450 3656 ,
466 3622 515 3658 qui
528 3621 645 3652 misereri
661 3622 793 3652 volumus
805 3623 897 3662 potius
909 3634 992 3660 quam
1006 3626 1117 3664 ulcisci,
1136 3636 1205 3656 cum
1221 3637 1282 3668 gra-

217 3651 353 3696 tissimum
366 3658 397 3684 iit
408 3665 494 3695 genus
507 3661 613 3697 veniae,
631 3660 665 3691 ad
681 3661 767 3691 multa
778 3661 835 3699 ejus
848 3661 1008 3692 humilitatis
1020 3664 1053 3694 &
1066 3663 1224 3696 devotionis
1237 3668 1282 3697 in-

218 3690 291 3720 dicia
305 3691 457 3724 clementer
472 3696 522 3726 sibi
540 3699 705 3729 indulxirnus
719 3722 730 3735 ,
749 3699 784 3728 &
804 3699 938 3767 ΓιηῖξΙίεεε
958 3711 1022 3731 rece
1043 3703 1116 3733 imus
1134 3704 1163 3740 iri
1181 3706 1279 3742 gratiae

218 3728 327 3772 sinum,
345 3729 416 3774 sicut
427 3740 547 3775 paternae
561 3737 666 3773 pietatis
675 3736 807 3767 officium
821 3748 836 3768 e
873 3747 992 3769 errantes
1033 3741 1075 3770 ios
1088 3750 1139 3780 per
1152 3742 1233 3772 devia
1245 3744 1280 3774 ad

217 3765 346 3809 semitam
360 3777 480 3799 ver1tatis
500 3773 650 3813 reducere,
665 3776 705 3805 nil
722 3776 870 3806 humanius
886 3776 926 3806 est
947 3787 1031 3816 quam
1045 3778 1121 3810 saluti
1135 3779 1280 3812 restituere

216 3804 355 3848 subditos,
371 3814 423 3834 nec
439 3807 507 3850 durii
521 3809 610 3850 filios,
624 3814 672 3850 qui
686 3813 791 3844 debent
806 3814 933 3844 humanis
953 3817 986 3847 &
1005 3816 1105 3846 divinis
1120 3817 1230 3856 legibus
1244 3820 1278 3850 &

216 3840 381 3885 Parentibus
394 3843 519 3882 educari,
537 3857 604 3878 curn
619 3859 696 3886 pater
709 3852 743 3882 &
758 3852 830 3882 filius
844 3854 942 3883 eadem
961 3855 992 3884 sit
1013 3855 1154 3894 persona,
1176 3866 1277 3891 omnes

217 3888 304 3924 etiam
319 3879 437 3924 offensas
450 3882 482 3911 &
496 3884 603 3928 culpas,
623 3897 687 3924 quas
701 3890 757 3927 ipse
779 3898 879 3921 contra
897 3902 950 3921 nos
969 3902 1117 3933 propterea
1130 3893 1201 3924 visus
1218 3897 1280 3927 fue-

206 3927 251 3961 '¹¹5
265 3918 398 3961 liat-{tenus
410 3921 571 3964 incurrisse,
584 3924 632 3953 {ibi
648 3925 682 3955 de
694 3928 845 3958 clementia
858 3930 940 3959 nobis
954 3930 1064 3969 innata,
1073 3941 1106 3961 ex
1119 3940 1192 3962 cerm
1206 3942 1280 3964 con-

216 3956 327 3985 seientia
342 3956 449 3994 nostra,
467 3967 645 3997 remittimus,
666 3965 699 3993 ὃς
712 3966 821 4004 ipsum,
841 3967 963 4007 benigne
981 3970 1145 4008 recipientes
1164 3969 1198 4000 ad
1212 3979 1278 4008 gra-

215 3996 286 4037 tiam
301 3995 459 4024 consuetam
475 4018 485 4033 ,
510 3995 546 4025 de
560 4006 664 4029 caetero
677 4001 766 4040 ipsum
779 4004 912 4036 volumus
934 4006 1073 4039 beneficio
1094 4008 1278 4040 restitutionis

215 4042 245 4062 in
258 4040 401 4071 integrum
414 4034 604 4072 congaudere.

693 133 1468 187 CONVENTIONES,
1523 131 1910 186 LITERAE‚

1370 221 1410 252 Et
1423 221 1512 259 siquid
1524 231 1595 261 nos,
1611 223 1640 253 in
1653 224 1813 255 neceffitate
1826 224 1923 264 positi,
1941 234 1974 255 ac
1989 224 2127 255 iracundia
2141 224 2259 263 tenptati
2273 225 2315 256 ob
2328 224 2395 258 filia·
2406 221 2481 254 Ann.
2495 219 2538 259 fis

1332 259 1363 289 lis
1374 260 1533 291 devotionis
1546 261 1781 300 inobedientiam,
1799 263 1833 293 ὃς
1848 273 1868 293 o
1889 262 2056 301 presiionem
2069 287 2079 301 ,
2104 273 2168 303 quae
2185 265 2219 295 ὅ(
2232 265 2396 302 quibusdam
2421 264 2507 304 1284.

1333 298 1434 329 nostris
1446 298 1553 328 aemulis
1567 301 1748 339 tenebamur,
1767 302 1795 330 iri
1810 272 1937 340 praegidti
1951 301 1999 331 filii
2013 301 2103 332 nostri
2114 301 2310 342 praejudicium
2323 304 2395 334 dixi-
2404 303 2470 330 Edv.
2487 312 2513 335 1..

1333 347 1412 375 mus,
1431 337 1626 376 trastavimus,
1643 339 1686 369 seu
1705 341 1823 369 fecimus
1837 340 1949 378 sanciri,
1969 340 2049 371 ducti
2064 341 2183 371 consilio
2197 363 2207 380 ,
2231 351 2397 373 revocamus

1332 384 1366 406 ac
1382 375 1481 406 nullius
1493 375 1549 404 esse
1569 379 1709 408 momenti
1726 378 1917 416 decernimus,
1934 389 2002 409 cum
2017 402 2027 418 ,
2055 378 2124 409 Deo
2144 385 2344 419 comparante,
2361 380 2398 412 ad

1333 424 1430 444 veram
1441 414 1475 444 sit
1487 413 1703 445 satisfactionem
1718 417 1880 447 conversus:
1901 427 1968 449 nam
1982 417 2112 449 humanis
2128 418 2246 458 lapsibus
2260 415 2396 457 multipli-

1333 453 1405 482 citer
1420 451 1478 482 Dei
1495 453 1680 484 milericordia
1693 454 1863 486 subvenitur.

1370 489 1447 520 Haec
1464 489 1565 533 vestrae
1577 491 1753 522 sanctissimae
1772 493 1933 524 Paternitati
1953 492 1987 524 ad
2007 493 2124 531 praesens
2143 495 2161 525 s
2164 494 2297 526 unificare
2314 505 2395 527 cura-

1332 529 1439 566 vimus,
1459 537 1507 567 ut,
1526 531 1596 559 licut
1610 530 1639 559 in
1653 531 1874 570 adversitatibus,
1892 531 1982 563 vestra
2001 532 2108 564 Pietate
2121 543 2162 563 no
2185 535 2205 564 is
2217 537 2394 572 compatien-

1332 565 1372 596 do
1386 577 1436 597 vos
1448 567 1610 597 exhibuistis
1621 570 1782 608 participes,
1802 571 1839 600 sic
1851 570 1887 601 de
1901 572 2085 602 conversione
2100 571 2147 602 filii
2159 595 2169 610 ,
2188 572 2222 603 ad
2238 574 2313 603 viam
2326 574 2397 604 salu-

1332 606 1381 642 tis,
1401 605 1553 636 Paternitas
1566 606 1656 637 vestra
1670 608 1860 648 congaudeat,
1873 610 1958 640 omni
1967 609 2042 640 filiali
2056 610 2211 642 devotione
2222 611 2320 642 vestrae
2326 612 2395 642 Cle-

1332 645 1447 675 mentiae
1460 643 1643 684 supplicantes
1655 669 1664 684 ,
1686 648 1813 686 quatinus
1831 648 1954 678 eundem
1970 648 2060 680 filiurn
2079 648 2209 680 nostrum
2222 650 2342 689 benigne
2361 651 2392 681 in

1331 682 1430 713 vestrae
1442 680 1599 714 sanctitatis
1611 685 1747 723 gratiam,
1765 685 1798 715 &
1812 685 1923 716 Satistae
1937 686 2081 719 Romanae
2095 686 2226 719 Ecclesiae
2241 698 2394 719 commen-

1331 721 1429 751 datum
1445 722 1546 752 habere
1560 722 1649 753 vestra
1662 723 1790 761 dignetur
1803 723 1972 763 Paternit253
1990 736 2058 757 curn
2070 727 2147 757 idem
2161 728 2296 766 signanter
2311 737 2392 758 man-

1330 760 1502 798 daverimus,
1520 761 1598 800 quod
1612 771 1663 791 vos
1676 761 1788 792 Patrem
1802 785 1811 799 ,
1836 765 1869 795 ὃς
1890 763 2090 795 [εετοίὶιηᾶεῐη
2109 766 2272 796 Romanam
2291 766 2391 797 Eccle-

1329 798 1398 866 sum
1414 798 1542 830 Matrem
1562 809 1736 839 reverenter,
1753 800 1866 832 suorum
1882 804 2134 842 primogenitorum
2150 813 2231 835 more
2245 828 2255 844 ,
2278 814 2393 843 cogno-

1341 846 1393 867 cat.

1370 875 1473 906 Unum
1486 876 1584 914 etiarn,
1606 876 1807 920 sanctepater,
1822 878 1953 909 nolumus
1965 881 2097 918 praeteriri
2110 881 2234 919 filentio,
2251 889 2390 922 quantum

1329 915 1461 945 auxilium
1471 937 1480 952 ,
1499 923 1636 953 quantum
1650 917 1770 946 veritatis
1782 917 1815 947 ὃς
1829 917 1965 957 aequitatis
1979 919 2125 949 consilium
2141 943 2150 958 ,
2173 931 2246 951 verae
2262 920 2393 951 dileetio-

1330 954 1372 982 nis
1388 954 1688 992 insignium,teiripore
1695 954 1773 991 hujus
1790 957 1934 992 praeterit-ae
1949 958 2114 988 turbationis
2129 960 2156 988 iii
2172 959 2262 990 vestra
2276 959 2390 990 Sanffi-

1331 1000 1406 1030 tate,
1425 992 1458 1022 ὅ(
1474 993 1503 1022 iti
1516 993 1718 1023 venerabilibus
1731 993 1861 1024 fratribus
1871 995 1968 1025 vestris
1983 996 2158 1034 invenimus,
2176 1007 2228 1035 pro
2244 999 2344 1037 quibus
2356 998 2390 1028 ad

1328 1032 1476 1099 {satiatum
1492 1031 1692 1069 multiplicium
1705 1031 1835 1063 debiturn
1850 1043 1902 1063 nos
1916 1035 1949 1064 &
1965 1033 2089 1071 posteros
2102 1035 2214 1066 nostros
2225 1059 2236 1075 ,
2259 1036 2342 1067 vobis
2355 1037 2390 1068 ὃς

1361 1079 1474 1100 omanae
1487 1068 1636 1108 Eccleiiae,
1657 1079 1792 1108 perpetuo
1806 1071 1910 1101 fecistis
1923 1072 2072 1102 obnoxios.

1369 1109 1388 1127 *¹
1403 1108 1478 1139 Non
1492 1109 1568 1138 enirn
1581 1109 1740 1140 invenimus
1752 1118 1858 1140 tantam
1874 1109 1975 1147 fidem,
1990 1120 2075 1150 quam
2095 1112 2124 1141 iri
2139 1111 2275 1143 Romana
2288 1111 2392 1144 Eccle-
2405 1114 2539 1151 '11.272.

1329 1146 1382 1184 sia,
1400 1157 1465 1178 nam
1486 1147 1531 1177 alii
1550 1157 1673 1186 quorum
1690 1149 1824 1179 auxilium
1838 1158 1872 1179 ex
1895 1148 1994 1181 debito
2014 1148 2188 1190 sperabamus
2202 1173 2212 1190 ,
2234 1160 2303 1189 ηοε,
2321 1151 2391 1183 loco

1329 1185 1437 1223 auxilii,
1456 1185 1602 1217 irriserunt.
2341 1215 2347 1221 .

1367 1223 1406 1254 Et
1420 1225 1454 1255 ad
1469 1225 1572 1254 horum
1594 1226 1732 1264 majorem
1753 1225 1923 1258 evidentiam
1942 1227 2064 1257 veritatis
2079 1250 2089 1266 ,
2113 1226 2187 1257 hanc
2203 1225 2321 1258 cartam
2336 1226 2394 1258 fieri

1333 1262 1477 1302 juffimus,
1496 1263 1529 1294 &
1544 1263 1641 1303 sigillo
1651 1264 1752 1295 nostro
1766 1275 1856 1303 parvo
1868 1275 1954 1297 aureo
1967 1264 2161 1297 mandavimus
2173 1266 2287 1306 figillari.

1368 1343 1436 1374 Dat.
1450 1343 1565 1374 Sibilliae
1578 1343 1623 1374 die
1633 1345 1715 1383 Jovis
1730 1345 1865 1376 vicesimo
1884 1346 1967 1377 tertio
1978 1345 2024 1378 die
2039 1346 2159 1386 Martii,
2176 1357 2254 1378 anno
2267 1347 2395 1380 Domini

1331 1382 1469 1429 mileiimo
1482 1381 1678 1414 ducentesimo
1688 1384 1882 1424 odtuagesimo
1894 1394 2001 1426 quarto.

1369 1462 1506 1504 Magister
1516 1464 1661 1503 Johannes
1677 1463 1712 1495 de
1727 1463 1886 1505 Cramona,
1902 1465 1983 1505 Rege
1995 1466 2162 1506 mandante,
2178 1465 2290 1506 scripsit.

1353 1609 1460 1641 Litera
1478 1611 1567 1641 Erici
1582 1612 1670 1656 Regis
1687 1611 1850 1656 Nor-megiae
1866 1607 1902 1642 de
1919 1607 2169 1653 Confoederatione
2182 1602 2367 1643 renbvanda.

1414 1697 1553 1735 Agnifico
1570 1697 1694 1737 Principi
1708 1720 1718 1736 ‚
1740 1698 1815 1729 fiatri
1827 1697 1876 1728 suo
1890 1699 1921 1728 in
1935 1697 2051 1729 Christo
2066 1696 2231 1736 mammo,
2258 1696 2390 1728 Domino
2407 1685 2484 1716 Ann-
2495 1686 2536 1717 D·

1413 1736 1573 1775 Edwardo,
1591 1737 1670 1773 Regi
1685 1736 1800 1774 Angliae
1815 1736 1928 1774 illustri,
1949 1736 2062 1774 Ericus,
2077 1736 2179 1767 eadem
2199 1735 2306 1776 gratia,
2324 1735 2391 1766 Rex
2428 1726 2512 1765 1284.

1329 1772 1513 1815 Norwegiae,
1528 1776 1659 1814 salutem,
1677 1776 1709 1806 &
1725 1776 1838 1806 linceiae
1850 1775 2009 1807 dilectionis
2025 1774 2163 1806 affectum
2179 1797 2190 1813 ‚
2214 1784 2284 1806 cum
2297 1776 2391 1806 conu'-
2405 1768 2457 1792 ²¹⁰·
2481 1775 2524 1793 ¹²·

1326 1812 1389 1841 nuis
1403 1813 1500 1851 gloriae
1514 1815 1547 1846 δε
1561 1815 1676 1845 honoris
1689 1815 1877 1845 incrementis.
2405 1807 2436 1830 E.
2460 1812 2482 1830 ¹·

1363 1850 1492 1883 Noverit
1508 1852 1678 1885 Excellentia
1693 1852 1783 1883 vestra
1802 1852 1880 1892 quod
1896 1862 1948 1883 nos
1961 1851 2079 1884 dilectos
2097 1862 2131 1883 ac
2149 1850 2243 1895 fideles
2262 1851 2388 1890 nostros,
2404 1845 2436 1869 l..
2449 1840 2522 1906 Abs·

1323 1889 1428 1921 scilicet
1443 1914 1453 1928 ,
1475 1891 1639 1923 Dominum
1659 1891 1832 1922 Bernardum
1850 1891 2006 1929 Baronem,
2024 1892 2058 1922 ὃς
2079 1889 2244 1921 Dominum
2263 1890 2386 1921 Vineun.
2403 1889 2468 1916 443·
2502 1902 2509 1907 ·

1326 1927 1434 1959 Milites
1447 1929 1571 1970 nostros,
1581 1931 1714 1969 fecimus,
1733 1929 1932 1961 constituimus
1945 1930 1979 1961 ὃς
1989 1930 2182 1961 ordinavimus
2193 1928 2322 1968 nostroe,
2337 1939 2386 1960 ve-
2400 1922 2472 1946 PW‘
2484 1922 2541 1953 ‘3⁴‘-

1325 1977 1369 1997 ros
1384 1977 1418 1997 ac
1428 1969 1568 2008 legitimos
1581 1969 1799 2008 Procuratores,
1817 1979 1850 1999 ac
1868 1968 2005 1999 Nuncios
2026 1968 2152 2007 speciales
2165 1991 2174 2006 ,
2189 1968 2233 2011 'ad
2251 1968 2390 2013 exhiberi·
2403 1966 2497 1986 ''¹⁶7⁹'’

1325 2005 1390 2036 dam
1403 2008 1486 2038 vobis
1499 2008 1605 2039 literam
1616 2008 1881 2046 confoederationis,
1897 2008 2001 2038 fastam
2014 2008 2087 2038 inter
2102 2006 2267 2045 magnificos
2280 2006 2393 2038 Princi-

1325 2054 1373 2083 pes
1389 2043 1554 2077 Dominum
1573 2046 1735 2078 Henricum
1749 2070 1760 2085 ,
1785 2047 1868 2077 clarae
1887 2047 2034 2076 memoriae
2049 2068 2059 2084 ,
2082 2045 2195 2075 Patrem
2214 2045 2338 2076 vestrum
2357 2055 2393 2076 ex

1327 2093 1381 2114 uria
1396 2093 1471 2122 parte
1474 2107 1486 2153 Ι,
1505 2086 1538 2116 &
1551 2085 1663 2117 Patrem
1677 2085 1803 2117 vestrum
1817 2086 1847 2115 in
1863 2083 1981 2115 Christo
1994 2083 2170 2115 kariffimum
2183 2083 2297 2123 Regem
2305 2083 2392 2124 Mag-

1325 2132 1397 2152 num
1413 2132 1446 2152 ex
1458 2134 1473 2154 a
1484 2132 1555 2154 tera:

1364 2159 1402 2192 Et
1420 2161 1454 2192 ad
1476 2162 1629 2203 petendum
1656 2163 1672 2192 a
1692 2162 1781 2193 vestra
1800 2161 1972 2192 Celsitudine
1989 2161 2097 2192 difflrm
2116 2160 2394 2205 confoederationem

1326 2201 1455 2230 renovari
1469 2211 1502 2231 ac
1521 2202 1604 2232 etiam
1618 2201 1782 2232 confirmari
1795 2224 1805 2239 ,
1831 2201 1864 2231 &
1879 2209 1911 2230 ur
1928 2201 2028 2231 omnia
2043 2207 2176 2230 contenta
2189 2209 2219 2230 in
2233 2200 2307 2231 dreia
2320 2210 2393 2232 con-

1325 2237 1510 2269 foederatione
1524 2241 1722 2271 inviolabiliter
1737 2239 1951 2270 conserventur:

1361 2276 1491 2308 Necnon
1505 2279 1537 2310 &
1551 2279 1584 2309 ad
1598 2278 1822 2317 promittendum
1837 2287 1870 2308 ex
1886 2287 1962 2315 parte
1975 2276 2069 2307 nostra
2081 2300 2091 2315 ,
2116 2276 2192 2315 quod
2211 2278 2310 2308 omnia
2325 2287 2392 2322 pro—-

1326 2314 1406 2346 missa
1423 2317 1456 2346 ὃς
1469 2326 1613 2348 conventa
1626 2319 1655 2348 in
1669 2317 1767 2348 eadem
1783 2317 2028 2346 confoederatione
2041 2315 2228 2352 servabimus,
2245 2317 2278 2347 &
2293 2317 2394 2347 servari

1325 2352 1476 2393 faciemus,
1496 2365 1528 2386 ac
1542 2357 1626 2386 etiam
1641 2356 1872 2386 confirmabimus
1887 2365 1936 2395 per
1950 2354 2072 2385 modum
2086 2354 2120 2385 δε
2133 2354 2276 2392 formam,
2293 2355 2393 2385 secun—

1325 2391 1397 2422 durn
1410 2403 1497 2432 quem
1510 2394 1632 2424 modum
1645 2394 1690 2425 seu
1703 2394 1826 2425 formam
1841 2392 2005 2431 praedictam
2018 2391 2293 2424 confoederationem
2306 2393 2396 2424 duxe-

1324 2432 1382 2461 ritis
1399 2431 1635 2464 confirmandam.

1362 2469 1560 2502 Concedimus
1577 2472 1611 2502 &
1633 2471 1716 2502 dictis
1735 2469 1861 2503 Nunciis
1879 2470 1980 2502 nostris
1993 2480 2027 2501 ac
2047 2470 2272 2508 procuratoribus
2294 2470 2396 2502 nostris

1328 2508 1441 2547 plenam
1456 2509 1625 2551 potestatem
1639 2511 1671 2541 ὅ(
1686 2510 1800 2549 speciale
1815 2510 1977 2541 mandatum
1991 2508 2168 2550 exponendi,
2185 2519 2283 2540 coram
2296 2510 2396 2548 vobis,

1325 2548 1371 2578 seu
1383 2548 1446 2586 illo,
1464 2549 1510 2579 vel
1526 2549 1594 2588 illis,
1613 2559 1684 2588 quos
1698 2549 1731 2580 ad
1746 2549 1804 2580 hoc
1827 2549 1958 2579 duxeritis
1972 2548 2163 2587 deputandos,
2178 2548 2314 2588 dampna,
2351 2559 2394 2580 ra-

1325 2588 1437 2617 vamina
1451 2588 1484 2618 &
1498 2589 1625 2627 injurias,
1643 2598 1708 2626 quae
1722 2588 1766 2619 vel
1799 2598 1863 2626 uas,
1882 2586 2293 2632 MercatoribusRegni'nostri
2306 2590 2321 2618 a
2351 2602 2357 2632 .'
2378 2605 2392 2611 -

1324 2625 1387 2654 livis
1402 2626 1435 2657 ὃς
1448 2626 1505 2656 aliis
1537 2628 1564 2657 in
1583 2626 1727 2658 Dominio
1742 2637 1777 2658 ve
1816 2637 1853 2665 o,
1869 2627 1903 2657 &
1925 2627 2050 2657 maxime
2064 2627 2095 2656 in
2108 2625 2222 2656 Lennio
2236 2635 2336 2657 contra
2348 2635 2391 2664 1u-

1325 2662 1427 2693 stitiam
1439 2649 1544 2695 cotidie
1556 2665 1723 2696 inferantur:

1363 2701 1402 2732 Et
1416 2703 1528 2741 petendi
1543 2704 1577 2733 &
1592 2703 1766 2743 supplicandi
1785 2711 1817 2733 ut
1835 2701 2011 2733 Excellentia
2027 2700 2129 2745 vestra¹
2139 2701 2298 2745 hujusmodi
2317 2702 2392 2740 inJ'u-

1325 2741 1376 2770 rias
1391 2741 1424 2772 &
1443 2742 1604 2781 gravamina
1618 2741 1722 2771 ceffare
1734 2742 1831 2779 faciat,
1852 2741 1885 2771 &
1898 2740 2020 2777 dampna
2034 2739 2184 2783 resarciari:
2238 2779 2242 2784 Ι
2293 2779 2298 2784 .
2351 2778 2357 2784 ·

1363 2778 1408 2809 Ac
1422 2780 1519 2809 omnia
1535 2780 1584 2809 alia
1598 2779 1736 2817 faciendi,
1773 2789 1816 2809 uae
1829 2779 1912 2809 nobis
1926 2780 1960 2810 &
1977 2778 2142 2808 hominibus
2157 2776 2257 2808 nostris
2270 2778 2392 2810 Viderint

1326 2817 1474 2857 expedire,
1489 2818 1523 2848 &
1537 2827 1589 2848 nos
1603 2818 1694 2849 facere
1707 2827 1745 2856 po
1770 2827 1841 2848 imus
1854 2817 1874 2847 fi
1887 2817 2060 2856 personaliter
2071 2817 2281 2855 intereffemus3
2298 2824 2391 2847 ratum

1326 2857 1358 2887 &
1371 2865 1480 2895 gratum
1496 2855 1619 2886 habituri
1654 2855 1767 2895 uicquid
1779 2855 1906 2894 praedicti
1915 2855 2030 2886 Nuncii
2044 2854 2132 2885 nostri
2145 2855 2261 2886 fecerint
2275 2856 2305 2885 in
2317 2865 2392 2896 prae-

1327 2894 1413 2926 missis
1427 2895 1461 2926 &
1477 2896 1552 2938 circa
1565 2866 1712 2939 quodlibet
1726 2894 1944 2934 praemissorum.

1362 2933 1395 2964 In
1410 2933 1489 3003 exsujus
1503 2943 1544 2977 rei
1555 2933 1747 2965 testimonium
1759 2932 1904 2974 praesentes
1917 2932 2036 2964 fecimus
2051 2930 2130 2972 sigilli
2150 2930 2240 2962 nostri
2253 2932 2393 2963 munimi-

1327 2983 1364 3005 ne
1377 2982 1415 3003 co
1445 2982 1541 3013 ignari.

1362 3049 1430 3082 Dat.
1455 3051 1549 3092 Bergis
1571 3063 1649 3084 anno
1673 3052 1797 3083 Domini
1823 3052 1970 3084 millesimo
1994 3051 2190 3084 ducentesimo
2214 3050 2393 3090 octogesimo

1327 3098 1446 3129 quartO,
1463 3090 1540 3122 sesto
1553 3091 1620 3123 Kal.
1634 3090 1726 3130 Maii,
1738 3101 1815 3122 anno
1828 3094 1899 3123 vero
1914 3092 2011 3132 Regni
2025 3090 2113 3122 nostri
2127 3091 2237 3130 quinto.

1325 3247 1415 3280 Bulla
1439 3245 1483 3278 ad
1502 3248 1630 3292 Regem,
1656 3244 1692 3278 de
1709 3243 1843 3278 omnibus
1861 3243 2013 3288 commiffi‘s
2025 3271 2035 3287 ‚
2063 3247 2095 3276 in
2104 3248 2228 3291 guerris
2247 3248 2326 3276 inter
2343 3248 2389 3290 ip-

1363 3295 1436 3341 st‘m
1454 3298 1490 3332 ὠ·
1507 3296 1658 3327 Simonem
1678 3291 1713 3326 de
1739 3294 1890 3339 Aaontfort
1910 3322 1920 3338 ‚
1955 3297 1992 3332 ζῇ-
2014 3293 2200 3326 Lemelinum
2219 3296 2387 3340 Principem

1372 3343 1499 3385 Walffl,
1525 3339 1750 3387 absblvendum.

1408 3432 1521 3464 Artinus
1535 3430 1708 3470 Episcopus,
1724 3431 1816 3463 servus
1828 3432 1970 3464 servorum
1985 3431 2062 3470 Dei,
2079 3430 2282 3462 venerabilibus
2295 3429 2383 3469 fratri·
2399 3431 2475 3463 Anti,
2492 3433 2535 3464 D„

1407 3472 1459 3501 bus
1471 3470 1532 3509 Wy
1552 3471 1661 3500 omien.
1680 3471 1713 3502 ὃ(
1727 3470 1883 3510 Bangoren.
1896 3470 2057 3511 Episcopis,
2074 3470 2188 3501 salutem
2209 3469 2243 3499 &
2258 3467 2382 3507 Aposto-
2424 3473 2509 3512 1284.

1322 3513 1408 3543 licam
1421 3508 1522 3540 benedi
1555 3509 1660 3538 ionem.
2303 3545 2310 3550 Ι
2352 3544 2357 3549 ¹
2396 3514 2449 3538 An.
2479 3521 2521 3539 12.

1359 3549 1403 3579 Ex
1413 3557 1489 3586 parte
1503 3546 1633 3578 cariffimi
1647 3547 1676 3577 in
1691 3546 1807 3578 Christo
1821 3547 1869 3579 filii
1884 3547 1974 3579 nostri
1981 3545 2114 3589 Edwardi
2126 3545 2214 3585 Regis
2227 3543 2336 3585 Angliae
2350 3542 2383 3573 11-
2401 3553 2427 3575 E.
2448 3559 2471 3576 1.

1321 3587 1411 3618 lustris
1423 3587 1476 3616 fuit
1488 3585 1663 3625 propositum
1678 3595 1776 3616 coram
1791 3587 1891 3624 nobis,
1909 3584 1985 3626 quod
1997 3584 2068 3615 olim
2082 3592 2156 3615 inter
2172 3584 2252 3614 clarae
2270 3591 2382 3626 merno-
2400 3590 2476 3614 L.A.
2486 3587 2513 3624 f,

1321 3627 1372 3655 riae
1386 3625 1548 3654 Henricum
1564 3623 1679 3662 Regem
1698 3625 1809 3665 Angliae
1824 3625 1957 3655 illustrem
1969 3646 1980 3662 ,
2006 3622 2118 3656 Patrem
2133 3622 2230 3660 suum,
2240 3621 2281 3663 v&t
2293 3619 2382 3660 ipsum
2406 3626 2447 3660 38.
2463 3625 2489 3653 b.

1323 3663 1497 3694 Edwardum
1509 3671 1542 3692 ac
1557 3671 1658 3692 eorum
1672 3663 1701 3692 in
1716 3663 1768 3694 hac
1783 3673 1859 3703 parte
1873 3663 1998 3703 sequaces
2011 3671 2046 3692 ex
2065 3669 2141 3701 parte
2156 3659 2276 3704 una‚,&
2291 3668 2383 3696 quon·
2401 3663 2474 3690 Penes
2483 3667 2536 3691 Ca-

1322 3702 1388 3732 dam
1402 3700 1562 3741 Symonem
1576 3699 1612 3730 de
1627 3699 1799 3732 Monteforti
1813 3724 1824 3740 ,
1850 3702 1883 3732 &
1897 3702 1966 3731 alios
1984 3699 2154 3730 adhaerentes
2164 3697 2256 3730 eidem
2268 3706 2302 3727 ex
2317 3697 2381 3727 alte—
2400 3710 2496 3730 merar.

1322 3749 1369 3777 ra,
1387 3739 1420 3768 &
1435 3737 1623 3778 postmodum
1636 3740 1709 3770 inter
1723 3740 1846 3771 eundem
1862 3739 1974 3778 Rfflem
1988 3738 2161 3770 Edwardum
2193 3734 2384 3778 &qquoiidam

1324 3777 1495 3814 Leulinum,
1513 3778 1561 3821 qui
1574 3787 1627 3815 pro
1640 3777 1775 3817 Principe
1787 3778 1902 3808 walliae
1916 3779 1942 3808 se
1954 3778 2066 3817 gerebat
2094 3813 2099 3819 ²
2112 3784 2149 3817 aq
2186 3811 2192 3817 ,
2208 3775 2255 3803 V¹d
2270 3774 2384 3804 fratrem

1323 3815 1405 3854 ipsius
1419 3814 1532 3845 Leulini
1544 3817 1577 3846 &
1592 3826 1691 3846 eorum
1707 3817 1878 3854 complices,
1894 3798 2228 3858 guerrarum-‹ifffflmme
2248 3810 2389 3843 flucTtuan-
2410 3819 2414 3823 '

1321 3862 1351 3883 te
1366 3852 1486 3891 diutius,
1504 3863 1538 3883 ex
1559 3855 1640 3884 variis
1658 3856 1841 3885 concursibus
1861 3855 1948 3885 multa
1959 3851 2110 3883 homicidia
2124 3849 2333 3894 religiosor-um,
2353 3851 2387 3882 δε

1319 3891 1483 3922 secularium
1497 3915 1507 3930 ,
1533 3890 1714 3923 Clericorum
1735 3894 1769 3924 &
1786 3893 1828 3923 La
1846 3902 1972 3928 corum,
1997 3890 2082 3920 etiam
2102 3888 2242 3931 sacrilegia
2260 3890 2370 3933 insuper
2376 3913 2386 3928 ,

1320 3929 1340 3949 *Ξ
1355 3929 1446 3968 furta,
1460 3931 1565 3970 rapinae
1580 3932 1613 3961 &
1628 3931 1759 3963 incendia
1770 3930 1832 3962 Ecc
1844 3931 1975 3966 esurum,
1991 3925 2230 3957 Monasterlorum
2239 3950 2250 3966 ,
2268 3929 2302 3958 &
2314 3928 2385 3958 alio·-
2399 3933 2535 3971 ‘II-²⁷32

1319 3977 1382 3999 rum
1397 3967 1529 3999 locorum
1543 3968 1823 4007 Ecciefiasticorum;
1841 3967 2004 4006 injeeh'ones
2018 3973 2132 4008 quoque
2146 3974 2282 4009 manuum
2295 3977 2330 4010 .¹¹².
2342 3976 2385 3997 re-

1318 4006 1429 4045 ligiosos
1443 4007 1477 4038 &
1494 4006 1623 4039 Clericos
1641 4007 1774 4039 seculares
1788 4029 1798 4044 ‚
1820 4007 1851 4036 in
1870 4005 1951 4035 sacris
1963 4004 1996 4035 &
2016 4012 2048 4034 in
2066 4004 2223 4034 minoribus
2238 4004 2386 4048 ordinibus

1318 4044 1506 4084 constitutos,
1526 4043 1627 4077 fueriiit
1641 4046 1672 4076 in
1684 4045 1738 4075 illis
1751 4043 1874 4083 partibus
1886 4051 1946 4073 tam
1959 4049 2008 4081 per
2019 4050 2084 4080 eos,
2107 4044 2193 4080 quam
2207 4052 2257 4084 per
2271 4042 2339 4073 alios
2351 4041 2388 4074 de

2307 4090 2388 4112 man-
