2570 4261
624 147 753 187 ΕΤ
838 143 1158 187 ACTA
1241 140 1626 188 PUBLI

5 234 80 267 Anti.
93 230 133 262 D.
147 233 227 271 quod
249 233 393 265 attendant
417 233 449 265 &
472 232 607 264 obediant
627 227 670 270 ei,
688 233 721 264 &
744 227 914 262 Hteredi'ous
928 233 999 274 ejus,
1017 239 1047 262 ut
1062 229 1214 274 Domino,

26 273 110 308 1287.
149 272 200 308 nisi
214 271 305 303 dietus
320 271 454 310 Princeps
469 273 514 303 vel
529 275 564 302 ita
577 271 781 308 compleverit,
800 270 844 300 vel
861 270 894 300 ad
912 272 992 308 iphus
1008 270 1131 300 Domini
1152 267 1215 297 Re·

4 315 71 341 Ἐάν.
95 319 117 336 i.
149 313 191 350 gis
205 320 366 348 carcerem,
385 311 430 341 vel
444 310 604 341 Haeredum
620 309 734 339 suorum
750 308 861 338 redierit
874 310 944 338 infra
958 309 1121 339 terminum.

189 348 227 379 Et
245 349 340 379 dietus
360 349 495 386 Princeps
515 348 639 378 absolvat
661 356 709 376 cos
726 356 795 377 cum
809 345 1002 376 Instrumento
1016 346 1149 384 publico,
1164 343 1216 374 suo

149 386 248 455 {igino
268 387 400 426 sigillato,
418 386 435 416 ὲ
454 387 641 423 naturalitate,
659 384 805 423 fidelitate,
823 385 856 416 &
875 383 1039 423 Dominio,
1059 383 1162 422 quibus
1183 381 1217 411 si-

172 436 180 456 i
194 434 334 456 tenentur.

189 463 281 500 Item,
300 462 377 492 Ante
388 462 584 493 liberationem
599 461 754 499 Principis,
769 460 874 491 debent
890 461 1034 500 prorogari
1056 461 1090 491 &
1109 457 1215 488 firmari

151 501 275 540 Treugae
290 523 300 538 ,
356 510 398 530 uae
422 500 483 530 sunt
505 497 591 529 hodie
616 501 688 529 inter
711 498 876 529 Dominum
897 500 1011 538 Regem
1032 498 1055 527 F
1057 498 1160 528 ranciae
1180 496 1213 526 &1

151 538 318 570 Dominum
333 511 512 576 alphonsum
528 538 641 580 Regem
655 537 779 576 Aragon.
796 548 833 568 eo
849 537 939 580 modo
951 548 1010 575 quo
1021 535 1082 580 istae.
1095 534 1216 577 praesen-

151 587 192 608 tes
205 577 330 616 Treugae
342 577 414 607 dat-ae
429 578 462 608 &
477 576 594 606 firmatae
608 578 676 614 lint,
695 575 711 604 31
724 574 808 606 Festo
824 575 920 606 SanCti
946 573 1097 606 Michaelis
1119 582 1216 612 proxi-

153 625 205 645 mo
218 616 365 653 veniente,
385 615 472 653 usque
485 614 519 644 ad
534 614 652 644 Annum
666 614 855 651 completum.

192 653 230 684 Et
244 654 322 692 quod
336 652 438 683 Prince
458 663 470 683 s
485 654 566 683 faciat
581 652 637 682 dari
651 653 793 692 Treugas,
811 663 861 690 per
872 652 982 684 dietum
997 650 1117 682 Annum
1132 658 1216 680 corn-

172 691 276 730 letum,
295 692 331 722 de
350 701 410 722 tota
455 692 599 728 rovincia,
618 690 751 721 Domino
772 690 920 728 Alphonso
944 690 1019 729 Regi
1037 690 1161 729 Aragon.
1180 687 1215 719 ὅτ.

187 732 288 761 omino
304 727 418 769 jacobo
441 729 516 768 Regi
538 729 640 759 Siciliae
661 729 754 764 Fratri¹
768 729 834 767 suo,
851 730 884 760 &
904 727 1075 760 Hceredibus
1095 736 1216 764 eorum,

154 770 189 800 &
203 768 337 799 omnibus
352 776 415 806 quae
430 768 516 799 hodie
528 775 624 798 tenent
638 769 670 798 &
686 766 835 805 possident.

190 807 281 845 Item,
299 807 391 837 distas
406 804 557 845 Princeps,
573 806 636 844 post
648 806 843 836 liberationem
856 804 950 844 suam,
966 804 1050 835 debet
1065 812 1217 842 procurare

153 846 188 876 &
202 845 296 875 facere
312 845 390 883 quod
396 845 504 913 ii:infraq
511 845 673 883 praedi&am
688 844 919 913 prorogationem
933 844 1073 874 dictarum
1088 841 1218 886 'IJreuga-

152 883 672 959 ¹Igiinri’iitlifiisse’Kgactoltide'i‘lzzit<311501‘i1niilsnff
676 884 740 959 {iric
754 921 780 951 se
795 882 1014 952 ἓέᾞειὶῖἰὸῐοῖῐζὶξζε
1019 878 1218 956 ξ’ἑῗεῐῖςέἰῖᾗυέζῑ

153 959 282 1000 Treugas
297 969 348 998 per
360 960 533 991 Triennium
547 960 685 990 duraturas
700 959 855 997 predictis,
871 959 1006 989 Domino
1021 955 1141 987 Aifonso
1156 954 1218 986 Re-

153 999 182 1037 gi
196 998 320 1038 Aragon.
340 999 373 1029 &
390 998 522 1029 Domino
532 998 646 1037 Jacobo
661 997 749 1028 Fratri
761 998 827 1036 suo,
845 999 878 1028 ὃς
893 994 1063 1027 Haeredibus
1070 995 1219 1039 ipsorum,

153 1046 188 1066 ac
208 1035 293 1067 etiam
316 1036 486 1068 Valitoribus
505 1038 573 1075 suis,
597 1036 634 1067 de
654 1036 790 1066 omnibus
811 1045 875 1074 quae
896 1035 962 1073 ipsi,
982 1034 1129 1065 Dominus
1152 1032 1219 1063 Rex

153 1074 278 1114 Aragon.
297 1076 331 1106 &
346 1075 492 1107 Dominus
502 1075 628 1114 Jacobus
645 1075 710 1105 Rex
725 1074 843 1112 Siciliae,
862 1074 957 1105 Frater
972 1073 1050 1110 suus,
1068 1073 1101 1103 &
1116 1071 1219 1102 Haere-

150 1112 199 1143 des
223 1115 364 1153 ipsorum,
383 1115 519 1145 tenebunt
540 1114 574 1145 &
594 1113 791 1151 possidebunt,
806 1112 851 1142 die
868 1122 922 1149 qua
936 1110 1078 1141 dabuntur
1091 1110 1219 1147 Treugae

150 1150 296 1183 dictorum
309 1154 394 1183 trium
410 1153 582 1190 Annorum,
600 1153 616 1181 a
631 1152 677 1182 die
688 1152 858 1182 liberationis
871 1151 927 1180 suae
942 1149 1029 1187 usque
1044 1147 1079 1179 ad
1093 1156 1148 1192 tres
1170 1158 1219 1178 an-

151 1200 205 1220 nos
220 1191 392 1230 completos,
415 1192 449 1223 &
463 1192 531 1222 ultra
544 1198 593 1229 per
607 1190 650 1220 sex
666 1188 796 1228 Menses,
815 1189 834 1219 si
847 1188 939 1219 dietus
951 1186 1104 1230 Princeps,
1117 1196 1146 1230 in
1161 1186 1219 1216 fine

150 1228 296 1261 dffkorum
310 1231 394 1260 trium
410 1230 578 1267 Annorum,
597 1227 709 1258 redierit
722 1228 757 1258 ad
772 1236 917 1258 carcerem
932 1225 1058 1256 Domini
1072 1223 1161 1265 Regis
1176 1224 1219 1254 A-

152 1276 250 1307 ragon.
270 1268 433 1306 supradieii,
451 1267 497 1299 vel
510 1266 669 1297 Haeredum
686 1265 818 1303 suorum;
869 1303 874 1308 Ι
1198 1299 1204 1307 .

194 1305 305 1346 Qiod,
323 1306 372 1337 nisi
394 1307 496 1337 faceret
514 1306 549 1336 &
569 1304 745 1343 compleret,
763 1306 796 1334 &
816 1302 877 1332 fieri
898 1301 1049 1333 faceret&
1065 1301 1222 1339 compleri,

153 1344 200 1375 vel
223 1345 272 1375 nisi
292 1344 327 1375 ad
346 1355 487 1376 carcerem
508 1342 634 1374 Domini
657 1341 795 1380 Alphonsi
812 1340 858 1370 Re
879 1341 899 1370 is
916 1340 1039 1380 Aragon.
1058 1340 1104 1369 vel
1118 1340 1221 1370 Haere-

153 1382 226 1413 dum
239 1383 320 1421 ipsius
343 1383 470 1421 redierit,
487 1382 557 1412 infra
576 1380 808 1420 prorogationem
827 1378 864 1422 di.
887 1387 967 1423 arum
987 1374 1167 1417 Treugarum
1188 1389 1221 1409 u-

150 1423 213 1452 nius
226 1421 321 1460 Anni,
339 1421 373 1453 &
385 1420 488 1454 ostaaia
502 1421 615 1458 omnia,
634 1428 684 1457 per
706 1417 795 1456 ipsum
817 1416 982 1454 Principem
1001 1416 1078 1455 data,
1096 1417 1130 1447 δε
1151 1425 1221 1447 terra

153 1458 331 1498 Provinciae,
349 1460 384 1490 δε
397 1455 532 1498 ςυεῖιῑῐῑαε
547 1457 745 1497 quinquaginta
758 1455 870 1499 milium
895 1455 1062 1485 Marcarum
1084 1455 1220 1499 Argenti,

151 1505 207 1535 pro
226 1497 448 1529 affecuramento
470 1495 604 1528 Ecclefiae
624 1496 769 1526 Romanae
788 1493 919 1524 faciendo
939 1492 1085 1532 assignata,
1104 1493 1156 1524 sint
1177 1503 1221 1523 in-

151 1535 232 1566 cursa
253 1537 282 1566 in
305 1535 386 1575 poffe
406 1536 475 1567 dieti
494 1535 618 1567 Domini
639 1532 776 1571 Alphonfi
798 1532 886 1572 Regis
907 1531 1030 1571 Aragon.
1050 1532 1083 1574 {Sc
1099 1531 1216 1563 Haered.

151 1574 252 1643 ἔρξας,
270 1574 304 1619 ad
318 1575 436 1646 {icciend
449 1574 492 1645 ge
504 1575 543 1605 eis
555 1573 613 1605 suas
625 1573 723 1604 liberas
736 1571 913 1610 voluntates3
931 1569 1008 1602 salvis
1023 1569 1128 1601 elidem
1142 1570 1219 1602 obfi-

173 1624 180 1643 1
203 1623 234 1644 us
247 1622 304 1645 Vita
370 1623 447 1645 mern
470 1623 521 1644 ris:
1018 1644 1021 1645 γ

191 1650 230 1684 Et
251 1653 400 1691 praedictus
420 1652 568 1685 Dominus
587 1649 654 1684 Rex
672 1651 797 1692 Aragon.
820 1646 913 1689 dabit,
931 1654 986 1695 pro
1006 1648 1048 1687 se,
1067 1648 1101 1682 &
1123 1646 1218 1694 Fratre

154 1690 206 1721 suo
221 1689 356 1729 Domino
365 1693 498 1731 Jacobo,
516 1691 598 1731 Rege
612 1691 714 1722 Siciliae
749 1692 783 1723 &
797 1690 997 1721 nichilominus
1019 1688 1077 1718 dari
1097 1688 1180 1732 faciet
1202 1689 1219 1718 a

149 1727 230 1760 dieto
248 1729 384 1761 Domino
398 1730 513 1769 Jacobo
534 1729 629 1761 Fratre
648 1729 697 1760 suo
716 1714 845 1772 'Treugas
856 1728 999 1773 'omnibus
1018 1726 1177 1766 praedictis,
1201 1727 1218 1758 ὲ

151 1768 255 1806 quibus
269 1768 399 1806 Treugas
414 1769 565 1807 recipient,
583 1776 619 1799 eo
633 1767 724 1799 modo
738 1776 798 1806 quo
812 1767 862 1798 {ibi
876 1764 1024 1797 dabuntur.

190 1803 283 1845 Item,
299 1805 391 1838 ἀίἂυε
410 1806 562 1845 Princeps,
581 1806 652 1837 infra
676 1816 766 1838 unum
788 1805 909 1836 Annum
915 1803 1010 1873 kpost
1023 1803 1220 1875 libegationegci

946 1853 1050 1874 omana
1091 1852 1163 1874 rmet

3 461 139 498 4.Condir.

6 802 136 838 5.Condit.

7 1809 138 1840 &Gaudia

151 1843 250 1884 suam,
267 1844 432 1884 procurabit
447 1845 481 1877 δε
493 1847 577 1877 faciet
595 1844 654 1876 fleri
674 1844 753 1884 quod
771 1843 896 1875 Ecciefia
1176 1879 1179 1882 Δ

151 1881 291 1916 affecuret
304 1884 435 1924 ydonee,
455 1885 535 1923 quod
546 1884 596 1915 nisi
610 1883 744 1922 Princeps
758 1882 840 1914 faciat
854 1891 955 1921 pacem
969 1881 1132 1925 cumdicto
1152 1880 1218 1912 Do-

151 1924 234 1957 mino
254 1922 303 1954 Re
323 1933 340 1954 e
360 1923 497 1962 Alfonso,
524 1924 558 1955 &
579 1921 715 1953 Domino
732 1922 847 1962 Jacobo
867 1921 952 1956 Rege
974 1919 1078 1950 Siciliae
1124 1920 1219 1951 Fratre

150 1960 222 2000 suo,
239 1961 273 1993 &
328 1961 463 1993 ae'redibus
484 1960 551 2000 suis,
570 1971 622 1999 pro
642 1961 684 2000 se,
704 1961 738 1992 &
758 1956 883 1990 Ecclefia
906 1958 1058 1996 Romana,
1116 1959 1219 1990 omino

149 1997 239 2040 Rege
252 1999 393 2040 Franciae‚
411 1998 445 2032 δὲ
460 2000 594 2031 Domino
610 1999 722 2030 Karolo
735 1997 830 2028 Fratre
843 1997 910 2035 suo,
927 1996 964 2027 de
977 1996 1033 2035 qua
1046 1997 1219 2040 sitnconten-

147 2047 194 2070 tus
212 2038 290 2070 idem
312 2038 544 2074 DominusRex
566 2036 715 2074 Alsonsus,
734 2036 768 2067 ὃ(
780 2036 819 2066 sui
831 2035 986 2073 Haeredes,
1003 2031 1049 2066 vel
1061 2035 1110 2066 nifi
1124 2035 1219 2067 redeat

147 2077 185 2109 ad
204 2077 360 2110 Carcerem
375 2075 446 2109 diei
460 2076 587 2109 Domini
600 2074 687 2114 Regis
699 2073 839 2113 Alphonsi
850 2074 921 2105 infra
940 2082 995 2106 tres
1015 2073 1135 2113 Annos,
1152 2074 1218 2113 post

147 2111 349 2147 liberationem
363 2117 455 2153 suam,

189 2153 282 2194 Qod
297 2153 412 2185 ecclesia
427 2163 487 2185 non
501 2153 584 2186 faciat
618 2164 729 2185 uerram
744 2153 837 2184 eidem
848 2152 984 2187 Domino
997 2151 1074 2190 Regi
1087 2152 1220 2191 Alphon-

146 2191 199 2232 so,
216 2202 272 2224 nec
288 2191 422 2225 Domino
438 2192 514 2233 Regi
522 2163 638 2232 Jacogo
653 2192 738 2223 Fratri
752 2192 817 2230 suo,
836 2201 890 2222 nec
905 2189 1076 2236 Ijlaeredibus
1097 2191 1216 2235 eor-und.

147 2240 203 2263 nec
219 2232 317 2270 terris,
334 2242 402 2271 quas
414 2231 501 2262 hodie
515 2239 613 2263 tenent
626 2232 661 2262 &
666 2230 832 2275 possident,
846 2240 901 2260 nec
910 2230 1019 2268 juvabit
1031 2229 1120 2267 ipsum
1135 2229 1218 2274 Prin—

152 2271 250 2308 cipem
285 2280 340 2301 nec
353 2270 472 2302 nocebit
484 2270 563 2301 dicto
578 2270 714 2301 Domino
728 2268 759 2300 R
795 2270 805 2299 i
827 2268 991 2308 Alphonso,
1009 2278 1064 2299 nec
1083 2267 1219 2299 Domino

147 2307 226 2349 Regi
244 2295 359 2348 jacobo
381 2309 471 2339 Fratri
491 2309 555 2348 suo,
580 2319 636 2340 nec
654 2319 757 2340 eorum
812 2307 949 2338 aeredibus
964 2331 973 2345 ,
999 2317 1054 2351 nec
1075 2308 1218 2351 permittat

150 2347 231 2386 quod
255 2347 402 2379 Dominus
425 2347 492 2378 Rex
514 2348 658 2387 Franciae,
682 2347 729 2380 vel
752 2346 904 2385 Princeps,
928 2346 974 2376 vel
998 2345 1089 2376 dietus
1111 2345 1220 2376 Domi-

150 2394 204 2417 nus
224 2386 347 2418 Karolus
362 2411 373 2425 ,
398 2390 445 2418 aut
462 2386 546 2424 aliqui
563 2386 609 2417 alii
626 2386 731 2418 faciant
748 2395 877 2431 guerram
895 2384 975 2414 dic'to
993 2383 1128 2414 Domino
1144 2383 1222 2428 Regi

148 2423 299 2463 Alphonso
313 2449 324 2464 ,
354 2435 410 2456 nec
429 2421 567 2455 Domino
585 2423 661 2464 Regi
678 2424 785 2456 Siciliae
804 2421 893 2454 Fratri
909 2422 959 2452 suo
973 2445 983 2460 ,
1017 2432 1071 2452 nec
1089 2421 1221 2452 Haeredi-

146 2462 322 2531 busseorum
333 2486 344 2504 ,
366 2472 422 2496 nec
440 2463 519 2495 terris
538 2471 605 2502 quas
623 2463 710 2494 hodie
727 2471 828 2494 tenent
845 2457 879 2493 &⁴
897 2459 1055 2499 possident,
1076 2470 1110 2490 ex
1128 2461 1218 2499 aliqua

144 2509 198 2532 cau
210 2511 240 2532 a·

183 2526 243 2579 Et}
259 2540 279 2571 fi
293 2539 374 2571 istam
386 2540 562 2572 securitatem
576 2550 636 2571 non
658 2539 869 2579 procuraverit,
887 2537 922 2569 &
943 2536 1003 2580 sieri
1017 2547 1082 2581 *non
1103 2536 1218 2576 fecerit,

144 2577 216 2608 infra
231 2588 321 2610 unum
334 2578 452 2610 Annum
466 2579 531 2617 post
545 2579 742 2610 liberationem
755 2578 849 2616 suam,
869 2585 901 2607 ut
923 2580 1121 2619 praemittitur,
1136 2577 1218 2607 amit-

143 2623 200 2654 tat,
218 2626 272 2654 pro
293 2626 397 2657 poena,
417 2618 527 2656 quinqu
563 2619 619 2648 inta
641 2617 717 2647 milia
739 2615 906 2647 Marcarum
928 2613 1048 2653 Argenti
1083 2624 1149 2652 quae
1169 2624 1218 2652 ap·-

142 2654 284 2692 plicentur
297 2654 377 2686 dieto
392 2626 620 2694 Dominoaitegi
634 2655 671 2686 Al
692 2655 783 2699 honso
797 2656 831 2686 &
847 2651 1018 2684 Haeredibus
1040 2637 1111 2691 {siis3
1130 2657 1217 2691 quam

145 2693 265 2730 quidem
283 2695 434 2732 pecuniam
453 2695 590 2726 assecuret
610 2704 659 2732 per
713 2702 847 2724 ominum
869 2692 899 2722 R
936 2701 984 2721 em
1003 2687 1216 2730 Anghae‚⁴ante

146 2732 186 2762 sui
207 2732 422 2771 liberationem,
439 2732 470 2763 in
491 2733 572 2772 poffe
590 2732 660 2763 dieti
675 2732 798 2763 Domini
812 2729 901 2770 Regis
944 2729 1044 2767 lfonfi,
1063 2730 1097 2762 &
1111 2729 1216 2760 Haere-

145 2770 217 2800 dum
230 2771 364 2809 suorum,
382 2771 433 2802 sub
446 2772 608 2809 securitate,
627 2769 663 2800 de
676 2781 729 2809 qua
739 2769 818 2801 idem
831 2769 979 2800 Dominus
992 2768 1060 2799 Rex
1081 2767 1216 2807 Alphon-

141 2807 184 2839 sus
199 2809 231 2839 fit
245 2818 375 2850 pacatuS,
393 2810 439 2841 vel
452 2810 492 2841 sui
513 2809 661 2840 Haeredes.

180 2846 266 2879 Salvo
280 2848 376 2887 quod,
394 2849 414 2878 fi
429 2849 500 2879 infra
516 2848 668 2886 praedie’tos
689 2856 745 2879 tres
768 2846 869 2878 Annos
892 2854 993 2885 pacem
1011 2846 1112 2877 fecerit
1136 2845 1216 2877 disto

140 2882 277 2917 Domino
299 2886 378 2924 Regi
398 2885 537 2926 Affonso,
556 2887 590 2918 &
606 2886 742 2917 Domino
762 2885 838 2925 Regi
856 2885 971 2924 Jacobo
990 2884 1079 2915 Fratri
1094 2885 1162 2925 suo,
1181 2886 1215 2916 ὃς

139 2922 312 2955 Haeredibus
333 2925 402 2962 suis,
420 2924 457 2955 de
475 2935 529 2963 qua
552 2925 629 2956 idern
646 2924 794 2955 Dominus
811 2924 969 2962 Alphonsus
982 2924 1015 2955 sit
1050 2932 1161 2961 acatus,
1179 2924 1214 2954 &

140 2961 182 2992 sui
193 2961 346 3000 Haeredes,
365 2962 411 2994 vel
423 2962 459 2993 ad
471 2973 616 2994 carcerem
633 2963 756 3001 ejusdem
774 2962 899 2994 Domini
909 2962 998 3002 Regis
1063 2962 1165 3000 phonfi
1180 2963 1214 2993 &

144 2999 306 3032 Haeredum
319 3000 437 3031 suorum
452 3001 564 3033 redierit
599 3002 674 3032 dieta
690 3002 836 3040 securitas,
853 3001 915 3032 data
935 3002 1043 3032 ratione
1061 3001 1146 3031 dietae
1168 3008 1217 3038 pe-

144 3039 256 3078 cuniae,
275 3039 308 3070 sit
319 3038 461 3078 absoluta,
480 3040 514 3071 &
529 3026 585 3077 ipse
600 3040 736 3080 Princeps
750 3039 783 3071 sit
796 3039 937 3072 absolutus
949 3040 985 3071 ab
999 3040 1160 3071 incursione
1172 3038 1215 3069 di·

24 3126 132 3156 Condit.
146 3076 327 3154 &aftgffinafi
342 3116 445 3147 Prince
465 3126 478 3146 s
500 3115 667 3155 praedici-us,
689 3117 761 3148 infra
780 3117 873 3149 dictos
893 3126 949 3148 tres
973 3116 1074 3149 Annos
1115 3125 1216 3156 pacem

1 3134 20 3167 7
145 3162 206 3183 non
229 3154 328 3185 fecerit
347 3154 426 3185 dic‘to
446 3126 582 3186 Domino
608 3154 684 3195 Regi
697 3156 864 3195 Alphonso,
882 3157 916 3187 &
929 3156 1064 3187 Domino
1078 3141 1153 3195 Regi
1165 3155 1214 3194 Ja-

147 3192 246 3259 ffibo*‚
258 3192 353 3262 {gagi
366 3193 490 3261 suo],o‹3l{
499 3193 668 3261 [Trlaeiffdirbus
681 3194 752 3263 suis&
765 3206 818 3265 go
841 3196 885 3240 se,
903 3197 946 3264 δῖ(
958 3194 1084 3264 Εεξὶεὲα
1104 3194 1215 3262 Ιζοίι-τηι-Ι

147 3269 184 3299 de
196 3254 254 3313 ’qua
268 3241 744 3315 diettigtsslominiisoikeitaAliffiisus
758 3272 790 3303 sit
799 3243 934 3310 ῖῐειῃειὲῑῗιε,
949 3244 998 3303 igi
1009 3244 1050 3302 (fiii
1064 3242 1216 3315 ffigsseffl,

148 3307 194 3351 vel
215 3307 265 3375 {ilfi
287 3307 399 3377 regigrxzssit
421 3308 456 3339 ad
478 3307 633 3339 Carcerem
654 3311 735 3347 lpilus
750 3309 874 3342 Domini
889 3310 978 3351 Regis
994 3310 1149 3349 Aiplionii,
1167 3308 1215 3340 vel

148 3355 311 3429 ejugsta{i5
323 3371 438 3430 omn’ia,
455 3394 506 3423 per
525 3386 615 3430 ipsum
632 3385 729 3430 Princi
751 3396 803 3431 ern.
815 3386 893 3426 data,
910 3388 945 3419 δε
956 3396 1029 3418 terra
1049 3384 1212 3418 Provinciae

150 3423 212 3454 sunt
233 3423 341 3454 incursa
365 3434 401 3466 in·
416 3423 497 3461 poffe
507 3422 575 3468 ἀιξζι
591 3424 715 3468 Domini
762 3434 817 3464 egis
832 3426 988 3467 Alphonsi,
1006 3428 1040 3459 &
1054 3423 1213 3457 Haeredum

149 3461 284 3501 suorum,
302 3462 336 3492 ad
349 3461 468 3493 faciend.
484 3461 521 3492 de
536 3472 572 3492 eis
585 3462 641 3493 suas
658 3462 754 3493 liberas
769 3463 945 3504 voluntates·,

165 3540 170 3545 1
189 3500 277 3531 Salvis
290 3501 357 3545 'ipsis
376 3499 519 3544 obsidibus
541 3501 596 3531 vita
615 3502 657 3544 ὃς.
671 3501 824 3546 membris,
842 3503 876 3534 &
897 3500 973 3535 salvo
994 3503 1091 3543 quod,
1108 3503 1127 3533 fi
1142 3512 1214 3533 con-

148 3537 1215 3622 3533?&3¹:13¹„1553ss¹332-2232533‘zSssffssgffssfffafflssssic3⁶11‚⁰52

150 3617 328 3660 praedicitur,
341 3615 472 3660 ¹ostagia,
497 3626 547 3659 per
567 3614 660 3659 ipsum
677 3615 741 3659 data
754 3640 764 3654 ,
776 3617 836 3660 ‘seu
855 3627 926 3649 terra
947 3617 1129 3657 Provinciae,
1153 3628 1215 3648 non

150 3653 204 3698 sint
218 3655 326 3686 incursa
339 3664 368 3684 in
383 3653 464 3693 poffe
476 3652 545 3685 dicti
560 3653 683 3685 Domini
706 3653 796 3694 Regis
815 3655 970 3696 Alphonfi,
987 3658 1033 3688 seu
1053 3656 1213 3688 Haeredum

149 3693 328 3774 lfffisugffdie‘ti
348 3731 458 3762 obfides
477 3738 656 3770 remaneant,
680 3730 714 3761 &
735 3730 787 3761 sint
804 3729 854 3762 sub
874 3734 1005 3770 captione
1025 3735 1086 3773 sua,
1109 3734 1143 3765 &
1163 3733 1214 3764 sub

151 3778 208 3806 ejus
228 3769 375 3814 Dominio
388 3793 398 3808 ,
413 3769 530 3814 'tamdiu
547 3769 642 3800 donec
663 3769 755 3807 ipsum
776 3770 924 3837 negotium
944 3782 994 3809 per
1016 3782 1118 3810 pacem
1131 3796 1149 3817 ,.
1177 3771 1215 3802 de

151 3817 207 3844 qua
228 3808 305 3840 idern
326 3808 472 3839 Dominus
492 3807 558 3838 Rex
580 3807 758 3846 fflphonsus,
777 3817 814 3838 ve
841 3807 880 3838 sui
900 3809 1039 3840 Haeredes
1061 3820 1150 3848 pacati
1172 3821 1215 3841 es-

148 3845 230 3913 ξῐῐῗὸῐ)
253 3847 338 3879 fuerit
358 3847 589 3878 consummatum
605 3870 616 3885 ,
638 3845 716 3876 salvis
735 3845 798 3883 ipsis
817 3846 959 3878 obsidibus
984 3849 1042 3880 vita
1063 3850 1098 3881 δε
1119 3858 1214 3880 mern-

187 3906 502 3965 thuantumcumque
515 3922 676 3953 differi-etur
690 3923 765 3961 pacis
782 3922 936 3962 perfectio,
954 3922 1002 3956 fiet
1017 3924 1160 3957 restitutio
1179 3924 1219 3956 de

148 3958 260 3998 ostagiis
275 3960 340 3997 post
354 3964 428 4000 pacis
441 3963 657 4004 perfetfftionem,

184 3995 292 4066 Regni.
311 3997 465 4070 Pii'miffiirs
483 4000 548 4033 Rex
567 3999 729 4040 Alphonfus
750 4001 897 4038 promittat
917 4000 952 4032 &
973 4000 1108 4034 assecuret
1125 4026 1135 4040 ,
1164 4011 1216 4041 per

3 3235 136 3272 ἸΙ-349·

18 4021 127 4049 condit.

1682 148 1721 188 C
1776 142 1825 189 Α.
2264 153 2316 196 19

1248 224 1413 269 Dominum
1436 227 1549 272 Regem
1571 230 1703 275 Angliae,
1719 232 1798 271 quod
1822 225 1966 271 compleat
1985 222 2112 270 Frinpici
2123 227 2156 263 ὃς
2169 232 2227 271 cju's
2241 228 2314 261 Hae-
2331 225 2407 256 Ann-
2421 226 2463 258 D‹

1248 264 1360 308 redibus
1375 276 1490 305 omnia,
1509 278 1574 306 quae
1587 271 1638 299 nbi
1652 273 1818 308 promittet;
2361 267 2445 303 ¹237*

1282 301 1536 348 ,Principe'tainen
1556 308 1722 345 complente
1742 309 1835 338 eidem
1857 308 1991 339 Domino
2011 308 2088 350 Regi
2109 306 2258 346 Alphonso
2279 307 2313 339 &
2334 305 2401 331 Edv.
2423 315 2431 331 1

1249 338 1302 370 suis
1316 340 1488 386 Haeredibus
1502 346 1616 383 omnia,
1636 356 1701 383 qut-e
1715 347 1765 377 sibi
1780 349 1809 377 in
1820 347 1859 377 sui
1874 347 2037 377 liberatione
2051 348 2207 385 promittet.

1287 377 1379 418 Item,
1407 379 1542 423 Princeps
1562 386 1724 422 promittet,
1748 395 1818 415 cum
1835 386 2014 423 juramento,
2039 384 2224 423 corporaliter
2244 394 2315 422 prae-¹
2336 391 2465 425 9.csndit„

1251 415 1369 460 standon,
1388 417 1520 449 Domino
1536 419 1683 463 Alphonso
1695 421 1771 462 Regi
1786 423 1910 462 Aragon.
1929 424 1962 454 &
1982 423 2150 453 Hieredzbiis
2164 424 2232 462 suis,
2250 430 2316 454 ante
2460 424 2467 428 ”

1251 455 1465 500 liberationem,
1483 457 1516 487 ὃς
1531 467 1614 488 etiam
1629 459 1780 497 postquam
1795 461 1878 492 fuerit
1891 471 1959 491 cum
1972 461 2070 492 illustri
2087 462 2220 492 Domino
2232 462 2315 502 Rege

1250 491 1379 537 Ang¹¹ae,›
1402 494 1474 525 infra
1493 505 1518 525 tr
1529 495 1635 535 duum,
1654 498 1732 535 quod
1752 499 1834 528 faciet
1855 509 1953 537 pacem
1971 500 2063 530 eidem
2083 499 2214 530 Domino
2237 501 2315 540 Regi

1251 530 1401 568 Alphonso
1434 533 1468 564 &
1482 532 1615 565 Domino
1636 535 1710 576 Regi
1725 536 1856 575 jacobo,
1873 536 1959 567 Fratri
1977 537 2045 576 suo,
2065 536 2098 568 &
2120 549 2220 569 eorum
2240 539 2315 570 Ha:-

1251 570 1309 599 red,
1329 581 1382 614 pro
1395 557 1422 601 ie
1455 569 1489 602 &
1502 571 1627 603 Ecclefia
1640 573 1791 613 Romana,
1809 575 1842 606 &
1864 574 1998 605 Dom'no
2017 568 2100 615 Rege
2123 577 2248 608 Franciae
2280 578 2314 609 &-

1253 607 1395 652 Domino·
1412 595 1522 640 Karoio
1543 611 1638 642 Fratre
1658 612 1725 650 suo,
1743 613 1779 643 de
1803 623 1856 650 qua
1873 613 1929 650 ipse
1943 586 2088 644 Dominus
2103 611 2168 645 Rex
2184 601 2316 655 Alph'ona

1251 645 1294 675 sus
1316 648 1349 691 ὃς
1370 657 1429 691 ejus
1449 646 1586 679 Haeredes
1608 649 1660 681 sint
1682 660 1701 687 p
1718 651 1772 682 cati
1789 662 1800 689 ι,
1831 650 1878 681 vel
1900 651 2000 681 redibit
2019 650 2054 682 ad
2073 651 2227 684 Carcerem
2247 655 2317 685 dieti

1253 683 1377 728 Domini
1391 685 1478 725 Regis
1491 685 1647 726 Alphonfi‚
1664 661 1884 720 veiHaeredum
1905 688 2040 729 suorum,
2056 690 2127 721 infra
2147 693 2300 723 triennium
2310 713 2322 732 ,

1251 721 1317 763 post
1332 723 1529 755 liberationem
1542 725 1637 765 suam3

1290 759 1330 790 Et
1350 762 1446 801 quod,
1473 764 1544 794 infra
1561 764 1680 803 spatium
1699 763 1771 795 illius
1792 766 1931 804 termini,
1954 765 2041 796 nichil
2059 767 2119 804 paci
2143 770 2316 800 contrarium

1252 796 1544 845 procurabith-eque
1557 813 1606 840 per
1621 802 1648 832 se
1683 813 1776 841 neque
1788 814 1838 841 per
1858 803 1960 843 alium,
1978 813 2025 835 aut
2045 806 2191 841 tractando
2211 805 2247 837 de
2266 817 2317 838 eo·

1254 846 1318 866 rum
1325 861 1340 881 ,ι
1353 837 1477 882 Domini
1492 840 1580 880 Regis
1597 825 1754 881 Alphons½
1770 843 1802 873 &
1825 841 1948 873 Domini
1963 842 2067 882 jacobi
2090 843 2193 884 Regis,
2211 845 2315 876 Siciliae

1254 874 1354 917 Fratris
1366 876 1405 906 sui
1443 877 1486 908 vel
1501 877 1661 909 Haeredum
1677 879 1807 918 suorum,
1826 877 2018 912 incommodo
2039 891 2176 920 quantum
2197 883 2232 913 ad
2252 893 2317 922 pera

1256 916 1351 952 ionas,
1370 901 1508 960 &1bona,
1526 918 1560 961 ὅτ
1576 925 1674 961 terras,
1689 919 1723 961 &c
1736 918 1786 947 alia
1800 928 1863 957 quae
1877 920 1926 957 ipsi
1940 920 2077 950 tenebunt
2089 921 2122 951 &
2137 921 2317 959 poffidebunt

1254 959 1385 996 tempore
1399 948 1571 985 liberationis
1585 955 1653 986 diCti
1672 954 1827 993 Principis,
1844 963 1890 988 aut
1910 957 2052 988 molestias
2071 969 2121 996 per
2140 960 2184 998 se,
2200 968 2245 991 aut
2267 971 2318 999 per

1253 990 1321 1019 alios
1334 990 1499 1033 inserendo,
1515 1001 1561 1023 aut
1575 993 1793 1031 conspirationes
1806 995 1907 1032 aliquas
1921 1005 2020 1026 contra
2035 1006 2084 1026 eos
2097 997 2141 1027 vel
2155 1008 2254 1029 eorum
2271 1000 2320 1029 ali-

1256 1030 1504 1072 quem-iaciendo,
1521 1039 1568 1061 aut
1581 1031 1642 1061 fieri
1656 1033 1860 1070 permittendo,
1879 1034 1929 1062 ubi
1941 1035 1997 1071 ipse
2011 1044 2060 1071 per
2073 1034 2100 1064 se
2114 1036 2160 1066 vel
2172 1046 2222 1074 per
2234 1037 2321 1068 alium

1255 1064 1489 1098 Machinamenta
1502 1068 1661 1107 hujusmodi
1676 1071 1779 1107 poterit
1792 1070 1937 1108 impedire.

1294 1103 1390 1149 Item,
1405 1105 1556 1137 Promittet
1570 1108 1603 1138 ὅ(
1614 1109 1733 1146 jurabit,
1751 1109 1780 1137 in
1803 1109 1842 1138 sui
1862 1105 2044 1147 liberatione,
2061 1111 2140 1148 quod
2160 1110 2320 1151 complebit
2347 1127 2390 1146 io.
2405 1123 2470 1147 con»

1257 1142 1363 1211 &fifri
1375 1145 1459 1175 saciet
1471 1146 1616 1212 tgr-minis,
1633 1147 1662 1175 in
1678 1146 1736 1177 hoc
1749 1146 1853 1185 scripto
1868 1148 2023 1185 contentis,
2041 1150 2138 1178 omnia
2156 1160 2219 1188 quae
2241 1153 2320 1190 sup&
2342 1159 2390 1186 dit.

1256 1191 1313 1210 rius
1335 1191 1385 1213 unt
1398 1192 1481 1220 expre
1507 1193 1535 1213 a·

1271 1257 1275 1262 .
1294 1217 1334 1248 Et
1349 1221 1428 1258 quod
1436 1207 1618 1261 Juram'enta,
1636 1222 1669 1253 &
1680 1222 1777 1254 omnia
1790 1223 1869 1261 pacta
1885 1224 1913 1252 in
1926 1221 2067 1260 praesentis
2091 1222 2184 1262 scripti
2203 1234 2322 1258 annota⁵

1255 1265 1349 1301 tione·
1363 1267 1517 1298 contenta,
1552 1261 1701 1292 renovabit
1721 1261 1792 1291 infra
1808 1258 1954 1292 Triduum
1975 1261 2128 1300 postquam
2149 1264 2233 1295 fuerit
2252 1275 2322 1296 cum

1257 1294 1393 1327 Domino
1407 1297 1493 1335 Rege
1508 1297 1554 1328 An
1576 1299 1620 1329 liae
1633 1299 1789 1337 praedicftog

1295 1333 1388 1373 Qod
1428 1337 1448 1366 fi
1471 1346 1531 1367 non
1564 1347 1672 1376 aceret,
1697 1337 1730 1368 sit
1752 1337 1862 1368 infamis
1883 1338 1917 1368 &
1937 1338 2079 1377 perjurus,
2100 1339 2135 1370 δε
2155 1350 2323 1380 nuncquam

1257 1371 1368 1403 honore
1381 1358 1477 1414 Regio
1489 1377 1629 1421 potiatur,
1647 1376 1693 1408 vel
1708 1373 1804 1415 Regio
1816 1377 1936 1407 nomine
1947 1378 2119 1407 nominetur.
2216 1412 2218 1415 ,

1293 1410 1327 1441 In
1344 1418 1468 1450 quorum
1483 1411 1679 1445 testimonium
1693 1416 1810 1455 praesens
1830 1415 1981 1453 scriptum,
1999 1417 2028 1445 in
2049 1416 2170 1447 modum
2190 1416 2323 1449 Ciroora-

1257 1449 1305 1487 phi
1319 1450 1504 1490 conferstum,
1524 1452 1632 1490 praefati
1645 1452 1740 1492 Reges
1756 1453 1861 1492 incliti,
1879 1453 1991 1492 Angliae
2013 1453 2047 1484 ὃ(
2069 1454 2194 1494 Aragon.
2210 1443 2323 1497 Sigillo-

1256 1498 1322 1519 rum
1337 1489 1452 1520 suorum
1461 1513 1471 1529 ,
1486 1490 1642 1522 alternatim
1651 1515 1660 1530 ,
1675 1492 1804 1522 fecerunt
1819 1493 1976 1522 munimine
1989 1492 2126 1523 roborari.

1294 1564 1361 1597 Aet.
1380 1565 1465 1606 loco,
1482 1566 1545 1607 die,
1567 1568 1601 1600 &
1616 1567 1704 1599 Anno
1717 1567 1810 1599 Dom.
1826 1567 1950 1607 superius
1965 1570 2111 1600 annotatis,

1257 1709 1304 1741 De
1337 1709 1542 1742 Matrimonio
1565 1711 1642 1742 inter
1668 1708 1834 1755 Alfonfitm
1858 1711 1964 1756 Regem
1981 1711 2157 1757 Arragoniae
2170 1715 2208 1751 (47
2226 1713 2323 1747 Alia-

1422 1765 1528 1790 noram
1542 1759 1658 1791 Filiam
1674 1761 1762 1805 Regis
1780 1759 1895 1805 Angliae
1915 1758 2158 1803 conflammandm

1267 1837 1321 1905 bl
1340 1841 1465 1876 Overirit
1475 1839 1610 1876 Univerfi
1646 1844 1704 1879 uod
1717 1852 1769 1875 nos
1784 1843 1958 1882 Edwardus,
1977 1839 2034 1874 D'ei
2047 1844 2153 1885 gratia,
2171 1845 2236 1877 Rex
2255 1845 2320 1878 An-
2344 1847 2468 1882 AnnD,

1350 1883 1414 1922 gliae
1427 1907 1437 1922 ,
1464 1882 1610 1914 Dominus
1675 1884 1787 1914 iberniae
1814 1884 1847 1915 &
1874 1882 1944 1914 Dux
1970 1883 2128 1922 Aquitaniae
2142 1908 2151 1923 ,
2182 1887 2264 1926 gratis
2286 1888 2319 1917 ὃς
2366 1891 2451 1928 128γὴ

1256 1921 1408 1965 spontanea
1421 1921 1584 1961 voluntate,
1603 1918 1637 1954 δε
1651 1931 1686 1952 ex
1698 1921 1775 1952 certa
1795 1921 1921 1960 scientia,
1941 1923 2129 1954 convenimus
2149 1924 2183 1955 ὃς
2203 1927 2323 1962 promit-
2345 1933 2396 1956 An.
2415 1938 2460 1965 15.

1254 1968 1339 1990 timus
1358 1960 1433 1991 bona
1454 1959 1510 1990 fide
1531 1961 1614 1999 vobis
1657 1958 1754 1995 illustri
1772 1959 1868 1991 Princi
1889 1962 1915 1998 i,
1935 1959 2070 1991 Domino
2090 1961 2127 1991 Al
2143 1962 2254 2001 bouso,
2271 1974 2319 2002 per
2346 1972 2374 1995 Ε.
2398 1978 2421 1996 1.

1256 1997 1377 2033 eandem
1391 1995 1467 2037 Regi
1480 1996 1521 2029 Ar
1556 1997 1604 2039 on.
1621 1985 1757 2042 Majoric.
1774 1998 1807 2030 &c
1822 1971 1933 2030 Vaient.
1952 2009 1986 2030 ac
1999 1998 2109 2036 Comitis
2147 2001 2303 2040 archinon,
2344 2010 2374 2033 L.
2390 2011 2421 2034 Β.
2429 2005 2455 2043 f.

1292 2036 1362 2067 Nos
1376 2036 1517 2076 facturos,
1580 2041 1743 2079 curaturos,
1761 2038 1795 2068 &
1809 2036 1922 2067 daturos
1937 2045 2074 2078 operam,
2092 2038 2149 2069 fine
2169 2040 2266 2071 fraude
2286 2042 2321 2072 δε
2348 2053 2408 2081 137·
2427 2049 2473 2073 fea

1254 2075 1465 2106 machinatione
1477 2075 1586 2115 aliqua,
1603 2085 1673 2106 cum
1688 2084 1790 2114 quanta
1803 2075 1963 2115 diligentia,
1979 2074 2088 2114 studio,
2106 2077 2140 2108 &
2162 2078 2322 2110 sollicitudi-
2344 2094 2382 2110 nes
2394 2087 2451 2111 Ca-

1255 2123 1294 2144 ne
1305 2115 1476 2153 poterimus,
1496 2115 1529 2146 &
1544 2124 1613 2145 cum
1625 2116 1689 2145 toto
1704 2111 1784 2152 poffe
1798 2114 1832 2155 ὅ(
1847 2115 1952 2147 viribus
1968 2113 2086 2153 nostris,
2106 2116 2183 2154 quod
2199 2117 2321 2148 inconti=
2342 2131 2435 2150 merar.

1253 2153 1349 2191 nenti,
1367 2151 1432 2190 post
1444 2153 1615 2184 creationem
1630 2153 1716 2184 futuri
1731 2150 1860 2183 Romani
1874 2152 2037 2191 Pontificis‚
2055 2156 2202 2191 quamcito
2217 2153 2251 2186 ad
2272 2165 2321 2187 au-

1253 2191 1388 2222 dientiam
1410 2191 1536 2222 nostram
1555 2192 1731 2230 pervenerit,
1748 2191 1966 2232 procurabimus
1987 2191 2130 2222 licentiam
2155 2193 2189 2223 &
2204 2204 2324 2225 conces-

1253 2229 1362 2266 sionem
1382 2228 1398 2260 ὲ
1418 2229 1552 2261 Romana
1574 2229 1701 2261 Ecclesia
1724 2226 1882 2268 continue,
1914 2229 2017 2268 absque
2039 2228 2134 2269 aliquo
2152 2232 2300 2264 intervallo
2313 2256 2324 2273 ,-

1255 2268 1402 2307 quousque
1421 2267 1478 2306 ipsa
1496 2268 1609 2300 licentia
1627 2269 1744 2299 obtenta
1764 2267 1863 2307 fuerit,
1882 2268 1962 2306 quod
1980 2269 2196 2301 consummetur
2217 2270 2322 2303 Matri-

1255 2308 1407 2346 monium,
1426 2306 1504 2345 quod
1518 2306 1669 2338 transtatum
1682 2306 1724 2337 est
1737 2308 1808 2337 inter
1823 2317 1876 2338 vos
1890 2307 1910 2326 ²¹¹²
1926 2308 1960 2337 &
1973 2306 2138 2338 Alianoram
2151 2309 2323 2341 karissimam

1254 2347 1476 2385 primogenitam
1491 2345 1633 2383 nostram,
1652 2347 1688 2376 ita
1701 2345 1780 2383 quod
1792 2345 1879 2382 ipsam
1891 2344 2012 2375 habeatis
2028 2347 2058 2375 in
2071 2355 2199 2377 uxorem.

1292 2383 1492 2415 Convenimus
1506 2386 1588 2415 etiam
1601 2385 1634 2415 δε
1648 2384 1839 2422 promittimus
1874 2382 1952 2412 bona
1964 2381 2038 2421 fide,
2056 2384 2154 2423 vobis,
2174 2384 2255 2417 dieo
2268 2383 2320 2419 Al-

1255 2421 1354 2462 fonso,
1372 2421 1447 2462 Regi
1463 2422 1586 2463 Aragon.
1603 2421 1759 2462 praedicsto,
1778 2407 1856 2459 quod
1870 2421 2010 2464 infratres
2029 2421 2152 2462 menses,
2171 2423 2322 2464 postquam

1255 2461 1361 2491 dietam
1383 2461 1526 2492 licentiam
1548 2459 1581 2493 <Sc
1602 2459 1817 2491 conceffionem
1839 2460 2039 2498 habuerimus,
2066 2462 2100 2492 ὃς
2122 2471 2185 2492 eam
2210 2463 2322 2496 sciveri-

1256 2502 1335 2538 mus,
1354 2498 1499 2530 mittemus
1513 2499 1620 2530 dietam
1632 2498 1717 2529 filiam
1730 2498 1857 2529 nostram
1871 2499 1940 2529 citra
1955 2507 2048 2537 mare,
2066 2508 2187 2538 paratam
2202 2502 2237 2532 ad
2251 2513 2321 2534 eun-

1255 2537 1377 2606 dumdin
1399 2538 1573 2578 Aragoniam
1591 2537 1799 2575 incontinenti²
1818 2545 1872 2575 pro
1894 2535 1975 2567 dieto
1989 2539 2173 2570 matrimonio
2187 2541 2322 2573 consum-

1255 2585 1321 2606 man
1342 2585 1369 2606 o.

1294 2613 1333 2646 Et
1357 2615 1483 2653 juramus
1511 2624 1561 2656 per
1582 2613 1683 2646 Deum
1696 2638 1706 2653 ,
1739 2614 1773 2645 δε
1795 2614 1853 2653 ejus
1874 2612 1967 2644 sanita
1984 2623 2105 2652 quatuor
2124 2614 2324 2658 Euvangesta,

1253 2652 1380 2684 manibus
1401 2653 1502 2692 nostris
1522 2655 1705 2692 corporaliter
1725 2654 1816 2691 rasta,
1848 2663 1899 2683 om
1922 2653 1947 2682 ia
1967 2652 2120 2693 praedicta,
2146 2663 2177 2685 ut
2198 2656 2322 2695 superius

1251 2692 1313 2723 sunt
1326 2692 1467 2732 expressa,
1484 2692 1628 2724 attendere
1641 2694 1675 2725 &
1687 2692 1837 2729 complere
1849 2692 1879 2721 in
1914 2690 1950 2721 de
1963 2692 1996 2723 &
2011 2690 2150 2730 legalitate
2161 2694 2266 2726 nostra.

2346 2324 2361 2339 “¹
2371 2315 2476 2361 11-350⁴

1291 2768 1361 2800 Nos
1375 2770 1461 2800 etiam
1475 2768 1638 2801 Anthonius
1655 2766 1813 2806 Episcopus
1835 2767 2012 2799 Dunelmen.
2029 2767 2177 2809 Robertus
2197 2770 2320 2810 Episcos·

1272 2817 1301 2838 us
1322 2806 1467 2839 Batonien.
1485 2809 1518 2839 δὲ
1537 2807 1647 2839 Vellen.
1664 2806 1836 2837 Willielmus
1856 2806 2011 2845 Episcopus
2032 2806 2196 2839 Norvice‘n.
2211 2811 2246 2841 &
2266 2821 2320 2843 nos

1250 2816 1425 2877 &illicimus
1448 2846 1485 2878 de
1507 2846 1635 2877 Valentia
1654 2845 1766 2881 Comes
1790 2846 1826 2876 de
1840 2843 1995 2880 Pembroki
2014 2840 2159 2878 Henriciis
2179 2844 2216 2878 de
2240 2848 2319 2890 Lacy

1252 2883 1363 2922 Comes
1377 2885 1510 2925 Lincoln.
1525 2885 1671 2923 Johanries
1683 2883 1719 2914 de
1733 2883 1865 2923 Vecin0‚
1880 2883 1963 2914 Otho
1977 2885 2014 2914 de
2028 2882 2330 2925 Grandisono,C0n-.

1250 2923 1338 2953 siliarii
1356 2923 1424 2954 dieti
1447 2922 1571 2954 Domini
1596 2923 1684 2961 Regis
1706 2919 1835 2961 Angliae,
1862 2922 1898 2953 de
1919 2922 2066 2953 voluntate
2088 2923 2122 2955 &
2144 2924 2319 2959 conscientia

1250 2961 1374 3000 ejusdem
1389 2961 1513 2993 Domini
1527 2961 1615 3001 Regis
1630 2960 1758 3000 Angiiae,

1281 2999 1414 3038 Juramus
1427 3011 1477 3039 per
1494 2996 1611 3038 Deum,
1629 3000 1663 3030 &
1677 3000 1734 3038 ejus
1754 2997 1845 3030 {aneta
1865 2998 2032 3038 Evanoeiia,
2051 3010 2104 3031 nos
2123 3000 2263 3042 faeturos,
2282 3005 2318 3036 &

1249 3047 1409 3077 curaturos,
1433 3049 1486 3077 pro
1506 3036 1585 3076 posse
1606 3036 1724 3081 nostro,
1739 3036 1818 3082 quod
1837 3037 1928 3082 dietus
1946 3025 2096 3070 Dominus
2117 3039 2184 3070 Rex
2202 3041 2317 3082 Angliae

1250 3077 1393 3146 complffat
1408 3079 1441 3110 δε
1453 3075 1575 3109 attendat
1586 3085 1684 3107 omnia
1697 3076 1847 3116 praedicta,
1866 3084 1930 3115 quae
1952 3086 2002 3116 per
2023 3087 2091 3108 eum
2111 3078 2236 3117 superius
2254 3081 2317 3112 sunt

1249 3125 1346 3154 promi
1371 3125 1394 3146 a.

1288 3191 1318 3223 V
1319 3192 1379 3224 ersa
1391 3194 1456 3224 vice
1465 3218 1474 3232 ,
1490 3202 1542 3224 nos
1556 3184 1733 3232 Alphonsus,
1753 3191 1813 3223 Dei
1824 3191 1928 3233 gratia,
1942 3192 2009 3223 Rex
2020 3192 2187 3233 praedietus,

1283 3231 1415 3269 Juramus
1429 3243 1477 3270 per
1493 3232 1610 3269 Deum,
1629 3231 1663 3262 &
1676 3233 1733 3270 ejus
1745 3231 1838 3263 saneta
1852 3240 1971 3270 quatuor
1983 3231 2154 3272 Euvangelia
2186 3231 2315 3264 manibus

1248 3269 1351 3300 nostris
1369 3271 1551 3309 corporaliter
1572 3269 1646 3300 taeta
1660 3294 1671 3309 ,
1692 3269 1772 3309 quod
1792 3271 2007 3311 procurabimus
2029 3279 2093 3301 toto
2110 3257 2192 3308 poil‘e
2212 3271 2314 3302 nostro

1249 3308 1327 3347 quod
1341 3308 1452 3341 dictum
1466 3309 1683 3341 matrimonium
1696 3308 1930 3347 consummetur,

1283 3383 1322 3415 Et
1341 3394 1410 3424 nos,
1431 3385 1486 3424 Jas
1500 3393 1590 3424 crtus,
1612 3382 1670 3415 Dei
1687 3383 1791 3425 gratia,
1817 3384 1974 3423 Episcopus
1993 3383 2173 3422 Valentinus,
2196 3384 2316 3430 Luppus

1248 3419 1393 3454 Fei‘rench
1411 3423 1448 3454 de
1497 3433 1568 3462 una,
1594 3420 1776 3461 Guilabertus
1795 3423 1831 3454 de
1851 3421 1999 3460 Crudiliis,
2018 3422 2116 3462 Petrus
2139 3422 2258 3454 Martini
2278 3424 2316 3455 de

1249 3461 1427 3501 Archasona,
1446 3462 1545 3493 Petrus
1567 3459 1719 3499 Marchefii
1738 3460 1816 3492 Not.
1835 3462 1869 3493 δέ
1881 3461 2025 3500 Johannes
2046 3460 2190 3500 Cappata,
2208 3461 2314 3493 Confi-

1247 3501 1316 3530 liarii
1336 3500 1460 3532 Domini
1482 3499 1607 3537 Alfonsi,
1627 3497 1717 3536 Regis
1738 3500 1862 3538 Aragon.
1882 3499 2033 3538 praelibati,
2057 3499 2095 3530 de
2114 3499 2259 3532 voluntate
2278 3502 2314 3533 &1

1250 3538 1383 3570 mandato
1395 3539 1517 3578 ejusdem
1533 3537 1655 3568 Domini
1670 3538 1776 3578 Regis,

1281 3577 1414 3617 Juramus
1426 3588 1476 3616 per
1491 3577 1609 3615 Deum,
1625 3576 1658 3607 ὅ(
1673 3577 1729 3615 ejus
1743 3576 1835 3607 sancta
1845 3574 1944 3607 Euvan
1967 3576 2033 3614 elia,
2050 3581 2103 3606 no's
2117 3574 2241 3608 fasturos
2278 3578 2313 3610 δε

1248 3625 1412 3655 curaturos,
1436 3626 1488 3657 pro
1510 3614 1589 3658 posse
1610 3614 1709 3645 nostro
1751 3625 1820 3645 curn
1840 3615 1920 3645 dieto
1973 3616 2073 3645 omino
2093 3613 2179 3658 Rege
2194 3601 2312 3655 nostro,

1248 3652 1326 3694 quod
1366 3654 1477 3685 raedic‘ta
1496 3661 1610 3683 veniant
1630 3653 1664 3683 ad
1686 3638 1843 3691 effestum,
1869 3655 1903 3685 &
1926 3652 2002 3691 quod
2024 3662 2082 3682 non
2103 3656 2312 3686 conientiamus

1249 3693 1326 3764 csJuod
1360 3702 1386 3724 at
1399 3691 1512 3733 aliquod
1526 3690 1781 3730 impedimentum,
1800 3692 1869 3729 quin
1882 3692 1994 3722 dierum
2006 3692 2222 3723 matrimonium
2239 3702 2315 3724 con⁴

1263 3741 1412 3763 ummetur.

1284 3807 1317 3839 In
1332 3810 1410 3847 cujus
1424 3805 1465 3838 rei
1477 3804 1672 3838 testimonium
1683 3811 1736 3838 no‘s
1752 3802 1786 3837 E.
1805 3800 1872 3836 Rex
1888 3802 1997 3845 Angliae
2019 3804 2187 3849 praediffus,
2207 3809 2241 3840 δέ
2263 3813 2317 3840 nos*

1249 3846 1409 3886 Alphonsus
1432 3846 1496 3876 Rex
1519 3845 1640 3885 Aragon.
1658 3846 1825 3884 praedictus,
1843 3846 1876 3875 ὃ(
1896 3854 1947 3875 nos
1967 3843 2098 3884 Epiicopi
2112 3846 2260 3885 supradisti
2279 3846 2316 3877 fi1

1248 3888 1311 3927 gilla
1324 3885 1418 3916 nostra
1431 3885 1498 3917 huic
1513 3883 1700 3915 instrumento
1711 3884 1841 3914 duximus
1853 3883 2027 3921 apponenda.

1287 3961 1353 3993 Dat.
1373 3963 1407 3993 &
1423 3962 1486 3991 Ati.
1505 3959 1578 3998 apud
1591 3958 1747 3991 Civitatem
1760 3960 1883 3990 Oleron.
1899 3959 2036 3991 vicefimo
2048 3960 2154 3992 06tavo
2166 3959 2212 3991 die
2231 3959 2317 3999 julii,

1248 4011 1325 4034 anno
1338 4000 1461 4033 Domini
1475 3998 1625 4030 mille-fimo
1638 3998 1834 4069 ducentegmo
1847 3999 2042 4039 ostuagesimo
2055 3999 2183 4037 septimo.
2277 4037 2321 4065 De

1808 4047 1841 4068 ᾖ.
