2570 4261
143 245 219 279 Anu.
229 244 270 276 D.

162 292 244 322 1255.

140 327 206 352 Hm.
226 326 254 360 35

143 1644 217 1674 Ann.
228 1643 267 1674 D.

168 1692 250 1722 1255.

141 1727 193 1751 An.
210 1733 252 1759 39.

141 1765 175 1788 H.
199 1771 223 1797 3.

141 1800 226 1836 Ca'aus.

145 1847 189 1873 39.
205 1842 238 1864 H.
249 1847 273 1875 3.

142 1885 179 1904 m.
198 1885 226 1912 4.

146 2275 162 2292 *
177 2274 199 2304 l.
208 2274 273 2311 564.

145 2424 222 2457 Ann.
234 2424 274 2455 D.

167 2473 250 2502 1255.

144 2507 197 2531 An.
220 2514 262 2539 39.

91 2607 95 2612 ,
145 2585 185 2608 εχ
205 2564 260 2609 Aa

143 2627 206 2656 ιαμ.

283 149 314 189 4

502 303 552 334 De
566 298 644 343 Festo
662 301 765 333 Sanflt
780 301 932 335 Edwardi
949 301 1132 336 celebrando.

138 391 191 416 ‘4²²-
214 397 257 424 39.
361 384 439 416 UIA
454 384 519 414 Rex
533 394 593 414 non
608 385 649 416 est
668 395 760 417 certus
795 387 852 419 uod
863 387 991 419 interesse
1007 387 1090 426 poffit
1111 385 1279 417 solemnitati
1297 384 1341 413 in-

139 431 227 499 ᾗῇ

143 511 189 537 39.
204 506 270 537 H.3.

138 540 246 567 m.6.d.

392 422 485 452 stantis
496 423 571 453 Festi
586 424 658 455 beati
672 425 775 457 Edwar
796 428 804 456 i
825 426 898 464 apud
918 426 1043 457 Westm.
1063 435 1116 463 pro
1136 424 1217 453 variis
1238 423 1271 453 &
1295 432 1343 452 ur-

290 462 418 499 gentibus
440 463 561 499 negotiis
580 464 680 501 quibus
702 464 820 496 intendit
841 467 870 494 iri
890 466 1012 503 partibus
1035 464 1158 500 Scotiae‚
1177 461 1342 491 mandatum

289 500 329 530 est
344 500 475 537 Philippo
491 500 597 539 Luvel,
620 502 806 534 Thesaurario
821 503 925 542 Regis,
944 505 977 535 δε
993 501 1136 533 Edwardo
1156 499 1192 543 de
1214 497 1342 528 Westm.

288 541 315 569 in
331 537 386 568 side
399 539 431 569 &
445 538 598 570 dilectione
613 542 713 579 quibus
728 541 805 578 Regi
817 550 965 579 tenentur,
984 539 1062 579 quod
1084 538 1253 582 praedrstum
1277 536 1344 566 Fes-

288 586 366 614 tum,
392 586 446 606 una
467 587 536 607 cum
555 580 759 610 venerabilibus
780 579 907 609 Patribus
927 580 984 610 Sar.
1011 577 1144 608 Norwic.
1171 574 1290 606 Bathon.
1309 575 1343 605 &

288 614 407 646 Cicestr.
428 614 589 655 Episcopis,
609 617 764 648 Abbatibus
783 619 817 649 ὃς
838 618 980 648 Prioribus
1000 616 1116 653 vicinis,
1134 624 1206 652 quos
1226 613 1260 643 ad
1276 612 1340 642 Fes-

287 663 351 684 tum
371 653 439 684 illud
461 653 526 684 Rex
547 666 597 693 per
616 656 705 686 literas
727 656 784 686 suas
803 658 950 695 invitavit,
970 656 1034 685 vice
1056 654 1144 698 Regis
1159 660 1289 695 teneant,
1307 651 1341 682 &

287 692 446 722 solemniter
468 692 612 724 celebrent
633 694 667 724 ad
690 693 802 724 custum
825 694 928 732 Regis,
946 695 980 725 &
1001 689 1346 735 Capitaglum‚,Reg¹⁵,&

288 730 430 769 Reginae,
447 731 480 761 &
502 731 657 762 liberorum
677 732 810 769 suorum,
828 733 933 764 scilicet
952 731 988 762 de
1011 732 1048 771 36
1072 730 1210 761 Almuciis
1226 737 1345 758 nomine

287 779 389 800 eorum
401 768 517 807 offerri,
535 770 569 800 &
585 769 675 802 Cruci
688 779 828 809 argenteae
841 771 920 810 supra
931 779 1066 811 magnum
1082 768 1177 800 Altare
1189 766 1344 798 Westmo-

287 807 356 838 nast.
374 807 514 838 attachiari
530 809 645 848 faciant,
1230 846 1235 851 .

325 846 365 877 Et
380 856 464 876 unam
479 846 580 884 piatam
595 850 653 878 auri
670 848 801 886 ponderis
817 850 898 879 unius
914 850 1006 878 unciae
1021 848 1140 878 nomine
1161 845 1250 884 Regis
1270 843 1346 889 offe-

286 894 367 923 rant,
386 893 470 922 prout
490 887 578 916 moris
599 886 640 916 est
662 888 691 917 in
711 887 886 918 solemnitate
900 886 991 918 missae
1006 886 1134 925 praedie'ti
1146 883 1295 923 Edwardi,
1313 892 1345 913 ac

287 923 308 953 si
324 923 389 954 Rex
404 923 519 961 praesens
534 924 601 954 esset
616 925 740 963 ibidem,

324 961 361 992 Et
373 961 438 992 duas
452 962 523 992 aulas
535 962 622 1003 Regis
636 963 763 995 Westm.
781 964 892 1002 impleri
906 964 1071 1003 pauperibus
1092 964 1124 1005 in
1143 961 1222 992 dic'to
1242 959 1346 998 Festo,

287 1000 322 1031 &
337 1010 385 1030 eos
400 1000 471 1038 pasci
485 1000 602 1040 faciant,
622 1002 690 1034 sicut
705 1002 763 1033 fieri
778 1003 943 1039 consuevit,
960 1004 994 1034 &
1007 1003 1217 1041 proceliionem
1240 998 1342 1029 Eccle-

288 1038 333 1068 siae
356 1038 429 1068 beati
453 1038 622 1078 Margaretae
644 1041 678 1071 &
698 1051 800 1071 omnes
829 1041 1020 1080 processiones
1048 1040 1179 1071 Civitatis
1208 1037 1344 1082 London.

289 1086 359 1107 cum
374 1077 462 1107 cereis
476 1079 510 1108 ὅ(
521 1078 579 1108 aliis
594 1078 817 1116 processionibus
830 1080 882 1111 suis
893 1080 1054 1111 solemniter
1069 1080 1166 1109 venire
1180 1077 1283 1106 faciant
1299 1085 1344 1120 us-

288 1125 344 1153 que
359 1114 485 1145 Westm.
504 1117 533 1146 in
548 1116 593 1147 die
608 1117 703 1149 Sancti
718 1117 865 1156 Edwardi,
884 1127 969 1157 prout
983 1118 1049 1149 Rex
1063 1116 1188 1147 similiter
1203 1113 1346 1145 mandaVit

290 1153 399 1189 Maiori
414 1154 447 1185 ὃς
469 1155 565 1192 probis
580 1155 743 1186 hominibus
756 1156 891 1188 London.

335 1191 374 1223 Et
398 1192 460 1222 haec
485 1194 519 1224 &
536 1195 633 1224 omnia
649 1195 700 1225 alia
715 1219 724 1233 ,
756 1205 820 1234 quae
836 1195 958 1226 viderint
975 1194 1039 1226 fore
1054 1192 1181 1225 facienda
1197 1191 1231 1222 ad
1248 1192 1344 1236 hono-

287 1230 676 1308 ‘cssmfissiie‘iifiissnfffflssr’ofiss
693 1229 1346 1307 ἷὲὲῗῗᾶἒἷξίῑὲῗςὲξὲἶὲῗὲῗιᾷξὲἫῗρὲῑῗᾛὲῗίῐ

289 1306 451 1376 faciegadrum
466 1320 476 1346 3
508 1310 545 1339 ita
570 1309 648 1347 quod
669 1310 847 1348 prudentiam
863 1310 940 1341 suam
958 1310 1024 1341 Rex
1041 1311 1145 1340 merito
1160 1306 1245 1347 poffit
1260 1315 1344 1337 corn-

291 1354 358 1375 men
408 1356 431 1375 e.

323 1420 415 1452 Teste
428 1421 510 1462 Rege
524 1423 597 1462 apud
611 1424 713 1456 XVerk.
736 1435 781 1466 13.
799 1425 845 1456 die
860 1425 1041 1464 Septembris.

587 1562 645 1592 Pro
663 1563 794 1593 Nunciis
808 1563 895 1608 Regis
917 1559 1049 1603 Castellae.

289 1640 405 1702 LIcet
418 1652 506 1681 nuper
523 1643 588 1674 Rex
603 1645 711 1676 dederit
726 1648 756 1676 in
769 1645 903 1676 mandatis
917 1645 1021 1685 Regin.
1039 1644 1075 1675 de
1097 1644 1250 1685 Cobham,
1269 1647 1348 1686 quod

362 1682 514 1712 venerabili
536 1682 611 1712 Patri
633 1683 735 1715 Eleeto
757 1683 855 1715 Tolet.
880 1685 913 1715 &
935 1683 1043 1714 Garfiae
1063 1682 1200 1722 Martini,
1226 1687 1293 1724 qui,
1317 1687 1348 1716 in

292 1718 445 1750 Nuncium
468 1719 559 1758 Regis
581 1720 710 1752 Castellae
732 1721 858 1761 illustris,
876 1724 905 1753 in
927 1722 1059 1761 Angliam
1078 1721 1140 1752 sunt
1152 1724 1281 1762 venturi,
1299 1733 1350 1754 ne-

292 1757 404 1788 cessaria
426 1760 564 1790 inveniret
583 1760 669 1798 usque
690 1761 724 1791 ad
745 1760 899 1792 adventum
918 1760 998 1791 suurn
1014 1759 1158 1798 London,
1176 1762 1241 1798 quia
1253 1769 1348 1793 tamen

292 1805 351 1827 non
372 1796 414 1826 est
436 1797 547 1828 necesse
568 1798 646 1837 quod
661 1799 688 1830 id
711 1799 808 1837 faciat,
822 1799 985 1830 mandatum
1006 1798 1048 1829 est
1061 1797 1155 1829 eidem
1178 1800 1255 1837 quod
1276 1801 1350 1840 ipsos

292 1834 446 1872 sumptibus
459 1835 511 1866 suis
524 1838 643 1874 propriis
656 1839 754 1868 venire
769 1838 892 1868 London
908 1839 1060 1876 permittat.

328 1874 550 1912 Verumptamen
564 1885 613 1905 eos
628 1877 766 1906 curialiter
778 1877 892 1914 recipiat
908 1877 940 1907 ὃς
955 1876 1096 1915 honoret,
1113 1876 1147 1907 &
1167 1877 1348 1909 consuetudi-

291 1921 359 1941 nem
377 1921 474 1950 portus
496 1913 610 1943 Dovor.
630 1925 682 1952 pro
705 1915 826 1954 passagio
847 1915 896 1945 suo
912 1915 1053 1952 debitam,
1071 1916 1227 1953 acquietet,
1243 1917 1276 1947 &
1293 1916 1347 1946 iin-

291 1951 364 2018 guli?l
381 1951 494 2020 giebuga'
512 1952 582 1982 dum
602 1952 706 1985 fuerint
725 1955 753 1983 in
768 1953 867 1984 balliva
879 1953 940 1992 sua,
959 1954 1092 1991 exennia,
1107 1962 1141 1983 ex
1154 1963 1231 1991 parte
1243 1954 1349 1995 Regis,

293 1998 330 2018 eis
366 1999 379 2018 a
402 2000 447 2020 ere
488 2000 556 2022 ciat·

291 2026 445 2097 211ξίἑζξιὶιηι
457 2028 523 2060 Rex
537 2015 648 2062 sciverit
660 2030 792 2070 custum,
810 2029 888 2070 quod
901 2029 934 2061 ad
948 2029 1007 2062 hoc
1026 2028 1198 2069 apposuerit,
1214 2030 1299 2065 faciet
1319 2033 1347 2064 ei

327 2143 418 2175 Teste
431 2144 513 2186 Rege
527 2147 600 2185 apud
612 2146 655 2177 W
657 2146 715 2178 erk.
738 2155 770 2186 15
787 2146 833 2178 die
850 2147 1034 2185 Septembris.

292 2276 316 2299 *
333 2278 383 2312 De
401 2277 559 2312 Credentia
571 2290 626 2325 pro
642 2278 701 2326 Jo.
726 2279 762 2313 de
778 2283 866 2330 Dya‚
889 2283 926 2319 cb·
945 2279 981 2313 de
1001 2283 1157 2327 Capitaneo
1176 2291 1213 2313 ac
1223 2282 1351 2328 pecunia

483 2338 539 2374 pro
560 2331 656 2376 Regno
674 2330 779 2362 Siciliae
792 2330 848 2369 sine
863 2341 950 2361 mora
970 2328 1133 2363 mittendis.

295 2411 501 2473 ALexander
516 2411 688 2451 Episcopus,
700 2413 793 2444 servus
806 2413 953 2444 servorum
969 2413 1194 2451 Dei‚cai·isfimo
1207 2417 1236 2445 in
1250 2415 1352 2447 Chris-

372 2461 403 2482 to
425 2451 483 2482 filio
611 2450 709 2482 illustri
729 2452 805 2491 Regi
822 2452 950 2492 Angliae,
968 2453 1084 2484 salutem
1105 2453 1138 2484 &
1153 2453 1351 2493 Apostolicam

295 2490 533 2521 benedistionem.

330 2529 380 2560 De
394 2529 481 2559 multa
492 2527 586 2559 cordis
600 2528 790 2560 benivolentia
804 2529 837 2560 &
849 2530 935 2559 animi
951 2529 1105 2560 sinceritate
1118 2531 1252 2567 proceffit
1274 2531 1353 2570 quod

294 2567 429 2598 Romana
444 2567 569 2598 Ecclesia
591 2566 670 2605 super
687 2567 793 2607 Regno
808 2567 858 2598 suo
872 2567 974 2598 Sicilire
990 2568 1057 2599 fecit
1072 2570 1187 2606 gratiam
1202 2579 1269 2601 nato
1284 2580 1353 2609 tuo,

295 2607 374 2637 illum
389 2608 460 2637 inter
477 2606 621 2643 Principes
633 2615 751 2636 caeteros
765 2607 833 2637 tanti
848 2605 917 2636 doni
932 2607 1056 2644 tantique
1071 2608 1188 2638 lionoris
1209 2608 1247 2638 lar
1268 2610 1354 2639 itione

294 2644 474 2684 magnificans
489 2645 521 2675 δε
535 2644 701 2683 sublimans,
722 2654 804 2683 prout
818 2646 847 2674 in
859 2644 1049 2683 Apostolico,
1066 2645 1147 2683 super
1159 2646 1217 2678 hoc
1232 2657 1252 2677 o
1274 2656 1354 2678 tento

294 2684 457 2722 privilegio,
472 2683 641 2713 continetur.

332 2721 369 2752 Et
386 2723 450 2752 licet
467 2721 568 2752 foelicis
584 2720 784 2751 recordationis
799 2720 980 2752 Innocentius
996 2720 1071 2759 Papa
1084 2722 1271 2760 praedecessor
1285 2735 1352 2755 nos-

294 2768 355 2799 ter,
372 2761 423 2791 tibi
442 2761 475 2791 &
495 2759 588 2790 eidem
608 2769 675 2790 nato
694 2761 724 2790 in
742 2760 818 2798 hoc,
836 2760 905 2791 sicut
930 2760 1010 2797 plene
1031 2760 1152 2803 novisti,
1170 2761 1253 2792 fuerit
1266 2763 1354 2800 pluri-

295 2809 376 2829 mum
390 2799 536 2838 gratiosus3
551 2798 750 2828 nichilominus
765 2807 859 2828 tamen
874 2798 1061 2837 postmodum
1083 2800 1165 2837 ipiius
1187 2800 1285 2840 Regni
1303 2811 1353 2831 ne-

314 2839 406 2868 otium
428 2847 478 2875 per
497 2836 613 2875 seipsum
636 2838 725 2867 exntit
767 2836 908 2868 rosecutus
923 2860 932 2876 ,
955 2838 1064 2868 cunstis
1087 2838 1155 2868 illud
1178 2849 1354 2876 promoven-

294 2846 334 2905 ἕο
344 2875 450 2943 dstudiis
471 2876 504 2908 &
526 2876 648 2914 auxiliis,
665 2876 740 2907 nich'
754 2885 809 2915 que
830 2877 860 2906 in
880 2876 937 2907 hoc
959 2875 995 2906 de
1018 2877 1246 2917 contingentibus
1269 2879 1357 2909 ornit-

294 2922 342 2944 ten
363 2925 390 2944 0.

332 2952 438 2990 Unde,
460 2954 650 2991 oportunitate
669 2952 764 2984 habiti
779 2978 789 2991 ,
814 2952 924 2984 dic‘tum
944 2952 1082 2993 Regnum
1103 2953 1159 2992 ipse
1174 2978 1184 2992 ,
1211 2964 1280 2986 cum
1303 2954 1356 2986 suis

294 2990 438 3028 fratribus,
464 2991 640 3028 personaliter
659 2993 801 3031 introivit,
823 3002 934 3022 moram
956 2992 995 3022 ibi
1016 2993 1184 3023 contrahens
1200 3018 1209 3031 ,
1232 2994 1266 3025 &
1287 3003 1354 3025 exe-

296 3039 386 3067 quens
406 3029 550 3068 diligenter
569 3030 743 3068 praemiffum
765 3031 913 3069 negotium
934 3030 968 3060 ad
989 3030 1113 3069 ejusdem
1134 3030 1268 3062 Ecclesiae
1285 3056 1294 3070 ,
1320 3042 1356 3063 ac

296 3076 396 3104 tuum,
414 3068 447 3098 ὃς
469 3067 548 3105 ipsius
567 3070 623 3098 nati
645 3069 788 3099 honorem
809 3069 842 3100 &
861 3068 1071 3108 commodum,
1089 3069 1236 3109 quousque
1250 3070 1358 3102 ibidem

295 3105 427 3136 debitum
440 3107 529 3136 carnis
546 3106 658 3136 exolvit.

336 3144 461 3174 Multam
475 3144 607 3182 profecto
618 3146 647 3175 in
663 3144 766 3175 eodem
781 3147 898 3185 negotio
912 3146 1082 3186 vigilantiam
1104 3146 1181 3177 idern
1202 3147 1357 3186 praedeces-

297 3183 342 3213 sor
361 3183 503 3221 adhibuit,
524 3184 618 3212 anxios
639 3192 754 3221 propter
776 3185 833 3214 hoc
850 3185 957 3215 labores
971 3185 1101 3224 pertulit,
1119 3186 1357 3225 &importabilia

294 3221 371 3260 quasi
385 3231 439 3260 pro
454 3221 504 3251 illo
519 3221 620 3252 subivit
634 3231 721 3251 onera
733 3231 766 3252 ex
803 3223 920 3253 nsarum.

332 3259 402 3290 Nos
422 3268 516 3290 autem
530 3285 539 3298 ,
586 3259 718 3297 ostquam
738 3270 753 3290 a
790 3261 903 3291 culmen
922 3262 1026 3293 fuimus
1046 3262 1148 3294 summi
1169 3262 1354 3301 Apostolatfis

294 3298 443 3337 assumpti,
459 3307 529 3328 mox
541 3308 555 3327 a
588 3308 634 3328 am
655 3299 730 3328 lexus
742 3307 806 3329 tuos
819 3299 929 3330 brachia
944 3301 1061 3331 internae
1080 3301 1239 3332 dilefflonis
1259 3311 1356 3332 exten-

299 3336 410 3375 dimus,
426 3346 496 3367 mox
516 3337 567 3366 tibi
587 3346 627 3366 no
655 3338 677 3366 ri
699 3337 838 3375 pectoris,
854 3338 887 3367 ad
903 3338 1084 3370 exauditionis
1097 3339 1270 3370 beneficium
1284 3341 1355 3370 rese-

301 3376 423 3405 ravimus
432 3376 563 3413 januam3
580 3384 706 3414 moxque
718 3374 753 3406 ad
767 3385 887 3406 omnem
902 3379 1018 3416 gratiam
1032 3378 1235 3417 Apostolicum
1253 3387 1357 3418 expan-

301 3411 394 3443 dimus
407 3414 458 3443 tibi
472 3413 571 3444 finum.

340 3450 422 3481 Nam
443 3452 530 3489 quam
551 3449 706 3482 affectuose
721 3460 767 3491 te,
781 3451 949 3491 didi-umque
961 3463 1076 3494 natum,
1092 3456 1122 3485 in
1135 3454 1252 3493 praefato
1267 3464 1357 3496 nego-

302 3488 362 3527 tio,
383 3490 596 3528 respexerimus,
620 3500 705 3528 quarn
730 3490 920 3521 favorabiliter
938 3492 1065 3530 praediiti
1085 3492 1294 3532 praedecessoris
1314 3496 1357 3524 in-

301 3527 459 3557 tentionem
480 3529 514 3559 &
535 3530 650 3568 gratiam
671 3530 702 3558 in
720 3529 774 3560 hac
795 3538 871 3567 parte
891 3529 1052 3562 duxerimus
1065 3531 1299 3571 approbandam,
1323 3534 1357 3564 δε

303 3572 390 3599 quarn
403 3565 510 3603 insuper
521 3566 641 3611 gratiose
653 3577 706 3597 nos
720 3568 754 3599 ὃς
768 3567 863 3598 fratres
876 3568 982 3608 nostri,
1001 3578 1029 3600 te
1041 3580 1074 3601 ac
1095 3578 1194 3600 natum
1215 3570 1338 3601 eundern
1346 3593 1357 3610 ,

303 3601 334 3629 ‘m
349 3601 428 3637 ipsius
442 3602 537 3642 Regni
550 3604 732 3636 conceffione
745 3606 996 3646 honoraverimus,
1014 3618 1075 3639 non
1086 3609 1204 3648 ignoras.

343 3639 442 3676 Quam
453 3643 535 3671 etiam
547 3643 655 3674 solliciti
670 3645 744 3674 circa
759 3644 836 3674 idem
849 3646 996 3684 negotium
1011 3648 1181 3678 extiterimus
1197 3648 1231 3678 &
1244 3647 1355 3678 ferven-

303 3683 362 3713 tes3
381 3686 480 3713 quanta
501 3688 615 3718 quoque
637 3681 671 3710 ad
691 3682 719 3711 id
742 3682 856 3712 subsidia
873 3683 1138 3723 ministraverimus,
1165 3694 1301 3723 quantum
1323 3696 1359 3715 ue

303 3712 520 3756 laboraverimus
531 3717 565 3746 ad
579 3719 771 3757 colligendum
786 3721 909 3759 undique
922 3723 963 3752 ob
975 3723 1033 3754 hoc
1042 3747 1052 3761 ,
1070 3724 1104 3754 δε
1118 3723 1281 3754 habendum
1302 3696 1359 3754 liuf-

304 3751 389 3795 fragia
401 3758 680 3798 oportuna,'cun6tis
695 3758 758 3788 luce
770 3759 868 3789 clarius
881 3761 1044 3791 inn0tescit:
1064 3761 1163 3800 Cum,
1178 3761 1280 3792 nostris
1301 3761 1360 3792 stu-

305 3787 359 3818 diis
373 3799 432 3819 non
443 3799 583 3834 contenti,
602 3795 721 3825 aliorum
735 3807 812 3827 curas
827 3798 862 3829 &
876 3799 965 3837 vires,
982 3799 1017 3830 ad
1029 3799 1110 3839 hujus
1125 3801 1165 3831 rei
1185 3799 1359 3838 prosecutio-

305 3837 375 3857 nem
384 3851 393 3865 ,
409 3837 598 3859 curaverimus
611 3832 749 3864 adhibere.

307 3902 312 3907 ι
343 3864 400 3895 Sed
413 3875 449 3909 ‘ut'
459 3867 619 3909 processum
633 3880 720 3907 nuper
731 3874 760 3902 in
775 3872 878 3903 eodem
893 3873 999 3913 Regno
1011 3876 1140 3906 habitum
1154 3876 1237 3914 plene
1251 3876 1357 3913 nosca3‚

304 3902 386 3931 illum
400 3904 451 3932 tibi
464 3906 639 3940 prieientibus
654 3907 781 3939 duximus
796 3920 830 3939 ex
871 3912 1010 3942 nendurnz
1031 3917 1081 3943 SC
1087 3917 1105 3943 I
1112 3917 1171 3943 AS
1192 3917 1210 3944 1
1215 3918 1241 3944 G
1250 3917 1267 3943 Ι
1271 3916 1328 3943 TU
1330 3917 1354 3945 R

307 3940 386 3976 quod
395 3963 403 3977 ,
422 3951 490 3970 curn
498 3940 620 3985 ⁴dilectus
632 3943 700 3974 filius
712 3947 808 3977 noster
819 3921 869 3977 (ΞΟ
879 3949 990 3980 Sanctae
1003 3950 1105 3982 Mariae
1117 3953 1145 3982 in
1156 3953 1201 3983 via
1214 3952 1266 3983 lata
1286 3951 1357 3982 Dia-

307 3987 404 4020 conus
418 3977 587 4021 CardmahS,
606 3980 778 4017 Apostolicre
798 3985 865 4015 sedis
886 3986 1021 4026 LegatuS,
1036 3999 1105 4019 cum
1125 3999 1230 4029 magno
1251 3991 1285 4021 &
1300 3990 1355 4020 ho-

306 4016 426 4046 norabili
439 4026 560 4049 exercitu
572 4016 606 4048 ad
619 4028 708 4056 partes
721 4020 832 4060 Apulia:
845 4024 1035 4064 processisset,
1051 4028 1086 4059 δε
1100 4036 1291 4060 memoratum
1303 4037 1353 4059 ne-

713 126 1504 176 CONVENTIONES‚

1377 1211 1500 1250 jusmodi
1520 1213 1637 1251 negotio
1651 1221 1766 1256 ,prout
1783 1221 1837 1251 exp
1876 1213 1910 1251 ‘t,
1926 1211 2079 1244 efficaciter
2101 1214 2122 1232 *
2147 1214 2314 1253 providere,
2332 1216 2447 1247 sciturus

1579 127 1973 182 LITERAE,

1379 214 1493 253 gotium
1510 212 1682 245 laudabiliter
1696 215 1918 253 convalesceret,
1936 215 1970 246 &
1984 214 2152 246 succeffibus
2166 215 2302 255 prosperis
2315 215 2440 249 firmare·
2461 215 2570 253 Anuli

1381 260 1444 289 tur,
1462 250 1593 290 tandem,
1612 253 1792 290 quorundam
1808 254 1987 291 proditorum
2000 253 2119 285 faciente
2132 256 2272 294 nequitia,
2287 255 2326 286 ‘de
2340 258 2440 295 quibus
2482 258 2570 296 1255'.5

1381 288 1460 327 quod
1474 288 1592 319 fideliter
1623 300 1720 321 verent
1735 294 1877 329 praecipue
1890 291 2063 331 sperabatur,
2075 301 2120 323 tot
2133 292 2211 324 fuere
2225 293 2356 324 fabricata
2369 306 2441 326 con-
2460 299 2524 324 Hm.
2542 297 2570 335 3²!

1382 329 1477 365 traria,
1498 335 1543 358 tot
1557 329 1612 366 inje
1643 339 1658 359 a
1670 329 1844 360 offendicula
1857 331 1892 360 &
1906 329 2050 360 obstacula
2070 340 2235 370 praeparata,
2254 332 2333 370 quod
2353 343 2441 372 prop-

1381 374 1424 396 ter
1438 366 1499 396 haec
1516 367 1597 403 (cum
1612 367 1719 405 liquido
1733 377 1875 406 appareret
1885 368 1999 398 illorum
2014 368 2111 407 dolus,
2120 369 2243 407 proditio
2257 380 2340 409 atque
2355 372 2439 410 fraus)

1383 405 1499 434 coaetus
1511 403 1552 434 est
1566 405 1642 435 idem
1656 406 1775 445 Legatus
1788 408 1817 436 in
1832 415 1933 436 terram
1950 406 2068 437 Laboris
2082 418 2152 438 cum
2166 416 2224 439 tota
2240 408 2285 440 sua
2301 411 2439 442 comitiva

1383 442 1488 472 redire:
1508 442 1630 481 Propter
1650 444 1727 482 quod
1748 454 1826 475 tanto
1840 444 1882 475 est
1895 444 2065 475 festinantius
2077 446 2314 487 succurendum,
2331 457 2438 487 quanto

1384 481 1569 519 propinquius
1583 482 1714 513 confusio
1728 484 1859 514 imminet
1872 484 1905 514 δε
1918 483 2076 514 discrimen.

1423 518 1552 557 Verum,
1570 521 1634 558 quia
1647 520 1739 551 sumus
1751 521 1784 551 ad
1795 521 1943 552 ferendum
1960 522 2070 552 ulterius
2083 530 2191 553 tantum
2204 525 2314 561 pondus
2327 527 2439 564 penitus

1383 557 1570 596 impotentes,
1586 559 1656 589 ciim
1670 570 1723 597 pro
1735 560 1816 597 ipsius
1829 561 2015 598 promotione
2025 562 2131 599 negotii
2142 564 2358 594 exauriverimus
2372 575 2439 595 om-

1384 595 1455 625 nino
1473 595 1625 627 Cameram
1640 597 1784 636 nostram,
1799 600 1943 629 innumera
1957 601 2178 630 contraxerimus
2190 599 2300 639 debita,
2313 601 2439 633 Roman.

1383 632 1540 664 Ecclesiam
1559 635 1652 665 multis
1673 637 1705 667 &
1721 637 1849 675 gravibus
1862 637 2080 677 obligationibus
2094 637 2291 678 astringentes,
2309 643 2442 672 omnium

1384 671 1460 710 quasi
1482 672 1681 704 Mercatorum
1704 676 1876 706 morantium
1897 675 1969 714 apud
1989 675 2084 706 sedem
2104 675 2321 716 Apostolicam,
2338 679 2446 710 multo-

1386 720 1451 741 rum
1474 710 1640 742 officialium
1662 713 1696 744 &
1710 713 1886 744 familiarium
1901 714 2081 753 nostrorum,
2099 726 2131 746 ac
2144 715 2265 746 aliorum
2275 718 2376 755 etiam,
2391 727 2446 755 pro

1386 748 1545 793 hujusmodi
1565 749 1741 795 necestitate,
1761 754 1886 790 pecuniis
1900 753 1961 792 jam
1982 754 2118 792 receptis,
2131 754 2169 784 ita
2190 754 2270 792 quod
2290 755 2326 786 de
2339 765 2447 787 caetero

1387 796 1521 818 mutuum
1535 798 1663 819 invenire
1675 791 1840 829 nequimus,

1424 825 1626 857 Excellentiam
1646 836 1723 858 tuam
1745 837 1849 859 attente
1869 831 2053 868 requirimus,
2071 830 2214 862 suadentes
2235 841 2303 862 curn
2317 832 2448 865 instantia

1386 864 1420 895 &
1434 865 1592 904 hortantes,
1610 867 1754 904 quatinus,
1774 878 1843 898 cum
1856 868 1900 898 illa
1911 878 1972 906 pars
1986 868 2097 908 Regni,
2117 879 2182 907 quae
2196 871 2270 908 prius
2288 871 2448 903 adhaerebat

1386 901 1539 941 Ecclefiae,
1557 913 1590 934 ac
1603 904 1687 934 etiam
1701 903 1790 936 Insula
1803 905 1905 937 Siciliae
1917 906 2009 937 adhuc
2022 908 2053 936 in
2066 907 2146 945 ipsius
2159 907 2315 939 devotione
2328 920 2361 940 ac
2377 909 2448 941 fide-

1385 941 1460 971 litate
1472 941 1632 980 persistant‚
1651 943 1685 974 &
1699 952 1749 981 per
1766 944 1885 974 eandem
1899 953 2003 975 terram
2013 944 2103 975 libere
2117 945 2151 975 ad
2165 946 2228 976 alias
2241 947 2338 987 Regni
2357 957 2448 986 partes

1386 980 1481 1010 haberi
1496 979 1579 1019 poffit
1594 980 1719 1010 transitus
1732 982 1766 1012 &
1780 981 1940 1020 processus,
1954 982 2113 1014 succursum
2126 994 2184 1022 prae
2205 995 2262 1016 ar&
2275 985 2447 1026 festinatum3

1384 1019 1421 1048 ita
1442 1018 1535 1058 quod,
1555 1020 1637 1050 omni
1655 1018 1820 1051 difficultate
1841 1030 1874 1051 ac
1893 1019 2019 1052 tarditate
2038 1031 2164 1061 remota,
2180 994 2275 1054 {atim
2289 1025 2448 1064 copiosa&

1387 1056 1498 1089 strenua
1513 1058 1610 1088 militia
1622 1057 1762 1098 dirigatur.

1422 1095 1461 1127 Et
1482 1096 1698 1135 nichilominus,
1715 1106 1747 1127 ut
1768 1095 1881 1135 praefata
1899 1104 1973 1127 terra
2032 1097 2075 1129 ffit
2087 1099 2202 1130 interim
2215 1099 2448 1141 praeservar1‚in-

1384 1135 1545 1166 continenti
1568 1136 1733 1174 pecuniam,
1757 1146 1811 1173 pro
1832 1107 2030 1166 conducendis)
2044 1136 2080 1166 ad
2097 1137 2156 1168 hoc
2175 1139 2326 1178 militibus,
2344 1140 2377 1171 δε
2397 1140 2448 1170 ali-

1385 1183 1473 1212 quem
1486 1174 1582 1204 virum
1599 1173 1736 1204 idoneum
1751 1184 1804 1213 pro
1819 1174 1864 1204 Ca
1884 1175 1977 1205 itaneo
1991 1173 2098 1205 studeas
2111 1174 2262 1214 destinare,
2278 1187 2311 1208 ac
2322 1178 2381 1208 aliis
2393 1178 2447 1209 hu-

1558 1245 1560 1249 .
2466 1226 2482 1243 *
2493 1226 2515 1253 Ι.

1385 1249 1480 1288 quod,
1495 1250 1515 1280 fi
1537 1251 1567 1281 su
1587 1261 1616 1281 er
1636 1251 1688 1281 hiis
1727 1250 1858 1282 rovidere
1877 1261 1936 1289 quo
1959 1261 1998 1282 uo
2011 1251 2102 1282 modo
2122 1251 2258 1283 distuleris
2291 1263 2363 1285 terra
2375 1256 2447 1294 ipsa,
2529 1224 2570 1262 56¹

1383 1289 1417 1319 &
1438 1289 1553 1327 quicqui
1592 1288 1628 1320 de
1647 1299 1705 1327 prae
1727 1289 1784 1320 ‘eto
1800 1289 1908 1327 Regno
1919 1300 1936 1320 e
1975 1290 2104 1321 habitum
2117 1291 2151 1321 &
2166 1277 2339 1331 possessum,
2355 1295 2447 1331 proti-

1385 1336 1436 1356 nus
1457 1328 1618 1366 amittetur,
1637 1337 1690 1358 nec
1710 1328 1815 1366 poterit
1836 1328 1912 1359 forte
1926 1327 2025 1367 postea
2037 1337 2096 1359 tarn
2110 1338 2196 1369 grave
2208 1330 2328 1362 resarciri
2340 1330 2449 1371 dispen-
2507 1350 2513 1356 -

1385 1363 1482 1404 dium,
1497 1374 1542 1395 aut
1555 1373 1614 1396 tam
1625 1365 1778 1403 dampnosa
1794 1367 1913 1404 reparari
1928 1367 2014 1397 ruina.

1424 1402 1508 1434 Nam
1527 1413 1595 1435 curn
1615 1412 1645 1434 tu
1666 1404 1754 1442 olim,
1772 1404 1886 1442 quando
1899 1404 2038 1436 assumere
2050 1414 2161 1437 tantum
2172 1416 2193 1436 n
2228 1408 2320 1438 otium
2334 1408 2450 1441 difficile

1387 1441 1484 1480 valde,
1503 1443 1597 1474 immo
1610 1442 1685 1480 quasi
1700 1441 1872 1480 impossibile
1883 1442 2046 1482 videbatur,
2064 1454 2134 1475 cum
2147 1455 2206 1484 prae
2233 1455 2259 1476 ta
2272 1446 2396 1478 Ecclesia
2418 1450 2449 1479 in

1388 1480 1495 1518 Regno
1515 1480 1654 1519 praediCto
1678 1480 1766 1511 nichil
1779 1481 1889 1519 penitus
1900 1482 2058 1520 obtineret,
2076 1482 2106 1513 R
2163 1494 2213 1514 urn
2227 1484 2316 1522 ipsum
2331 1486 2448 1517 affecta-

1388 1520 1425 1550 ris
1437 1512 1560 1557 habere,
1577 1529 1610 1550 ac
1626 1519 1747 1549 libentur
1758 1519 1925 1558 tractatum,
1941 1520 2008 1558 qui,
2023 1530 2077 1557 pro
2090 1492 2194 1552 εὲῗὲῐη
2215 1532 2301 1562 nato,
2313 1523 2394 1562 super
2413 1525 2447 1555 il-

1388 1558 1436 1596 lo,
1461 1567 1512 1596 per
1531 1566 1723 1589 memoratum
1743 1556 1995 1596 praedecess’orem,
2018 1560 2053 1590 δε
2073 1558 2210 1590 ἀίΙεέἱωη
2229 1560 2320 1592 filium
2340 1562 2449 1603 Magis-

1385 1605 1463 1627 trum
1476 1596 1628 1627 Albertum
1641 1596 1799 1627 Notarium
1815 1596 1962 1634 nostrum,
1981 1605 2077 1627 tecum
2099 1598 2208 1629 habitus
2227 1600 2332 1639 extitit,
2348 1611 2450 1640 accep-

1390 1635 1458 1666 tasse
1469 1634 1585 1674 dicaris3
1606 1635 1698 1666 multo
1712 1634 1851 1665 ardentius
1863 1634 1955 1665 modo
1971 1633 2057 1665 debes
2068 1635 2208 1676 assurgere
2225 1637 2260 1668 ad
2281 1639 2450 1676 praedictum

1388 1675 1538 1714 negotium
1558 1673 1772 1712 assumendum,
1788 1683 1858 1705 cum
1876 1674 1905 1704 in
1924 1683 1957 1704 ea
1976 1682 2053 1711 parte
2074 1674 2155 1712 ipsius
2167 1675 2198 1705 R
2255 1678 2360 1714 iplene
2372 1688 2405 1709 ac
2416 1678 2451 1708 li-

1388 1713 1458 1743 bere
1471 1711 1635 1743 dominetur
1648 1711 1788 1750 Ecclesia,
1809 1722 1874 1751 quae
1887 1713 1984 1781 utliffiue
1994 1712 2102 1750 semper
2115 1714 2187 1744 inter
2227 1716 2263 1745 ias
2282 1714 2394 1755 dignior
2416 1718 2451 1748 &

1389 1751 1515 1782 nobilior
1534 1753 1639 1790 extitit,
1658 1752 1691 1782 &
1713 1761 1782 1782 cum
1803 1761 1857 1789 qua
1879 1751 1902 1789 ej
1954 1760 2002 1781 em
2019 1750 2116 1791 Regni
2130 1751 2271 1785 refiduum
2286 1754 2451 1786 multotiens

1390 1789 1444 1820 fuit
1457 1791 1609 1828 antiquitus
1623 1800 1672 1828 per
1687 1788 1793 1821 diversa
1805 1799 1865 1820 tem
1907 1799 1936 1819 ra
1948 1797 2129 1828 occupatum.

1427 1828 1516 1859 Tolle
1530 1830 1613 1868 igitur
1627 1838 1739 1867 moras,
1755 1827 1793 1858 fili
1806 1829 1861 1859 car'
1887 1838 1962 1867 ime,
1979 1830 2061 1867 quia,
2080 1828 2150 1860 sicut
2166 1828 2259 1868 nosti,
2276 1830 2385 1870 semper
2397 1842 2452 1863 no-

1388 1868 1448 1899 cuit
1460 1866 1576 1897 differre
1590 1869 1697 1905 paratis.

1425 1905 1502 1936 Haec
1521 1905 1587 1936 ideo
1606 1905 1768 1945 scribimus,
1782 1915 1820 1937 ne
1840 1906 1871 1936 in
1890 1905 1960 1945 hiis,
1975 1905 2009 1937 ad
2028 1907 2251 1946 excusationem,
2268 1908 2358 1947 aliqua
2372 1911 2453 1950 igno-

1391 1945 1478 1975 rantia
1488 1944 1577 1975 valeat
1591 1943 1709 1985 allegari.

1428 1982 1467 2014 Et
1478 1992 1548 2014 ecce
1560 1982 1698 2014 dileetum
1711 1982 1801 2014 filium
1814 1982 1931 2015 fratrem
1940 1983 2105 2023 Johannem
2118 1984 2156 2014 de
2170 1983 2252 2024 Dya,
2265 1984 2454 2024 Capellanum

1389 2022 1424 2054 &
1448 2021 1695 2053 Poenitentian'um
1715 2021 1865 2060 nostrum,
1883 2021 1920 2052 de
1935 2032 1994 2060 quo
2006 2032 2059 2053 nos
2073 2024 2108 2054 &
2121 2023 2218 2054 fratres
2230 2023 2321 2054 nostri
2341 2025 2454 2063 plenam

1389 2060 1420 2091 in
1440 2059 1575 2092 Domino
1595 2059 1729 2091 fiduciam
1747 2061 1930 2098 obtinemus,
1944 2069 2060 2099 propter
2072 2061 2129 2091 hoc
2142 2061 2295 2099 specialiter
2309 2062 2342 2092 ad
2358 2072 2386 2093 te
2401 2063 2454 2095 du·

1391 2099 1483 2129 ximus
1495 2098 1711 2137 destinandum,
1724 2100 1770 2129 cui
1784 2099 1813 2128 in
1827 2099 1896 2136 hiis,
1914 2108 1979 2136 quae
1993 2099 2064 2137 nbi,
2078 2099 2158 2137 super
2170 2099 2330 2139 praemissis,
2344 2111 2379 2131 ex
2390 2112 2454 2140 par-

1392 2143 1422 2168 te
1442 2136 1537 2168 nostra
1554 2136 1670 2176 dixerit,
1687 2147 1756 2168 cum
1777 2135 1907 2167 nostram
1927 2138 1957 2167 in
1975 2137 2029 2167 hac
2049 2146 2126 2175 parte
2146 2137 2197 2168 fibi
2218 2138 2300 2176 plene
2319 2141 2455 2172 intentio-

1387 2185 1457 2207 nem
1478 2175 1708 2215 expresserimus,
1726 2174 1857 2206 adhibeas
1873 2174 1986 2205 firmam
2007 2174 2112 2214 fidem,
2129 2177 2176 2206 cui
2189 2178 2292 2215 etiam,
2306 2177 2386 2216 super
2399 2179 2454 2210 hu-

1384 2214 1508 2253 jusmodi
1522 2215 1658 2254 negotio,
1675 2214 1779 2245 sublata
1791 2223 1873 2244 mora
1885 2213 2008 2252 qualibet
2041 2222 2120 2244 tuam
2135 2215 2256 2246 totaliter
2269 2219 2406 2254 exprimas
2419 2218 2454 2250 δε

1388 2254 1492 2292 aperias
1504 2252 1700 2292 voluntatem,
1715 2262 1766 2291 per
1780 2262 1849 2283 eum
1859 2253 1945 2282 nobis
1958 2238 2148 2291 postmodum
2162 2253 2346 2284 referendam.

1427 2329 1495 2361 Dat.
1514 2329 1668 2371 Anagniae,
1693 2338 1731 2368 14
1752 2328 1817 2360 Kal.
1843 2328 1969 2360 Ostobr.
1986 2328 2173 2362 Pontificatfis
2192 2329 2283 2362 nostri
2300 2341 2377 2363 anno
2396 2334 2454 2372 pri-

1390 2378 1450 2400 mo.

1713 2435 1842 2467 Plumbeo
1848 2435 1937 2478 sigillo
1944 2437 2060 2476 penden.
2077 2449 2097 2468 a
2101 2437 2156 2480 filo
2174 2438 2299 2469 canabeo.

1389 2565 1438 2597 De
1466 2565 1580 2610 Regina
1606 2565 1709 2596 Scotiae
1739 2572 1942 2594 commorante
1969 2574 2040 2595 cum
2072 2565 2188 2611 Regina
2218 2565 2336 2614 Angliae
2367 2578 2456 2614 agro-

1877 2619 1970 2645 tante.

1455 2687 1514 2719 EX
1526 2689 1679 2726 omnihus,
1695 2688 1755 2720 &c.
1772 2687 1897 2718 salutern.
1915 2724 1920 2730 .
2017 2726 2021 2731 Ι
2476 2695 2552 2727 Anu,
2563 2697 2570 2728 j

1493 2726 1592 2757 Sciatis
1603 2737 1656 2757 nos
1668 2727 1746 2757 bona
1759 2725 1815 2755 fide
1827 2723 1984 2762 promisisse
1994 2723 2101 2756 dilec‘to
2114 2725 2175 2758 filio
2188 2727 2223 2758 &
2235 2727 2310 2759 fideli
2336 2729 2454 2767 nostro,
2501 2744 2570 2775 1255

1392 2764 1552 2809 Alexandro
1566 2763 1643 2833 Reigi
1657 2763 1763 2808 Scotiae
1776 2763 1892 2800 illustri,
1910 2762 1989 2800 quod
2005 2762 2197 2807 Margaretam
2216 2765 2360 2811 Reginam
2382 2767 2454 2798 Sco-
2474 2779 2525 2803 An.
2542 2785 2570 2813 39

1392 2811 1461 2872 iffa
1473 2800 2278 2885 ¹335ss‚uffiifflgffidsssaefflffipsegfflg
2289 2805 2329 2875 ἒξ
2343 2805 2456 2885 ἓξὲξ
2474 2818 2566 2889 ἒξ,ῗ·;

1393 2879 1506 2919 nostra,
1526 2888 1642 2918 propter
1655 2879 1847 2910 infirmitatem
1862 2877 1984 2916 ejusdem
1996 2877 2118 2918 Reginae
2129 2880 2252 2919 nostrae,
2475 2895 2567 2927 H.3.m

1428 2918 1532 2949 Eidem
1553 2918 1630 2957 Regi
1664 2917 1709 2948 vel
1732 2917 1893 2954 Militibus,
1911 2926 1983 2960 quos
2002 2917 2036 2948 ad
2058 2918 2116 2949 hoc
2130 2918 2295 2958 destinabit,
2311 2920 2456 2959 praesentes

1393 2957 1495 2988 litteras
1507 2955 1616 2987 nostras
1628 2942 1836 2993 deferentibus,
1849 2953 1928 2986 reddi
1940 2954 2074 2987 faciemus
2088 2956 2124 2987 ad
2135 2957 2294 2989 ducendam
2309 2969 2369 2998 quo
2380 2958 2457 2990 idem

1397 2995 1463 3027 Rex
1483 2995 1622 3031 voluerit,
1638 2994 1784 3034 quamcito
1805 2993 1836 3023 R
1875 2994 1880 3000 '
1935 2993 2030 3037 nostra
2050 2995 2242 3035 convaluerit,
2261 2997 2296 3029 &
2315 3007 2332 3028 a
2353 2996 2458 3029 Castro

1397 3033 1540 3103 dehWerk
1551 3033 1644 3064 versus
1659 3041 1749 3072 partes
1761 3031 1836 3063 austr
1863 3041 1891 3063 es
1902 3031 1930 3063 se
1940 3031 2094 3065 diverterit.

1488 3073 1582 3111 cujus,
1598 3073 1658 3103 δῖε.

1431 3148 1523 3180 Teste
1537 3147 1621 3189 Rege
1632 3148 1706 3188 apud
1718 3147 1830 3187 Werk,
1848 3147 1985 3180 vicesimo
2000 3148 2047 3180 die
2060 3149 2243 3188 Septembris.

1395 3276 1445 3308 De
1474 3273 1651 3314 Constliariis
1676 3275 1771 3320 Regni
1797 3276 1834 3311 ὠ·
1855 3277 1946 3321 Regis
1962 3278 2062 3308 Scotiae
2078 3274 2275 3318 amovendis,
2298 3286 2405 3308 necnon
2421 3272 2457 3306 de

1439 3323 1528 3364 aliis,
1553 3333 1656 3354 eorum
1681 3321 1760 3364 loco,
1784 3321 1827 3354 ad
1850 3322 2023 3367 instantiam
2047 3325 2135 3372 Regis
2159 3323 2296 3371 Angliae,
2312 3320 2459 3368 fiobstitu·

1441 3381 1492 3403 ns.

1398 3453 1598 3516 HEnricus
1612 3478 1622 3493 ,
1647 3454 1706 3487 Dei
1726 3455 1830 3497 gratia,
1853 3455 1920 3487 Rex
1942 3457 2072 3496 Angliae,
2090 3457 2152 3488 &c.
2173 3457 2308 3489 omnibus
2326 3455 2362 3487 ad
2382 3464 2454 3494 quos
2476 3468 2570 3500 Ann.l

1487 3494 1631 3531 praesentes
1645 3493 1743 3526 litterae
1759 3497 1938 3533 pervenerint
1950 3496 2073 3526 salutem.
2371 3531 2378 3538 ,
2501 3516 2570 3547 1255

1434 3532 1532 3563 Sciatis
1545 3542 1598 3562 nos
1611 3532 1713 3563 litteras
1727 3534 1823 3564 dilecti
1837 3532 1884 3563 filii
1896 3535 1929 3566 &
1943 3534 2030 3564 fidelis
2041 3533 2131 3564 nostri
2140 3533 2306 3572 Alexandri,
2321 3532 2379 3563 Dei
2392 3540 2454 3571 gra·
2471 3550 2522 3576 An.
2545 3556 2570 3584 35

1395 3570 1451 3609 tii,
1467 3570 1555 3611 Regis
1570 3570 1676 3602 Scotiae
1689 3571 1800 3604 illustris
1815 3572 1920 3605 habere
1933 3573 1963 3604 in
1974 3573 2038 3604 haec
2051 3572 2157 3612 verba,
2473 3590 2507 3614 H.
2530 3595 2556 3622 3,

2473 3628 2531 3652 Par.
2543 3632 2570 3660 39

1435 3648 1694 3678 UNIVERSIS
1713 3652 1908 3680 CHRISTI
1932 3651 2225 3687 FIDELIBUS,
2240 3647 2274 3678 ad
2294 3655 2366 3685 quos
2382 3657 2454 3685 PFAE-
2475 3666 2570 3700 H‚3‚m.

1396 3685 1456 3754 lsens
1477 3685 1610 3724 scriptum
1633 3691 1808 3727 pervenerit,
1825 3688 1984 3720 Alexander
1996 3688 2055 3719 Dei
2070 3687 2172 3729 gratia,
2186 3687 2252 3718 Rex
2274 3683 2398 3724 Scotiae,
2415 3686 2454 3716 sa-

1409 3732 1496 3754 utem.

1435 3761 1565 3793 Noverit
1583 3760 1759 3797 Universitas
1780 3766 1874 3797 vestra
1893 3765 1990 3805 quod,
2004 3775 2073 3797 cum
2095 3762 2248 3794 kariffimus
2266 3770 2344 3800 Psster
2358 3761 2456 3807 nostssr

1396 3800 1430 3831 ὃ(
1447 3800 1594 3832 Dominus
1613 3801 1774 3844 Henricus,
1791 3805 1858 3836 Rex
1955 3806 1988 3835 iae
2001 3803 2128 3838 illustris,
2142 3811 2196 3839 ΡΓΟ
2208 3801 2321 3831 honore
2334 3801 2455 3845 &Pull-

1395 3847 1451 3868 tate
1472 3838 1585 3878 nostra,
1600 3841 1634 3871 ὃ(
1656 3841 1752 3883 Regni
1763 3843 1869 3881 nostri,
1884 3842 1918 3874 ad
1972 3843 2094 3872 archiam
2108 3839 2280 3884 Regnorum
2296 3839 2455 3885 Anghae&

1394 3877 1519 3915 Scotiae,
1534 3878 1573 3908 sui
1590 3880 1693 3919 gratis,
1709 3882 1886 3920 personaliter
1905 3880 2058 3911 acceffisset
2092 3887 2165 3915 nos,
2180 3877 2216 3908 ad
2236 3877 2395 3910 instantiam
2409 3887 2454 3916 ip-

1396 3915 1449 3946 sius
1461 3914 1567 3959 Rege,
1585 3917 1619 3948 &
1631 3917 1668 3949 de
1679 3919 1810 3951 Consilio
1823 3919 1995 3962 Magnarum
2008 3902 2191 3960 nostrorum,

1433 3953 1564 3993 Scilicet,
1583 3958 1786 3989 venerabilium
1804 3957 1922 3987 Parrum
1939 3965 1970 3986 in
1990 3952 2108 3984 Christo
2128 3952 2180 3997 W.
2198 3953 2230 3985 G
2288 3977 2294 3984 .
2311 3954 2350 3999 R.
2369 3953 2456 3997 Duris

1394 3989 1478 4061 {iii}
1493 3991 1543 4023 H:
1560 3993 1725 4032 Abberdm.
1745 3994 1971 4034 Episcopum,
1995 3993 2030 4025 &
2049 3990 2173 4023 Donum
2190 3991 2231 4025 G·
2246 3992 2273 4026 E
2284 3993 2340 4026 effi
2354 3992 2454 4025 Samih

1480 4040 1540 4069 εει
1991 4068 1994 4074 ,

2408 4065 2459 4097 De
