2570 4261
190 115 270 156 240

40 185 116 218 Ann.
132 186 175 218 D.
191 188 354 225 memoriae,
372 184 496 217 Domini
514 181 616 213 Karoli
630 180 728 221 ,Regis
739 180 860 218 Siciliae,
877 179 926 220 qui
940 179 970 209 in
984 177 1074 209 Insula
1087 177 1191 209 Sicilia:
1203 175 1254 206 sub

61 227 148 264 1285·
188 227 316 259 custodia
331 226 484 260 detinetur,

228 266 306 295 Idem
334 263 479 294 Dominus
508 258 603 289 noster
635 257 778 288 licentiam
805 256 888 286 vobis
909 255 1068 295 dignaretur
1093 253 1253 284 concedere

189 302 343 334 transeundi
363 301 395 330 ad
419 298 536 330 eandem
560 297 696 334 Insulam,
716 295 770 326 lata
791 305 889 325 contra
930 293 1119 325 roficiscentes
1142 293 1172 322 in
1188 301 1250 322 eam

187 342 255 380 quai
264 343 285 371 is
305 337 606 369 excommunicationis
626 334 759 365 sententia
781 344 840 364 non
863 334 915 363 obi
930 341 1011 370 anre,
1028 332 1084 373 ipse
1099 341 1169 361 vero
1185 329 1252 360 Do-

185 382 276 410 minus
299 376 394 407 noster
416 376 559 406 commisit
579 374 663 404 nobis
675 372 793 404 oraculo
808 374 882 402 vivae
897 372 996 409 vocis,
1015 381 1045 402 ut
1060 369 1145 400 eundi
1157 369 1190 412 ad
1205 369 1251 408 ip-

184 419 240 448 sam
255 416 391 453 Insulam,
411 424 462 451 pro
478 413 558 444 caula
572 411 752 450 hujusmodi,
772 411 855 442 vobis
869 410 1032 442 auctoritate
1046 409 1144 447 ipsius,
1162 408 1250 438 licen-

184 458 250 486 tiam
266 454 473 495 praeberemus,

220 493 286 523 No,
304 493 408 531 igitur,
422 491 521 521 eadem
543 488 723 527 auctoritate,
741 488 825 519 vobis
846 485 1009 528 praedi&am
1023 484 1167 516 licentiam
1183 483 1251 513 elar-

185 533 295 571 gimur,
314 536 460 568 praeleiites
478 529 594 566 litteras,
620 528 697 567 sigilli
717 526 808 557 nostri
825 526 996 566 appenlione
1015 524 1150 562 munitaS,
1168 523 1250 552 vobis

184 573 213 600 iii
228 569 426 601 testimonium
441 567 640 599 concedentes.

36 268 104 293 Eilv.
129 274 153 294 Ι.

220 646 329 676 Datum
350 645 456 676 Perulii
479 643 655 676 duodecimo
671 641 734 673 Kal.
749 641 839 680 Maii,
856 640 985 680 affiimpti
999 640 1014 670 a
1029 638 1166 678 praedieffo
1182 637 1249 670 Do-

183 687 263 717 mino
280 684 417 715 Honorio
436 681 621 722 Apostolatsis
636 681 738 712 Officii
752 691 829 712 anno
843 682 944 720 primo.

320 810 411 842 Bulla
431 811 563 842 Honorii
584 811 665 854 Papae
687 807 785 840 Elem
797 833 806 849 ‚
833 806 868 840 de
887 807 1021 839 eleHione
1032 805 1103 851 fita.

33 900 110 933 Ami.
127 900 168 931 D.
183 896 384 958 HOnorius
402 894 516 924 Ele5tus
537 892 816 934 Episcopusfservus
837 892 981 923 servorum
1003 891 1079 929 Dei,
1102 891 1247 922 carissimo

53 940 136 979 1285.
276 937 304 965 iii
326 933 446 964 Christo
458 933 516 963 filio
676 931 754 971 Regi
768 932 879 971 Angli-ae
893 930 1008 969 illustri,
1027 930 1140 961 salutem
1157 932 1189 962 &
1205 931 1247 961 A·-

30 983 83 1008 Avi.
105 990 147 1016 ¹3·
184 975 351 1016 postolicam
368 972 609 1002 benediffionem.

31 1022 61 1044 Ε.
81 1027 102 1044 ι.
220 1014 344 1044 Sincerae
365 1011 482 1041 caritatis
501 1009 634 1048 affectus,
651 1019 737 1048 quem
759 1018 823 1049 erga
842 1016 887 1047 te,
905 1016 1004 1049 utpote
1023 1007 1112 1038 filium
1129 1008 1246 1038 benedi-

31 1060 71 1082 Ex
86 1059 143 1083 Au·
186 1053 286 1083 &ionis
307 1052 340 1082 &
361 1050 474 1090 gratiae,
491 1060 524 1079 ac
545 1050 629 1080 etiam
651 1049 778 1079 inclitam
798 1049 921 1078 domum
943 1057 1038 1084 tuam,
1056 1047 1195 1084 praeclaris
1210 1047 1244 1078 &

29 1102 94 1130 sagr.
183 1091 247 1122 fidei
267 1090 352 1121 ritulis
369 1089 543 1128 insignitam,
562 1088 695 1118 haetenus
715 1086 844 1125 gessimus
863 1085 932 1116 dum
955 1085 1074 1116 effemus
1096 1086 1122 1115 in
1140 1087 1244 1116 minori

182 1129 282 1160 officio
303 1127 468 1165 constituti,
486 1135 612 1157 mentem
632 1124 756 1156 nostram
777 1125 923 1156 sollicitam
937 1123 1102 1155 reddidit&
1116 1123 1242 1163 induxit,

180 1178 210 1199 ut
233 1170 248 1199 a
269 1168 335 1199 Deo
356 1165 506 1205 praeniissae
523 1164 627 1196 nostrae
645 1164 834 1203 promotionis
855 1163 991 1203 auspicia,
1009 1172 1069 1193 nori
1092 1163 1243 1203 expediatis

180 1207 400 1238 consecrationis
419 1205 453 1236 &
476 1204 683 1234 benedictionis
703 1202 808 1233 nostrae
829 1202 1001 1240 sollempniis
1015 1224 1023 1238 ,
1049 1211 1114 1239 quae
1135 1201 1241 1241 solent,

178 1246 215 1276 de
237 1246 366 1277 laudabili
388 1243 589 1275 consuetudine
601 1241 748 1272 Romanae
762 1240 914 1278 Ecclefiae,
931 1240 1107 1278 Apostolicas
1122 1241 1240 1280 litteras,

177 1295 286 1315 novam
305 1284 520 1324 promotionem
539 1282 642 1312 summi
665 1279 811 1311 Pontificis
832 1280 996 1309 nunciantes
1010 1302 1019 1317 ,
1055 1280 1210 1317 praevenire
1231 1289 1237 1309 ε

177 1324 266 1364 Tibi,
285 1332 371 1361 quem
390 1323 460 1352 inter
483 1329 600 1351 caeteroz
619 1320 695 1350 orbis
716 1319 808 1357 Reges
828 1319 861 1349 δε
884 1317 1045 1356 Principes,
1066 1317 1239 1358 Apostolicae

178 1363 246 1392 sedis
276 1361 429 1400 benignitas
454 1357 636 1398 praerogativi
659 1358 763 1388 favoris
788 1358 822 1388 &
841 1356 1043 1388 benivolentiae
1065 1356 1240 1395 prosequitur

177 1401 313 1440 specialis,
334 1409 381 1437 per
401 1398 508 1429 nostras
523 1398 651 1428 intimare
666 1397 769 1427 litteras
781 1405 950 1426 curaremus.

216 1439 357 1469 Duximus
373 1439 444 1477 itaq,
468 1435 634 1467 Celsitudini
660 1435 760 1475 Regiae
781 1444 880 1465 tenore
902 1433 1079 1472 praesentium
1107 1435 1239 1464 intiman-

175 1478 244 1508 dum
283 1477 338 1507 uod
358 1476 446 1506 felicis
460 1474 659 1505 recordationis
675 1474 802 1504 Martino
816 1473 901 1510 Papae
913 1481 1029 1511 quarto,
1049 1472 1238 1509 praedecesso-

177 1527 205 1547 re
228 1488 345 1554 no‘liio,
363 1524 445 1552 prout
468 1513 602 1544 Domino
624 1513 741 1551 placuit,
767 1520 866 1551 quarto
888 1510 952 1541 Kal.
974 1511 1114 1551 praeseritis
1136 1511 1237 1542 mensis

178 1555 279 1593 Aprilis
298 1555 333 1585 de
355 1554 407 1584 bac
431 1554 497 1590 luce
517 1551 675 1589 subtracto,
701 1552 835 1588 demum,
855 1550 1021 1588 disponente
1042 1549 1110 1588 illo,
1128 1551 1176 1589 qui
1197 1560 1240 1580 re-

177 1595 217 1633 git
238 1595 271 1625 ὅ(
294 1593 386 1631 dirigit
407 1590 531 1623 universa
544 1613 553 1629 ,
579 1600 679 1629 quarto
697 1590 782 1620 Non.
801 1589 923 1627 ejusdem
947 1588 1048 1619 mensis
1068 1599 1120 1618 nos
1134 1613 1143 1626 ,
1168 1598 1238 1620 tunc

179 1633 281 1663 sanetae
314 1631 417 1662 Mariae
447 1631 477 1660 in
510 1628 659 1660 Cosmidin
684 1629 831 1659 Diaconus
853 1627 1011 1657 Cardinalis
1029 1650 1038 1665 ‚
1077 1627 1182 1658 fuimus
1204 1628 1241 1659 de

177 1673 295 1702 fratrum
323 1668 454 1718 nostrum
480 1668 621 1700 electione
644 1666 783 1699 concordi
811 1666 845 1697 ad
870 1665 1038 1704 apostolatus
1053 1665 1187 1697 officium
1210 1676 1242 1697 e-

174 1719 269 1741 vocati

212 1749 382 1788 Qiaesumus
398 1748 498 1788 igitur,
516 1745 554 1776 fili
573 1743 712 1776 carissime
724 1767 734 1783 ,
749 1752 780 1774 ut
793 1742 929 1783 grandem
944 1742 1074 1773 laborum
1089 1742 1242 1782 sarcinam,

173 1798 259 1826 quani
282 1789 413 1817 executio
433 1785 515 1824 ipsius
533 1784 622 1815 officii
644 1784 738 1813 secum
760 1783 859 1818 trahit,
878 1782 931 1822 piae
953 1780 1153 1819 compassionis
1173 1781 1242 1812 affe-

177 1828 226 1858 cti
248 1827 405 1865 recogitans
419 1848 429 1863 ,
469 1825 583 1854 devotas
605 1823 638 1853 &
658 1822 759 1852 sedulas
780 1820 903 1852 altissimi
924 1819 983 1850 filio
1003 1829 1101 1859 preces
1122 1820 1238 1859 fundas,

174 1867 301 1906 quatinus
321 1866 356 1894 de
377 1864 432 1894 suae
453 1862 640 1892 habundantia
662 1861 786 1899 pietatis,
809 1870 873 1898 quae
892 1860 989 1889 merita
1008 1858 1166 1899 supplicum
1187 1869 1242 1889 ex-

174 1906 250 1935 cedit
268 1905 301 1934 Sc
324 1913 408 1941 vora,
427 1902 464 1932 sic
486 1902 562 1931 astus
581 1900 692 1930 nostros
713 1900 746 1930 δε
768 1909 855 1937 opera
879 1898 995 1937 dirigat,
1015 1898 1052 1928 sic
1066 1898 1237 1928 debilitatem

173 1943 298 1975 nostram
318 1941 373 1972 suae
392 1941 525 1979 potentiae
546 1941 649 1970 virtute
671 1939 850 1969 communiat
863 1959 872 1975 ,
900 1946 932 1967 ut
954 1936 1164 1969 Sacrolanstam
1185 1936 1243 1967 Ec-

174 1982 301 2018 cleliam,
321 1980 446 2018 sponsam
460 1979 552 2017 suam,
573 1980 651 2016 cujus
665 1977 748 2007 nobis
762 1985 860 2007 curam
875 1976 908 2007 &
922 1975 1138 2006 sollicitudinem
1157 1985 1241 2006 com-

176 2022 252 2051 mitti
270 2020 375 2057 voluit,
394 2018 527 2057 possimus
547 2016 580 2047 ad
601 2016 710 2046 laudem
724 2015 757 2046 &
771 2015 890 2053 gloriam
905 2014 943 2045 sui
962 2013 1126 2045 sanctissimi
1142 2015 1240 2045 nomi-

174 2061 218 2090 nis
237 2059 379 2089 salubriter
400 2066 511 2095 regere,
527 2066 559 2086 ac
575 2056 677 2086 utiliter
692 2054 854 2093 gubernare.

216 2096 266 2134 Et,
286 2098 349 2136 quia
371 2096 517 2136 personam
537 2094 658 2133 Regiam
677 2093 801 2132 gerimus
822 2091 893 2121 infra
909 2091 1032 2122 caritatis
1047 2091 1151 2122 viscera
1187 2101 1240 2121 rce—

174 2136 324 2173 dileffhim,
344 2136 476 2165 volumus
498 2140 528 2163 ut
546 2132 579 2162 ad
593 2143 659 2171 nos,
685 2133 715 2161 in
736 2131 787 2161 tuis
806 2131 1062 2170 oportunitatibus,
1077 2139 1147 2160 cum
1182 2130 1238 2161 du-

175 2175 221 2206 cia
235 2175 266 2205 δε
282 2174 426 2204 securitate
439 2181 571 2202 recurras.

213 2213 281 2243 Nos
303 2213 381 2242 enirn
403 2213 433 2242 in
454 2211 506 2241 illis
527 2208 701 2239 intendimus
724 2208 796 2246 tibi,
811 2214 949 2248 quantum
964 2216 1033 2238 cum
1049 2206 1118 2237 Deo
1133 2209 1241 2248 poteri-

173 2253 279 2289 rimus,
298 2251 401 2281 favoris
418 2249 581 2289 Apostolici
595 2246 801 2287 plenitudinem
818 2246 958 2277 exhibere.

211 2290 358 2320 Caeterum
382 2288 409 2319 su
432 2299 461 2318 er
483 2287 602 2326 negotiis
641 2295 694 2322 pro
717 2286 817 2325 quibus
839 2285 958 2315 dilectos
978 2282 1049 2313 filios
1066 2283 1117 2314 Ma
1139 2283 1239 2315 istrum

172 2328 376 2359 Guillielmum
433 2327 585 2356 anonicum
612 2309 735 2353 (velleii.
757 2324 790 2354 ὃ(
814 2324 942 2354 nobilem
974 2323 1066 2352 virum
1124 2323 1239 2363 elyam,

171 2375 233 2398 tuos
249 2367 391 2398 familiares
405 2367 438 2396 &
455 2364 607 2400 Nuncios,
623 2363 722 2392 latores
764 2361 937 2399 raesentium,
952 2361 1067 2391 vivente
1082 2362 1173 2393 adhuc
1189 2372 1239 2392 eo-

173 2406 240 2436 dem
250 2404 470 2441 Praedecess'ore,
488 2403 522 2433 ad
532 2400 728 2441 Apostolicam
751 2401 834 2431 edem
842 2399 1001 2437 destinasti,
1017 2400 1179 2431 exhibentes
1187 2410 1240 2431 nos

170 2446 335 2475 favorabiles
350 2445 383 2475 &
399 2444 553 2482 benignos,
567 2441 688 2471 formam
698 2463 707 2478 ,
724 2438 879 2470 secundum
893 2441 1082 2478 quim,super
1098 2440 1240 2478 principa-

170 2484 190 2514 li
212 2485 327 2522 negotio
348 2482 460 2520 Revio,
478 2480 633 2518 debebant,
652 2478 780 2517 praediciti
799 2478 1010 2518 praedecefforis
1032 2487 1176 2517 tempore,
1196 2480 1239 2510 Α-

171 2522 317 2562 postolicae
333 2506 439 2552 confici
460 2519 576 2557 litter-ae,
595 2518 741 2548 meliorare
762 2517 937 2555 curavimus,
954 2524 986 2546 ut
1001 2516 1107 2556 plenius
1129 2517 1239 2549 satisfie-

172 2570 213 2591 ret
233 2562 305 2591 votis
320 2561 390 2597 tuis,
407 2561 440 2591 &
455 2557 615 2595 hujusmodi
629 2557 730 2587 litteras
744 2555 778 2586 ad
794 2556 890 2586 celeris
902 2554 1085 2595 expeditionis
1100 2555 1238 2588 effen-stum

172 2600 302 2630 duximus
321 2597 528 2637 perducendas,
546 2603 629 2636 prout
641 2595 727 2625 iidem
743 2594 778 2625 N
781 2595 859 2626 uncii
873 2595 1019 2626 Serenitati
1035 2593 1137 2634 Regiae
1152 2595 1239 2626 refer-

171 2648 201 2669 re
216 2646 345 2675 poterunt
359 2637 476 2667 oraculo
490 2636 565 2665 vivae
579 2635 668 2665 vocis.

209 2676 279 2706 Nec
303 2676 411 2706 mireris
431 2675 449 2705 si
467 2674 557 2712 bulla,
577 2682 636 2703 non
660 2673 818 2709 exprimens
839 2680 947 2701 nomen
969 2670 1115 2708 nostrum,
1135 2670 1176 2701 est
1190 2681 1239 2712 ap-

172 2716 252 2754 peristi
275 2714 451 2753 praesentibus
472 2722 553 2753 quae,
571 2720 636 2742 ante
657 2710 876 2741 consecrationis
898 2710 932 2740 ὃς
953 2709 1160 2739 benedictionis
1184 2719 1238 2739 no-

173 2754 236 2784 strae
257 2753 427 2791 solempnia,
446 2751 681 2786 transmittuntur,
720 2750 764 2779 uia
783 2749 838 2786 hii,
858 2749 905 2786 qui
929 2748 1042 2777 fuerunt
1058 2747 1193 2778 ha&enus
1207 2750 1238 2778 in

173 2792 300 2822 Roman.
322 2792 407 2822 elec-[ti
430 2789 580 2821 Pontifices
596 2813 605 2828 ,
635 2798 693 2818 con
706 2796 841 2818 ueverunt
855 2810 863 2823 ,
894 2787 963 2817 sicut
983 2787 1160 2824 praemittitur
1175 2809 1184 2825 ‚
1210 2788 1240 2818 in

173 2831 309 2861 bullandis
329 2831 439 2868 litteris,
457 2838 520 2859 ante
539 2828 593 2858 suae
611 2827 830 2858 consecrationis
851 2826 884 2856 δε
897 2825 1105 2856 ϋεηεάὶέὶίοηίε
1118 2834 1240 2865 munus,

175 2870 295 2900 modum
313 2868 475 2908 hujusmodi
494 2867 649 2898 observare.

212 2945 280 2976 Dat.
301 2946 404 2976 Perusii
425 2945 544 2984 septimo
566 2942 628 2974 Kal.
653 2941 752 2980 Maii,
779 2940 896 2982 suscepti
914 2941 928 2971 a
951 2940 1035 2971 nobis
1055 2939 1241 2978 Apostolatfis

175 2984 267 3016 officii
282 2994 357 3015 anno
373 2985 475 3022 primo.

857 3055 978 3095 Sigillum
993 3055 1127 3096 avulfimt.

28 3205 159 3242 ,ΙΙ-293,
178 3191 204 3218 ²*
232 3196 338 3226 Lirem
363 3204 424 3239 qua
447 3195 528 3238 Papa
553 3191 738 3225 devotionem
763 3192 851 3235 Regis
874 3201 944 3235 erga
969 3190 1070 3222 Deum
1092 3187 1241 3236 homines:

221 3255 277 3288 qne
300 3242 424 3286 mirfice
447 3241 575 3284 laudat,
612 3251 719 3272 necnon
745 3239 921 3285 respon-[bria
945 3240 1020 3285 Regi
1039 3238 1131 3285 fhpcr
1154 3251 1241 3285 nego-

223 3295 264 3323 tio
287 3294 454 3337 Aragoniae.

31 3372 107 3403 ΑῐὶΠ-
121 3371 162 3402 D·
252 3376 375 3406 Onorius
392 3375 566 3416 Episcopus,
584 3374 676 3405 servus
694 3374 835 3403 servorum
854 3372 929 3410 Dei,
948 3372 1092 3403 carissimo
1107 3372 1137 3402 in
1153 3371 1244 3404 Chri-

53 3411 136 3447 1285.
267 3414 311 3445 sto
329 3415 388 3445 filio
547 3414 624 3453 Regi
645 3412 756 3451 Angli-„e
781 3411 897 3450 illustri,
915 3412 1028 3443 salutem
1046 3412 1080 3442 &
1095 3411 1244 3449 Apostoli-

32 3453 83 3476 An.
102 3459 144 3485 ¹3·
182 3462 244 3483 cam
256 3454 495 3484 benedictionem.

33 3491 64 3514 Β.
88 3497 110 3514 ¹-
221 3490 322 3527 Exegit
340 3493 435 3529 regalis
455 3492 489 3522 ad
510 3490 628 3529 Deum,
647 3489 787 3519 immensis
801 3488 927 3519 laudibus
939 3487 1107 3526 attollenda,
1124 3488 1243 3518 devotio

31 3528 108 3554 LA.
119 3523 146 3561 f·
185 3539 216 3559 ut
234 3530 258 3558 ei
269 3551 277 3565 ,
293 3539 344 3566 pro
366 3540 409 3569 te,
424 3531 462 3561 fili
480 3528 635 3567 carissime,
654 3528 810 3567 frequenter
834 3528 972 3557 labiorum
993 3527 1114 3558 vitulum
1128 3527 1243 3557 exolva-

37 3572 100 3600 133-
113 3572 140 3589 a.
186 3576 297 3605 vanius,
306 3569 351 3604 qui
360 3569 396 3599 sic
408 3570 535 3600 animum
545 3568 670 3606 Regium
684 3567 770 3605 gratia
778 3566 872 3596 divina
884 3567 1037 3604 praevenit,
1048 3565 1125 3604 quod
1140 3566 1173 3595 ad
1187 3567 1244 3603 ejus

35 3604 169 3629 Penesciz-
186 3604 372 3644 prosequenda
392 3608 496 3638 sei-vitia
516 3607 610 3645 dirigis
631 3614 697 3636 vota
717 3615 781 3644 tua,
796 3605 848 3643 &,
868 3613 897 3634 ut
916 3612 1139 3642 promoveantur
1151 3604 1244 3635 Utilius

33 3649 127 3668 merar-
185 3653 218 3673 ac
244 3645 397 3680 promptius
409 3668 418 3681 ,
447 3645 621 3676 executionis
648 3643 755 3674 votivae
785 3643 988 3687 consequantur
1016 3642 1151 3673 effectum
1167 3665 1178 3680 ,
1207 3642 1242 3673 ad

185 3679 399 3724 Christianitatis
412 3683 511 3714 statum
527 3683 677 3722 pacificum
687 3705 696 3720 ,
714 3692 774 3711 non
790 3683 877 3711 vitatis
890 3682 1046 3720 laboribus,
1065 3681 1110 3712 sed
1122 3681 1156 3712 ὅτ.
1168 3690 1241 3711 con-

184 3727 298 3761 tempt-is
318 3721 462 3762 oneribus,
479 3724 574 3752 anxius
596 3724 628 3751 &
652 3720 783 3759 operosus
805 3719 943 3758 intendis,
962 3720 1031 3751 sicut
1051 3729 1085 3750 ex
1106 3719 1158 3749 hiis
1175 3729 1239 3758 quae

182 3768 232 3795 per
249 3756 386 3799 dilec‘tum
408 3759 511 3797 lilium,
529 3760 654 3789 nobilem
669 3761 781 3797 virum,
800 3757 960 3789 Oddonem
973 3759 1009 3788 de
1026 3757 1240 3794 Grandissono,

185 3794 363 3839 Cellitudinis
381 3804 437 3824 tue:
455 3796 615 3827 familiarem
635 3799 667 3828 ὃς
691 3797 860 3833 Nuncium,
880 3798 954 3827 circa
966 3799 1114 3836 negotium
1129 3796 1241 3835 Arago-

184 3844 257 3877 niae,
276 3833 325 3862 sub
340 3833 504 3872 litterarum,
525 3836 608 3864 fidem
620 3837 669 3872 ipli
683 3836 772 3866 nobili
785 3835 909 3865 adhiberi
920 3836 1095 3874 petentium,
1112 3833 1241 3864 testimo-

184 3882 250 3909 nio,
274 3881 417 3915 exponere
437 3873 582 3910 curavisti,
607 3874 714 3912 aliisque
736 3873 930 3911 laudabilibus,
957 3875 991 3904 ὅ(
1011 3874 1081 3903 Deo
1101 3874 1241 3910 acceptis,

183 3910 341 3953 Serenitatis
356 3918 413 3952 tuae
425 3910 609 3947 processibus,
626 3912 684 3941 satis
698 3921 791 3951 aperte
806 3912 983 3950 conflicitur,
1002 3912 1049 3942 vel
1063 3912 1156 3951 potius
1167 3920 1242 3941 con-

181 3956 303 3979 vincitur
317 3947 468 3976 evidenter.

222 3984 319 4018 Pcrsta
337 3987 367 4016 in
388 3986 440 4016 hiis
456 4008 467 4024 ,
490 3984 625 4024 Princeps
643 3987 754 4025 inclite,
779 3987 867 4026 persta
887 3987 1043 4027 quaesumus
1059 4011 1069 4026 ,
1093 3987 1127 4019 &
1140 4009 1150 4027 ,
1177 3995 1243 4026 quae

627 71 1884 141 CONVENTIONES‚L1TERAE,

1291 173 1412 202 creatori
1430 181 1481 217 tuo
1503 182 1578 214 grata
1600 176 1770 215 cognoveris
1782 197 1793 214 ,
1814 182 1919 206 attente
1937 173 2120 212 prosequere,
2144 174 2263 213 proinde
2284 186 2345 208 non
2362 185 2429 217 An„
2454 185 2500 218 D*

1289 219 1346 240 tarn
1365 211 1452 242 laudis
1472 212 1604 257 humanae
1625 215 1823 254 praeconium,
1841 214 1886 244 sed
1909 214 1942 244 ὃς
1956 213 2144 244 inexdmabile
2156 215 2346 246 retributionis
2385 210 2457 264 1235
2489 209 2500 219 ⁶

1287 257 1400 280 aetemae
1414 260 1564 288 praemium
1580 253 1690 283 uberius
1705 262 1873 290 recepturus.
2362 267 2419 295 Ἐάν
2440 278 2450 295 1
2462 250 2470 258 '

1326 287 1471 319 Caeterum
1488 289 1567 327 super
1584 291 1666 322 dicto
1685 293 1802 331 negotio
1821 291 1912 321 nobili
1933 298 2094 321 memorato
2105 289 2189 328 plene
2202 290 2346 329 respondi·
2422 288 2429 294 “
2457 287 2465 295 ”

1285 335 1362 364 mus,
1381 327 1415 357 δε
1429 328 1505 358 clare
1519 328 1643 360 nostram
1658 331 1722 367 sibi,
1741 340 1804 369 quae
1819 329 1887 360 facti
1906 330 2039 368 congruit
2053 330 2193 369 qualitati,
2213 331 2346 367 expreffi-

1284 373 1348 395 mus
1361 366 1555 405 voluntatem,
1573 367 1673 408 Regali
1689 368 1889 406 Excellentiae,
1904 369 1985 408 ipsius
1999 368 2174 407 ministeriQ
2194 378 2253 408 quo
2266 369 2300 401 ὃ(
2314 378 2346 401 tu

1284 402 1320 433 ad
1334 413 1388 434 nos
1401 405 1461 435 usus
1475 405 1562 436 fueras
1573 406 1714 446 Nuncio,
1731 407 1776 439 vel
1787 408 1882 437 litteris
1895 406 2119 446 exprimendam.

1323 478 1392 525 Dat.
1415 481 1525 525 Romae
1542 483 1615 522 apud
1639 483 1771 515 Sanetam
1793 484 1926 515 Sabinam
1940 484 2024 516 tertio
2036 483 2122 514 Non.
2136 483 2226 523 Maii,
2244 484 2347 518 Ponti-

1284 516 1384 549 ficariis
1401 519 1488 550 nostri
1507 531 1584 552 anno
1597 523 1701 562 primo.

1284 649 1343 680 Pro
1377 644 1545 680 Baronibus
1567 652 1699 696 quinque
1724 653 1871 683 Portuum
1895 653 1932 690 ὠ·
1956 654 2062 684 caeteris
2089 651 2206 684 Nautis
2227 651 2344 698 Regni,

1547 696 1583 730 de
1615 697 1750 744 quadam
1772 698 1956 732 ordinatione
1977 699 2079 744 fasta.

1282 779 1369 835 RE
1379 778 1410 810 X
1426 782 1561 812 omnibus
1577 782 1612 813 ad
1632 793 1717 823 quos,
1735 783 1795 815 διε.
1810 784 1934 815 salutem.
2359 787 2437 820 Arm.
2450 789 2482 821 D

1390 819 1469 863 Cum
1492 819 1647 860 Gregorius
1660 822 1696 852 de
1710 822 1846 853 Rokesele
1898 823 1932 854 &
1945 821 2086 854 Henricus
2098 823 2124 854 le
2137 823 2271 871 WaleyS,
2288 823 2342 856 Ci-
2382 829 2466 867 1285.
2483 813 2493 824 θ

1281 865 1330 885 ves
1346 857 1434 901 nostri
1459 857 1591 904 London.
1617 862 1650 892 &
1673 862 1735 899 alii,
1760 870 1818 892 tam
1841 833 1863 892 K
1879 870 2014 893 ercatores
2032 861 2162 902 Angliae,
2180 873 2267 904 quam
2285 863 2342 894 Hi·
2357 871 2410 895 Aa.
2430 878 2474 905 ¹3·

1279 893 1385 926 berniae
1396 920 1407 935 ,
1434 896 1582 941 Vaseoniae
1604 901 1637 931 δε
1659 900 1775 931 Walliae
1788 923 1798 938 ,
1819 901 1991 940 compellere
2007 901 2202 934 consueverint
2220 901 2340 934 Batones
2358 910 2386 933 Ε.
2410 916 2433 934 ι.

1279 933 1391 978 nost-ros
1413 945 1538 981 quinque
1556 936 1714 977 Portuum,
1731 938 1765 969 &
1785 948 1904 969 caeteros
1923 938 2034 969 Nautas
2046 939 2143 978 Regni
2155 941 2246 971 nostri
2261 952 2335 980 prae-
2354 947 2414 972 Pat.
2428 953 2473 981 ¹3·

1279 971 1364 1017 disti,
1379 974 1413 1004 ad
1433 976 1671 1020 contribuendum
1685 977 1870 1016 ejedfionibus
1881 976 1918 1008 de
1928 978 2043 1008 navibus
2055 979 2106 1008 suis
2118 981 2248 1017 irettatis,
2266 991 2334 1012 cum
2355 987 2382 1010 E.
2406 992 2428 1009 i.

1278 1013 1469 1057 pericula-per
1488 1024 1570 1045 masis
1591 1016 1790 1055 intemperiem
1803 1017 1920 1046 iminere
1930 1017 2149 1056 contingebant,
2167 1019 2203 1049 de
2218 1020 2337 1050 utensili-
2354 1029 2392 1049 m.
2414 1021 2457 1051 18.

1278 1050 1345 1118 ἶζιῐις,
1363 1053 1469 1092 attilus,
1493 1056 1688 1094 armamentis,
1706 1056 1740 1087 ὃ(
1758 1055 1816 1085 aliis
1837 1055 1919 1085 bonis
1939 1054 2063 1094 ipsorum
2085 1055 2284 1088 Mercatorum
2303 1059 2338 1090 ὅτ.

1315 1099 1448 1122 autarum.
2381 1100 2383 1106 ’

1315 1127 1399 1168 Nos,
1419 1130 1453 1160 ad
1471 1131 1638 1163 eorumdem
1655 1132 1882 1172 querimoniam,
1900 1130 1935 1163 de
1950 1131 2070 1163 consilio
2083 1131 2181 1163 nostro
2199 1132 2344 1166 ordinavi-

1278 1174 1341 1196 mus
1353 1168 1386 1198 &
1400 1167 1558 1214 statuimus,
1576 1170 1653 1210 quod
1669 1171 1704 1202 de
1719 1180 1841 1209 caeter0,

1314 1205 1349 1235 In
1374 1217 1488 1246 primis,
1507 1210 1600 1249 navis,
1618 1211 1649 1240 in
1669 1220 1724 1249 qua
1736 1210 1922 1241 mercimonia
1936 1209 1982 1240 vel
1995 1210 2062 1240 vina
2075 1208 2180 1240 fuerint
2194 1219 2263 1240 cum
2276 1219 2342 1242 toto

1275 1253 1405 1283 apparatu
1413 1247 1526 1289 ,anulus
1534 1247 1663 1288 Magistri
1677 1249 1755 1280 navis
1766 1250 1795 1279 in
1807 1248 1896 1288 digito
1910 1249 1959 1279 suo
1973 1257 2099 1286 portatus
2107 1271 2117 1286 ,
2130 1248 2259 1280 victualia
2272 1260 2342 1280 nau-

1278 1290 1384 1327 tarum,
1403 1286 1529 1317 uteniilia
1548 1287 1583 1318 ad
1603 1287 1718 1326 prandia
1739 1287 1785 1318 sua
1804 1287 1929 1318 facienda
1949 1288 2060 1327 usitata,
2075 1287 2201 1326 monile,
2219 1297 2293 1319 zona
2304 1290 2340 1320 δε

1275 1321 1376 1359 ciphus
1396 1333 1541 1368 argenteus
1559 1325 1690 1371 Magistri
1710 1327 1803 1364 navis,
1823 1327 1897 1357 unde
1921 1326 2038 1365 biberit,
2057 1326 2077 1357 fi
2093 1335 2179 1364 quern
2193 1327 2343 1368 habuerit,

1275 1369 1357 1392 erunt
1377 1371 1470 1406 quieta
1487 1363 1523 1394 de
1543 1366 1645 1395 auxilio
1667 1365 1701 1395 ad
1723 1365 1895 1403 ejectionem
1909 1366 1992 1396 maris
2006 1364 2182 1404 praedictam.

1276 1438 1281 1443 Ι
1312 1398 1351 1430 Et
1374 1411 1458 1446 etiam
1478 1400 1549 1433 salva
1567 1403 1599 1434 fit
1619 1404 1708 1434 nautis
1727 1404 1808 1434 fretra
1821 1405 1973 1443 vinorum,
1991 1404 2026 1435 ὃς
2038 1403 2158 1435 aliorum
2173 1404 2337 1444 bonorum,

1274 1447 1303 1467 in
1316 1448 1381 1469 navi
1395 1440 1588 1480 existentium,
1603 1451 1668 1482 quae
1680 1442 1744 1473 talia
1757 1442 1872 1481 fuerint,

1311 1475 1351 1522 Et
1373 1478 1512 1523 Magister
1531 1481 1608 1511 navis
1626 1481 1734 1512 amittat
1748 1479 1860 1513 frettam
1873 1480 1950 1511 suam
1963 1480 1999 1512 de
2013 1480 2117 1520 doleis,
2133 1480 2178 1512 seu
2191 1482 2290 1521 bonis,
2308 1483 2341 1513 in

1277 1525 1349 1546 mari
1364 1517 1402 1547 sic
1416 1519 1557 1556 proJeffls.

1314 1553 1351 1585 Et
1373 1558 1471 1588 omnia
1491 1558 1543 1588 alia
1563 1558 1657 1597 bona,
1675 1559 1706 1588 in
1727 1559 1791 1590 navi
1810 1557 1970 1596 existentia,
1988 1566 2046 1589 tam
2058 1556 2238 1595 Nautai-um,
2255 1559 2343 1596 quam

1279 1592 1492 1638 Mercatorum‚
1518 1605 1549 1627 ut
1568 1598 1648 1636 vina,
1671 1596 1870 1637 mercandisae,
1893 1597 1998 1627 denarii
2021 1598 2051 1627 in
2074 1597 2191 1635 groffo,
2211 1596 2291 1636 leski,
2308 1597 2344 1628 δι’.

1276 1632 1327 1662 alia
1349 1633 1427 1665 bona
1445 1636 1478 1665 &
1497 1636 1700 1674 mercimonia,
1718 1637 1841 1675 exceptis
1859 1635 2000 1677 praedietis
2019 1636 2096 1666 navis
2113 1635 2290 1674 utensilibus,
2308 1636 2344 1666 &

1277 1680 1423 1717 apparatu,
1441 1674 1623 1713 victualibus,
1641 1684 1786 1706 nautarum
1800 1674 1959 1707 utenlilibus
1970 1674 2004 1705 ad
2021 1674 2136 1713 prandia
2149 1674 2193 1705 sua
2206 1674 2343 1713 facienda,

1278 1711 1396 1747 mosslll,
1412 1721 1502 1757 zona,
1520 1714 1553 1745 ὅ(
1569 1714 1657 1751 cipho
1676 1723 1826 1754 argenteo,
1839 1714 1939 1751 anulo,
1954 1713 1987 1744 &
2008 1713 2088 1744 fretta
2107 1713 2143 1744 de
2155 1713 2256 1752 bonis,
2274 1723 2341 1751 quae

1277 1748 1358 1794 salvae
1376 1750 1496 1796 fuerint,
1514 1761 1544 1783 ut
1563 1752 1734 1791 praedictum
1753 1752 1813 1791 est,
1831 1752 1867 1783 de
1887 1760 1994 1783 caetero
2012 1751 2117 1782 debent
2139 1761 2174 1790 ap
2194 1753 2292 1783 reciari
2311 1752 2341 1783 in

1277 1788 1412 1819 auxilium
1432 1789 1612 1821 restitutionis
1630 1792 1763 1822 vinorum
1783 1793 1817 1823 &
1836 1791 1956 1822 aliorum
1979 1792 2144 1830 bonorum,
2182 1801 2199 1822 c
2211 1791 2243 1822 in
2256 1791 2342 1829 navi,

1277 1835 1353 1857 extra
1375 1837 1477 1871 navem
1493 1839 1542 1867 per
1555 1829 1713 1867 hujusmodi
1729 1829 1926 1868 tempestatem
1939 1829 2106 1869 ejerstorum.

1313 1864 1348 1895 In
1360 1876 1455 1907 cujus,
1470 1869 1530 1899 &c.
1545 1870 1755 1907 imperpetuum
1770 1869 1891 1901 duratur.

1313 1942 1404 1975 Teste
1416 1944 1499 1985 Rege
1511 1946 1587 1986 apud
1601 1945 1728 1977 Westm.
1743 1955 1790 1987 25.
1804 1946 1850 1977 die
1863 1945 1946 1977 Maii.

1278 2017 1512 2091 mlsiiiaslliriieizde
1525 2021 1632 2061 septem
1648 2024 1722 2063 paria
1735 2024 1908 2062 litterarum,
1926 2023 2078 2062 videlicet,
2096 2023 2126 2054 in
2140 2022 2269 2064 quolibet
2281 2032 2349 2065 poi·-

1277 2183 1298 2205 *
1313 2186 1364 2218 De
1386 2186 1527 2219 Divortio
1535 2186 1622 2232 faflo
1641 2191 1718 2220 inter
1736 2183 1908 2220 Gilbertum
1925 2186 1962 2220 de
1978 2187 2066 2220 Clare
2083 2188 2228 2219 Comitem
2247 2187 2341 2221 Glou-
2361 2196 2500 2234 ⁸11‚299,'

1397 2233 1500 2277 cqstriae
1517 2239 1554 2274 ὠ·
1573 2235 1774 2281 Herifordiae‚
1797 2238 1834 2274 &¹
1852 2236 1990 2269 Aliciam
2006 2235 2042 2268 de
2059 2233 2223 2321 Marjhia.

1277 2318 1439 2380 HAEC
1455 2319 1498 2350 est
1520 2320 1687 2366 Conventio
1708 2321 1795 2359 faeta,
1812 2322 1884 2366 inter
1905 2320 2034 2351 nobilem
2056 2278 2341 2354 νίτῖιξωέᾗξέτῖῖιπι
2362 2317 2440 2348 Ann-
2458 2316 2501 2348 D-

1363 2359 1405 2403 'de
1427 2358 1683 2403 Clare-Comitem
1703 2360 1872 2391 Glovemiae
1891 2360 1924 2390 &
1946 2358 2044 2389 Hertf.
2067 2368 2101 2389 ex
2117 2368 2197 2398 parte
2216 2360 2290 2400 unfi,
2308 2361 2342 2392 &
2384 2358 2469 2395 1285.

1275 2397 1436 2428 Dominam
1451 2399 1572 2429 Aliciam
1586 2399 1622 2430 de
1637 2399 1769 2430 Marchia
1783 2407 1816 2430 ex
1827 2398 1929 2437 altera,
1947 2397 2093 2436 videlicet,
2362 2399 2416 2423 An.
2441 2406 2449 2423 ι
2457 2405 2483 2433 3·

1314 2437 1407 2476 Qiod
1416 2460 1426 2476 ‚
1440 2446 1510 2468 cum
1525 2438 1555 2467 in
1568 2437 1648 2469 causa
1663 2437 1805 2476 Divortii,
1824 2437 1932 2469 dudum
1948 2445 2028 2467 mota
2040 2437 2074 2468 &
2087 2436 2186 2476 agitata
2201 2437 2272 2468 inter
2284 2437 2346 2469 dic·
2362 2439 2394 2462 E.
2421 2444 2443 2462 ¹·

1276 2484 1334 2521 tam
1354 2476 1476 2521 Aliciam
1500 2476 1536 2507 de
1558 2475 1691 2508 Marchia
1713 2477 1843 2507 Atricem
1862 2476 1896 2507 &
1914 2475 2061 2515 Judicium
2077 2485 2293 2515 procurantem,
2310 2487 2343 2508 ac
2364 2472 2503 2510 Claufi¹3ss

1273 2514 1430 2546 divortium
1448 2513 1508 2546 fieri
1527 2524 1672 2555 petentem
1686 2524 1720 2545 ex
1735 2523 1811 2555 parte
1823 2514 1880 2546 una
1891 2537 1900 2554 ,
1918 2516 1952 2546 ὅ(
1966 2514 2079 2545 ὥᾶυτη
2092 2513 2259 2546 Dominum
2277 2515 2346 2547 Gil-
2362 2516 2392 2539 Ε·
2420 2521 2442 2538 ¹-
2462 2520 2500 2538 ⁷⁷³·

1277 2554 1390 2598 bertum
1414 2553 1615 2585 defendentem
1636 2563 1671 2585 ex
1692 2554 1776 2585 altera
1791 2577 1800 2593 ,
1822 2554 1854 2585 sit
1873 2563 1925 2594 pro
1944 2552 2021 2584 dieta
2037 2553 2127 2584 Alicia
2149 2553 2200 2584 lata
2214 2555 2348 2586 sententia
2363 2549 2464 2588 9-‘10's-

1273 2591 1441 2631 diffinitiva,
1456 2592 1490 2624 &
1505 2592 1655 2637 praedicitus
1666 2592 1813 2624 Gilbertus
1824 2602 1874 2637 per
1888 2592 2008 2623 eandem
2024 2591 2188 2622 sententiam
2197 2592 2213 2622 a
2227 2594 2346 2625 vinculo

1277 2630 1442 2674 contraditis
1463 2632 1676 2662 matrimonialis
1690 2654 1699 2670 ,
1726 2632 1799 2661 inter
1821 2630 1911 2669 ipsum
1933 2630 2099 2661 Gilbertum
2120 2631 2154 2662 &
2167 2630 2275 2662 dietam
2289 2632 2350 2663 Ali-

1275 2678 1351 2699 ciam
1372 2668 1408 2699 de
1429 2669 1506 2700 facto
1522 2669 1626 2708 habiti,
1645 2670 1678 2700 fit
1697 2670 1835 2700 absolutus
1849 2670 1959 2707 penitus
1970 2670 2004 2700 &
2018 2668 2166 2706 liberatus,
2181 2669 2237 2700 five
2251 2671 2278 2700 ei
2293 2681 2348 2702 nu-

1275 2707 1379 2745 bendi,
1397 2708 1564 2739 authoritate
1576 2707 1712 2739 Ecclefiae
1719 2730 1728 2745 ,
1747 2708 1779 2738 fit
1791 2708 1877 2737 libera
1891 2706 2022 2737 concessa
2035 2706 2156 2737 facultas.

1314 2745 1401 2786 Ipsius
1420 2755 1515 2777 tamen
1535 2745 1675 2777 Dominae
1695 2745 1872 2776 nobilitatem
1892 2745 2000 2782 generis
2012 2743 2104 2774 dietus
2118 2743 2267 2776 Dominus
2281 2745 2349 2777 Gil-

1277 2786 1371 2816 bertus
1384 2785 1577 2822 considerans,
1595 2794 1628 2814 ac
1640 2784 1740 2815 nolens
1751 2784 1847 2823 quod,
1864 2783 2014 2814 occasione
2029 2781 2160 2813 defectus
2173 2783 2348 2816 sustentatio-

1276 2825 1320 2854 nis
1333 2822 1479 2862 honestae,
1498 2823 1547 2854 fibi
1560 2824 1674 2853 materia
1686 2821 1871 2853 contristandi
1886 2822 2022 2853 tribuatur
2037 2832 2047 2859 ς
2064 2830 2099 2851 ex
2114 2820 2161 2852 sua
2182 2822 2261 2853 mera
2275 2823 2348 2854 libe-

1277 2863 1382 2894 ralitate
1395 2862 1488 2893 eidem
1500 2861 1642 2892 Dominae
1656 2861 1774 2898 Aliciae,
1792 2860 1886 2900 quoad
1901 2861 2018 2898 vixerit,
2033 2859 2112 2890 dedit
2126 2859 2293 2892 Manerium
2309 2862 2348 2894 de

1277 2900 1419 2932 Taxstede
1434 2900 1538 2931 eodem
1563 2901 1653 2932 modo
1694 2910 1732 2930 uo
1753 2909 1830 2930 nunc
1850 2907 1926 2930 tenet
1939 2921 1949 2937 ,
1965 2909 2020 2929 una
2031 2908 2102 2929 cum
2119 2908 2226 2939 magno
2239 2899 2346 2933 Pareo:

1279 2940 1409 2972 Maneria
1421 2938 1458 2970 de
1471 2938 1582 2969 Welles
1596 2939 1629 2970 ὃ(
1644 2939 1661 2969 N
1689 2938 1786 2969 arbam
1798 2938 1901 2969 eodem
1915 2937 2006 2968 modo
2020 2947 2078 2976 quo
2087 2947 2166 2968 nunc
2181 2946 2274 2978 tenet,
2292 2941 2349 2972 una

1280 2989 1351 3010 cum
1372 2978 1442 3009 οᾶο
1464 2977 1568 3008 libratis
1605 2976 1739 3008 undecim
1759 2976 1876 3007 solidatis
1911 2977 1945 3009 &
1959 2976 2031 3007 odio
2045 2975 2182 3007 denaratis
2194 2978 2224 3007 in
2238 2978 2350 3011 redditu

1279 3019 1307 3049 su
1329 3028 1357 3048 er
1372 3000 1624 3061 plusag..operibus
1642 3016 1680 3060 ,ὃς
1700 3015 1853 3053 perquisitis
1874 2999 1911 3046 de
1931 3015 1989 3046 visu
2009 3014 2195 3056 Franciplegii
2231 3026 2299 3048 exce
2319 3026 2352 3048 to

1281 3027 1394 3101 Vtyrekq
1416 3055 1523 3123 maris?⁴
1535 3054 1700 3085 Manenum
1715 3054 1751 3084 de
1764 3053 1893 3095 Wyston
1914 3053 1983 3085 ficut
1997 3053 2088 3084 modo
2102 3062 2194 3098 tenet,
2237 3065 2286 3086 ure
2298 3055 2352 3087 ord

1279 3096 1314 3128 &
1326 3094 1480 3134 Speinham
1525 3093 1602 3124 onde
1615 3094 1685 3124 sicut
1700 3093 1791 3123 modo
1805 3101 1899 3131 tenet,
1916 3092 2080 3124 dummodo
2095 3092 2172 3124 dnsta
2186 3092 2278 3125 Alicia
2286 3094 2349 3126 dic-

1279 3143 1338 3166 tam
1361 3133 1522 3165 sententiam
1543 3133 1577 3163 &
1596 3131 1679 3171 ipfius
1699 3130 1836 3162 effectum
1855 3140 1942 3162 ratam
1966 3131 2110 3170 habuerit,
2129 3140 2176 3162 aut
2191 3132 2220 3162 in
2233 3132 2352 3165 honoris

1278 3173 1348 3205 disti
1368 3172 1491 3204 Domini
1511 3170 1637 3201 Gilbetti
1651 3193 1660 3208 ,
1685 3167 1731 3201 seu
1753 3170 1903 3201 commodi
1925 3169 2102 3210 dispendium
2117 3169 2162 3200 vel
2175 3180 2348 3211 gravamen,

1279 3213 1372 3244 verbo
1385 3219 1432 3242 aut
1444 3209 1522 3241 faiio
1530 3233 1540 3248 ,
1558 3209 1633 3240 clam
1648 3209 1693 3240 vel
1709 3209 1818 3248 palam,
1836 3219 1886 3248 per
1899 3209 1926 3240 se
1939 3217 1986 3241 aut
1999 3208 2102 3247 aliurn,
2120 3209 2273 3248 quicquam
2286 3220 2350 3251 per·

1279 3251 1435 3282 sever-anter
1451 3259 1512 3279 non
1527 3250 1743 3287 attemptaverit.

1318 3293 1359 3321 lta
1375 3287 1478 3318 eisdem
1499 3288 1626 3317 maneriis
1647 3288 1680 3318 &
1700 3287 1778 3317 terris
1792 3286 1899 3317 utendo
1923 3285 1958 3318 &
1972 3284 2094 3316 fruendo
2115 3284 2190 3316 dista
2204 3284 2297 3317 Alicia
2315 3287 2352 3318 ad

1279 3329 1356 3360 suam
1368 3326 1614 3363 sustentationem,
1632 3334 1662 3356 ut
1676 3325 1850 3365 praemissum
1866 3324 1926 3363 est,
1941 3324 2020 3363 quod
2033 3323 2148 3362 aliquod
2160 3324 2352 3364 alienationis,

1280 3365 1534 3406 impignerationiS,
1552 3365 1676 3395 enormis
1690 3364 1902 3403 devastationis,
1919 3372 1967 3394 aut
1980 3362 2179 3394 destructionis
2191 3371 2279 3403 genus
2285 3373 2347 3394 non

1280 3409 1397 3446 attingat
1410 3404 1455 3435 vel
1469 3403 1608 3433 referatur.

1318 3445 1348 3476 Si
1367 3452 1437 3476 vero
1455 3441 1532 3472 dieta
1554 3441 1646 3472 Alicia
1663 3449 1763 3473 contra
1782 3440 1940 3480 praemisia,
1958 3439 2002 3471 seu
2016 3438 2130 3478 aliquod
2142 3438 2350 3480 praemissorum

1279 3480 1756 3553 iffiiffissi'inlessriieeffssffilffia
1768 3480 2032 3549 ggleffissgafflg?
2039 3478 2298 3547 ‹l'i‘iissnffossssssjm
2309 3491 2349 3546 ΗΣ
2354 3490 2357 3491 ’

1278 3563 1362 3592 berto
1382 3560 1415 3590 δε
1436 3541 1595 3589 haeredibiis
1614 3557 1666 3587 suis
1681 3580 1691 3596 ‚
1709 3558 1789 3596 ipsius
1804 3541 1946 3589 Dominae
1959 3555 2078 3593 Aliciae,
2095 3562 2141 3584 aut
2156 3553 2289 3593 cujusque
2299 3548 2354 3584 re-'

1278 3599 1447 3630 clamatione
1461 3606 1522 3626 non
1538 3595 1666 3626 obstante
1675 3619 1685 3634 ,
1699 3596 1804 3627 dictam
1823 3593 2038 3627 concessionem
2048 3602 2200 3631 revocare,
2214 3602 2247 3622 ac
2258 3591 2346 3622 dictas

1277 3634 1757 3706 ‘e‘issafififfe‘vs'e‘ssssssmi‘ng'ifflia
1769 3633 2048 3703 lssseaissffioeissai‘
2057 3629 2345 3702 ggggngmpglffid&

1276 3715 1328 3746 alia
1347 3713 1571 3755 supranominata
1590 3684 1908 3751 praediet’ugoGilbertus
1923 3695 1962 3742 ³&
1982 3708 2106 3740 haeredes
2125 3708 2182 3745 sui,
2219 3692 2345 3751 medica-ie

1277 3753 1378 3784 Aliciae
1391 3751 1642 3793 warrantizabunt,
1660 3751 1754 3792 quoad
1769 3751 1884 3789 vixerit,
1901 3749 1952 3781 sub
1966 3747 2075 3788 mode,
2090 3746 2181 3778 forma
2241 3745 2341 3778 condi-

1279 3792 1402 3823 tionibus
1412 3788 1584 3827 supradictis.

1314 3867 1349 3899 In
1364 3867 1442 3904 cujus
1460 3867 1500 3897 rei
1514 3866 1710 3898 testimonium
1728 3875 1788 3898 tam
1806 3864 1899 3896 dictus
1912 3862 2076 3898 Gilbertiis‚
2093 3861 2180 3900 quam
2191 3860 2265 3892 dieta
2279 3861 2342 3893 Ali·

1277 3908 1322 3940 cia
1334 3907 1400 3936 huic
1436 3905 1541 3936 raesenti‘
1554 3905 1657 3944 scripto
1671 3929 1682 3945 ,
1699 3906 1728 3935 in
1742 3904 1864 3935 modum
1877 3900 2038 3942 cirographi
2055 3898 2209 3939 confesto,
2228 3900 2345 3932 altema-

1278 3947 1332 3977 tini
1343 3944 1402 3976 divi
1413 3953 1451 3983 0.,
1468 3944 1611 3985 sigillasua
1626 3953 1729 3977 mutuo
1742 3942 1939 3985 apposuerunt.

2279 4013 2346 4049 HE,
