2570 4261
278 111 355 151 108
738 94 1980 149 coNvEN‘rioNEs,L1TERAE,

133 189 261 221 Arm-D-
322 194 401 233 Qiae
416 192 530 232 quidem
545 191 617 222 obiit
630 190 686 221 line
698 188 868 228 possessione
883 185 1026 224 corporali
1042 184 1142 222 Regni
1163 183 1271 214 Scotiae
1292 191 1341 213 ex-

166 238 250 267 1292.
286 232 440 270 petransiit,
458 233 491 262 &
504 231 560 260 sine
576 229 701 259 Haerede
712 229 749 259 de
764 236 887 264 corpore
900 226 964 256 suo:

1372 182 1481 225 tionem
1502 183 1586 213 totius
1607 183 1714 227 negotii
1734 183 1885 227 memorati
1900 194 1910 220 3
1929 182 1965 212 de
1980 181 2124 213 voluntate
2135 183 2171 214 &
2183 182 2290 215 assensu
2303 185 2432 222 expresso
2451 189 2570 224 Ani-LI)¹

1372 229 1506 250 omnium
1526 230 1682 258 petentium
1693 245 1702 259 ,
1729 223 1762 252 ὃς
1775 221 1894 251 consilio
1908 220 2094 251 Praelatorurn
2102 243 2113 260 ,
2122 221 2302 264 ,Magnarum
2313 224 2347 254 &
2358 224 2431 255 Pro·
2474 239 2558 268 1292.

98 276 101 280 ’
131 269 198 296 ΕΛυ.
222 277 246 295 1.

132 306 264 342 *HQ-so.

162 1217 169 1224 .
189 1206 233 1225 20.

123 2588 214 2615 Petitio

124 2628 191 2662 Regis

123 2669 226 2692 Norun-

118 2704 173 2738 gis.

136 3398 261 3434 *Rq-81.

224 2381 236 2418 ’.
274 2391 315 2429 gis
330 2388 463 2420 Edwardi
477 2389 525 2419 vic

243 2452 251 2456 -
273 2429 420 2467 petitiones
432 2427 489 2458 suas
500 2425 700 2464 suprascriptas.

326 272 344 289 *⁸
365 270 433 300 Post
447 279 530 307 quarn
544 268 736 304 Margaretam
749 266 836 296 nichil
846 263 974 295 remansit
987 261 1023 293 de
1036 261 1111 292 exitu
1130 260 1259 298 praediffl
1280 259 1341 289 Re·-

285 309 325 347 gis
342 309 491 338 willielmi
504 309 531 336 in
545 307 616 336 linea
631 305 831 336 descendente:
1113 339 1117 344 ⁴

321 347 375 376 Pei·
388 346 466 384 quod
479 346 619 382 Regnum
632 344 739 374 Scotiae
748 366 757 382 ,
770 352 839 373 cum
852 340 1022 379 pertinentiis
1035 338 1172 369 debuisset
1184 345 1234 374 per
1247 335 1339 374 legem

280 385 314 415 &
324 385 476 422 justitiam,
491 384 647 413 resortitum
662 382 742 413 fuiffe
757 381 869 411 Comiti
883 378 980 411 David
992 378 1028 408 de
1041 375 1256 419 Huntyndone,
1276 372 1341 410 post

279 430 345 452 nato
361 423 449 452 Fratri
464 422 591 459 praediffl
601 421 692 459 Regis
704 419 873 458 Willielmi,
892 418 912 448 fi
927 416 1030 448 statum
1044 414 1177 456 regnandi
1189 423 1218 443 in
1233 412 1340 451 Regno

278 460 385 490 Scotia:
399 460 583 497 expediasset:
713 497 717 502 ι
839 496 842 500 ¹
859 495 863 499 ³
1020 494 1025 499 ι
1202 490 1206 495 .

280 487 1341 575 ι,αη(ἒὲὲξῖ“ἒξῗεέἒαὲἐέἒὲἓὲξᾶἓῗὲῗέἒίοἶῖῗὲἒῖἐῖὲὶυῗὲἓῗεῗὲὲἶ

280 575 601 644 dibusstdedcorporibus
619 574 689 613 suis,
706 575 740 605 ὃς
762 573 820 603 sine
835 571 905 602 statu
921 570 1056 608 regnandi
1069 570 1099 598 in
1113 568 1219 608 Regno
1232 565 1338 596 Scotiae

278 623 313 643 ex
334 624 349 643 e
379 625 414 644 aii
435 625 468 644 o:

313 624 367 683 lille
386 653 463 683 idem
484 651 580 682 David
601 649 697 680 habuit
716 649 799 679 etiam
821 656 939 686 quatuor
960 645 1056 683 Filias,
1077 643 1248 680 Matildem,
1273 651 1339 680 quae

275 691 351 761 Rigit
374 691 431 722 sine
451 690 564 722 haerede
584 689 620 720 de
643 697 765 725 corpore
785 687 852 724 suo,
879 685 1088 722 Margaretam,
1111 683 1286 718 Ysabellam,
1305 680 1338 711 &

326 740 387 760 am:

278 768 366 838 RDe
381 765 510 798 Ysabellzi
525 766 611 797 exivit
625 764 772 795 Robertus
785 761 821 793 de
835 762 921 800 Brus,
939 762 987 800 qui
1007 760 1099 791 modo
1121 759 1180 798 est,
1197 759 1245 797 qui
1269 756 1337 795 perit

311 817 420 841 egnum
436 806 556 841 Scotiae3

319 845 438 883 Propter
452 843 530 882 quod
544 842 619 873 idem
633 842 778 872 Robertus
792 839 861 870 dicit
875 837 953 876 quod
968 837 1104 877 Regnum
1124 835 1231 866 Scotiae
1253 833 1337 877 debet

279 884 400 915 resortiri
413 883 448 913 ad
461 893 543 920 eum,
561 881 618 911 sine
634 881 744 918 medio,
764 888 812 917 per
832 879 923 916 legem
946 877 979 907 &
995 876 1150 919 justitiarii,
1169 883 1199 905 ut
1221 883 1337 917 propin-

279 923 371 991 ‹ffliori
386 923 415 952 in
430 921 516 990 grafflp
532 920 712 989 ditsm‘guffie
726 918 813 961 Regi—s
828 915 994 985 &lexartiitiitrstss
1013 916 1063 959 qui
1075 914 1177 983 ifintimo
1186 912 1335 982 81ῗᾶιίιὲωᾷ

279 1008 310 1029 ur
321 964 922 1039 {lsizfisgir02¹2’zg2325003‘feziffi‘2
981 964 1024 1036 {2’
1042 964 1087 1034 ¹¹¹„
1124 962 1184 1034 εἶς
1327 974 1336 988 ’

317 1038 409 1077 Qiod
424 1037 539 1076 quidem
555 1036 692 1073 Regnum
708 1034 831 1071 Scotiae,
849 1041 916 1063 cum
930 1038 1101 1069 pertinentiis
1115 1028 1205 1059 dictus
1219 1027 1336 1059 Rober-

277 1085 319 1107 tus
334 1077 370 1107 de
385 1076 451 1107 Brus
463 1076 563 1107 clamat
580 1084 674 1105 tenere
687 1073 789 1110 libere,
807 1073 836 1102 in
851 1071 976 1101 libertate
991 1069 1104 1108 Regni,
1115 1067 1151 1098 de
1163 1066 1337 1105 vobis,Do-

280 1117 361 1146 mino
375 1115 535 1152 Edwardo,
555 1113 614 1144 Dei
626 1111 714 1153 gratis.
723 1135 732 1150 ,
751 1111 833 1151 Rege
847 1109 976 1148 Angli-2,
998 1108 1032 1139 &
1046 1107 1082 1138 de
1097 1105 1207 1137 coron&
1221 1105 1336 1143 Angliae

275 1153 448 1185 haereditarie
463 1155 668 1193 inperpetuum.
1005 1186 1008 1189 ι
1261 1184 1265 1188 .

315 1192 354 1223 Et
369 1192 506 1224 monstrat
519 1191 603 1229 vobis
619 1189 697 1229 quod
712 1188 777 1219 Rex
790 1186 963 1224 Alexander,
979 1184 1062 1216 Filius
1076 1184 1168 1222 Regis
1184 1182 1336 1213 Willielmi

278 1231 424 1270 praediCti,
442 1231 586 1268 desperans
597 1229 633 1259 de
646 1227 758 1259 haerede
768 1226 804 1256 de
819 1235 943 1265 corpore
955 1224 1004 1254 suo
1013 1247 1022 1262 ,
1041 1223 1132 1266 tenuit
1146 1222 1255 1266 didtum
1272 1221 1337 1252 Ro-

282 1271 395 1300 bertum
416 1270 527 1300 retitum
548 1267 706 1298 Haeredem
721 1266 821 1302 suum,
838 1264 858 1294 si
871 1263 926 1302 ipse
938 1262 1087 1293 decederet
1099 1265 1156 1292 line
1167 1261 1223 1291 alio
1235 1260 1337 1290 Haere-

277 1308 314 1339 de
328 1309 364 1339 de
379 1318 503 1352 corpore
514 1308 563 1338 suo
578 1305 726 1343 habendo,
744 1305 778 1336 &
792 1313 844 1342 pro
859 1303 905 1333 tali
917 1301 1050 1332 diffinivit
1063 1300 1099 1330 de
1112 1299 1216 1330 affensu
1229 1299 1338 1337 probo-

278 1357 344 1377 rum
358 1347 510 1377 hominum
525 1346 561 1376 de
574 1345 683 1382 Regno
697 1345 762 1381 suo,
781 1343 814 1373 ὃς
829 1352 882 1380 pro
895 1341 942 1372 tali
956 1339 1045 1378 ipsum
1066 1338 1266 1378 pronunciavit
1285 1348 1337 1368 co-

276 1396 335 1415 rani
347 1386 401 1415 eis:
423 1384 472 1416 De
486 1385 586 1423 quibus
601 1384 690 1422 plures
704 1382 796 1413 adliuc
810 1381 872 1412 sunt
886 1379 1056 1418 superstites,
1077 1379 1127 1417 qui
1139 1376 1174 1407 de
1188 1377 1245 1407 hoc
1260 1375 1336 1407 testi-

277 1425 408 1455 monium
423 1432 557 1462 poterunt
590 1423 734 1452 erhibere:

315 1462 352 1493 Et
374 1463 437 1493 Rex
457 1463 542 1492 etiam
593 1462 736 1497 lex-ander,
755 1459 805 1497 qui
825 1457 929 1488 ultimo
951 1456 1038 1494 obiit,
1061 1455 1150 1486 tenuit
1171 1452 1260 1491 ipsum
1282 1463 1336 1492 pro

274 1502 340 1571 fian,
358 1502 391 1532 &
414 1500 442 1531 id
464 1501 588 1540 pluribus
608 1499 769 1538 specialibus
787 1497 838 1527 suis
853 1496 931 1527 dedit
945 1495 1080 1533 intelligi,
1095 1493 1115 1524 si
1128 1494 1217 1524 exitus
1227 1492 1263 1523 de
1275 1492 1335 1532 ipso

296 1542 422 1571 eficeret:

311 1577 349 1610 Et
362 1586 495 1618 praeterea
507 1587 609 1608 omnes
624 1575 708 1614 probi
719 1574 850 1605 homin&
862 1573 898 1604 de
921 1572 1018 1604 Scotia
1035 1571 1101 1614 sunt·
1114 1570 1199 1613 jurati
1217 1570 1335 1612 propin-

275 1619 368 1656 quiori
383 1617 419 1648 de
433 1617 563 1648 sanvuine
578 1615 666 1654 Regis
682 1612 848 1650 Alexandri,
867 1612 916 1651 qui
930 1611 1032 1641 ultimo
1044 1610 1116 1639 obiit
1153 1618 1201 1646 qui
1220 1609 1256 1638 de
1273 1618 1335 1647 Jure

274 1656 435 1687 haereditare
447 1641 579 1692 de'ssebit,
599 1654 619 1684 si
632 1653 711 1696 dieta·
723 1651 898 1692 Margareta,
912 1650 980 1680 Filia
996 1648 1084 1688 Regis
1098 1633 1269 1687 N‘orwegiae
1279 1647 1336 1677 fine

274 1694 400 1726 Haerede
414 1694 450 1725 de
465 1703 588 1732 corpore
601 1692 650 1723 suo
664 1691 766 1722 obiret.

314 1733 404 1765 Unde
424 1733 557 1772 supplicat
574 1730 777 1762 Dominationi
796 1727 897 1759 vestrae
917 1725 1011 1765 quod,
1036 1723 1190 1756 secundum
1211 1723 1335 1755 formam

277 1773 426 1804 Petitionis
438 1772 492 1802 suae
508 1771 558 1801 fibi
572 1770 662 1801 velitis
682 1768 794 1807 plenam
812 1766 947 1805 justitiam
966 1764 1115 1807 exhibere,
1133 1762 1201 1793 sicut
1218 1762 1253 1806 ad
1272 1772 1335 1792 ves-

278 1820 350 1842 tram
366 1812 485 1852 pertinet
497 1809 679 1848 dignitatem
698 1807 773 1837 salvo
789 1806 838 1835 sibi
848 1806 912 1843 jure
926 1806 953 1833 in
968 1803 1104 1834 omnibus
1117 1801 1254 1840 addendi,
1270 1810 1334 1831 mu-

276 1850 368 1889 tandi,
388 1847 564 1881 diminuendi
586 1846 743 1878 secundum
763 1843 841 1884 quod
859 1843 975 1875 attendit
995 1841 1045 1873 suo
1065 1840 1206 1879 profectui
1226 1849 1336 1871 conve-

273 1891 342 1921 nire.

314 1966 430 2005 Qiibus
442 1963 556 2002 auditis,
574 1972 642 1993 cum
654 1960 824 1992 Rationibus
844 1958 1028 1996 earumdem,
1046 1957 1079 1988 &
1099 1955 1179 1987 dieto
1199 1954 1336 1986 Domino

277 2004 352 2044 Regi
362 2029 370 2043 ,
389 2007 419 2035 in
433 2001 574 2041 praesentiit
585 2003 736 2037 omnium,
750 1999 794 2037 jus
807 1997 842 2028 ad
855 1998 966 2028 dietum
981 1996 1117 2036 Regnum
1137 1995 1245 2026 Scotiae
1264 2004 1335 2025 ven—

274 2043 448 2079 dicantium,
467 2052 516 2080 per
529 2039 681 2071 Auditores
696 2037 847 2076 praedietos
862 2036 969 2074 relatis,
987 2035 1064 2065 idem
1086 2033 1250 2072 Dominus,
1268 2032 1334 2063 Rex

276 2082 312 2112 de
324 2081 456 2112 consensu
470 2080 642 2117 petentium,
659 2076 736 2108 dedit
751 2077 784 2107 ὃ(
802 2074 920 2113 praefixit
932 2075 970 2104 eis
983 2074 1061 2104 diem
1076 2073 1109 2104 &
1129 2074 1284 2103 terminum
1304 2073 1334 2101 in

274 2122 409 2159 proximo
423 2119 619 2149 Parleamento
633 2116 700 2153 suo,
718 2114 839 2152 scilicet,
857 2115 886 2143 in
901 2112 1035 2143 Crastino
1049 2111 1160 2142 Sm&ae
1172 2110 1336 2150 Trinitatis,

276 2159 423 2196 videlicet,
440 2166 509 2188 tunc
524 2154 643 2186 secunda
657 2154 702 2184 die
717 2152 822 2183 Mensis
833 2151 927 2191 Junii,
945 2151 1012 2182 loco
1026 2160 1085 2189 quo
1108 2151 1198 2188 prim,
1212 2149 1247 2180 ad
1287 2160 1334 2180 ro-

276 2196 437 2228 cedendum
452 2197 480 2226 in
495 2193 635 2234 praedietis
649 2191 847 2231 petitionibus,
865 2191 899 2222 ὃ(
912 2198 975 2221 toto
988 2191 1123 2230 negoti0,
1131 2196 1216 2227 prout
1224 2189 1256 2227 ju
1303 2198 1334 2219 m

274 2236 356 2267 fuerit
369 2236 402 2267 ὃς
419 2234 578 2265 consonum
591 2232 699 2263 rationi.

249 2342 255 2348 ,
277 2312 368 2374 ΑΙ)
389 2320 476 2350 quern
495 2310 665 2346 terminum,
684 2307 804 2345 scilicet,
822 2316 900 2337 anno
922 2305 1045 2335 Domini
1061 2303 1211 2334 millesimo
1224 2302 1334 2333 ducen-

353 2351 454 2381 tesimo
469 2359 528 2380 non
564 2348 652 2378 elimo
667 2345 810 2384 secundo,
828 2346 861 2376 ὅ(
875 2345 973 2382 Regni
986 2342 1113 2381 praediffl
1127 2342 1250 2372 Domini
1274 2342 1334 2371 Re-

528 2358 631 2423 gimo,
650 2393 791 2416 venerunt
803 2393 905 2415 omnes
920 2391 1044 2422 petentes
1055 2381 1090 2412 ad
1105 2380 1334 2420 prosequendum

313 2467 366 2505 Et,
386 2474 487 2511 praeter
501 2474 567 2503 eos,
586 2471 725 2495 venerunt
735 2460 852 2492 Nuncii
873 2460 907 2491 &
927 2459 1127 2490 Procuratores
1147 2457 1226 2488 Erici
1245 2457 1275 2488 R
1313 2459 1334 2488 is

211 2521 236 2537 7.
273 2506 442 2545 Norwegiae
457 2528 467 2543 ,
489 2503 623 2534 videlicet
640 2525 650 2540 ,
676 2498 813 2539 Magister
835 2498 974 2543 Hugucio
989 2522 1000 2536 ,
1031 2497 1169 2528 Plebanus
1188 2496 1277 2534 plebis
1317 2507 1333 2527 e

274 2544 463 2582 Castellione,
484 2542 608 2573 Aretinae
619 2539 749 2572 Diocesis
783 2537 909 2568 Domini
923 2536 1007 2574 Papae
1020 2535 1204 2578 Capelianus,
1222 2535 1333 2575 Magis-

276 2591 317 2614 ter
337 2582 433 2613 Petrus
456 2581 570 2619 Artori,
593 2578 730 2619 Magister
750 2563 904 2608 bernardus
924 2575 1084 2614 Lodovici‚
1108 2574 1279 2618 Will-ielmus
1297 2574 1333 2604 de

277 2621 429 2660 Tornghn.
456 2605 559 2657 Miles,
586 2618 667 2648 Arvo
686 2616 850 2659 Canonicus
867 2614 921 2645 Ber
939 2614 1046 2658 bensis,
1070 2623 1119 2652 per
1137 2615 1220 2656 ipsius
1240 2612 1333 2649 Regis

278 2659 448 2696 Norwegiae
461 2666 583 2696 patentes
598 2656 684 2686 literas
699 2654 849 2692 specialiter
861 2662 917 2683 con
954 2654 1022 2691 tuti,
1039 2653 1073 2684 &
1086 2659 1261 2692 petiverunt,
1279 2660 1332 2681 no—

275 2700 353 2729 mine
367 2697 488 2728 Domini
501 2697 558 2733 sui,
573 2694 682 2725 mitum
698 2693 833 2733 Regnum
847 2691 969 2729 Scotiae,
987 2701 1055 2722 cum
1074 2689 1209 2721 omnibus
1223 2689 1332 2727 juribus

273 2738 308 2769 &
331 2737 501 2775 pertinentiis
519 2735 589 2772 suis,
607 2733 740 2763 Domino
762 2731 811 2761 suo
832 2730 908 2769 Regi
927 2730 1100 2767 Norwegiae
1111 2727 1276 2759 ad'udicari:
1297 2729 1331 2760 &

273 2776 366 2816 ipsum
381 2776 410 2805 in
425 2774 537 2814 Regem
552 2773 620 2804 dieti
635 2771 747 2810 Regni,
767 2780 815 2807 per
829 2768 939 2798 di&um
953 2767 1116 2798 Dominum
1167 2775 1250 2806 egem
1269 2765 1332 2797 Ari-

294 2815 354 2852 liae,
373 2813 542 2851 superiorem
556 2811 721 2841 Dominum
735 2808 803 2838 dieti
818 2807 914 2847 Regni
936 2806 1058 2844 Scotiae,
1075 2805 1211 2837 constitui
1229 2806 1263 2836 &
1283 2815 1332 2835 or-

272 2823 375 2883 firmari:
394 2862 426 2882 ac
442 2853 471 2882 in
487 2849 665 2888 corporalem
678 2846 878 2886 poss'effionem
890 2845 1012 2884 ejusdem
1025 2845 1124 2883 Regni
1136 2844 1243 2875 Scotiae
1257 2844 1333 2874 mitti

274 2891 308 2922 &
329 2891 516 2921 manuteneri:
536 2890 569 2920 &
589 2887 668 2926 quod
691 2886 780 2917 dietus
804 2885 868 2915 Rex
889 2884 999 2923 Angliae
1014 2884 1121 2914 nemini
1134 2882 1274 2921 adjudicet
1290 2881 1334 2912 di-

279 2931 360 2960 etum
374 2929 512 2965 Regnum
525 2928 648 2963 Scotiae,
668 2927 696 2956 in
711 2924 904 2963 praeiudicium
917 2925 925 2953 i
946 2923 997 2954 sius
1010 2922 1099 2962 Regis
1114 2921 1149 2952 N
1151 2921 1287 2958 orwegiae
1299 2922 1333 2952 &

277 2977 445 3036 3533&ss
461 2976 563 3035 3³53?
577 2964 661 3034 {¹353ss
670 2932 1334 3039 ἰέἓέοὲἓῐᾚιῗὲἒὲεᾟκύἒῗὲὴέοῑὲἓωκῗὲ

277 3054 324 3073 nae
343 3044 424 3081 ipsius
476 3044 540 3087 egni
552 3028 681 3079 ’Scotiae,
701 3041 766 3071 filiae
787 3025 855 3070 die’ti
875 3040 962 3080 Regis
981 3038 1170 3077 Norwegiae,
1187 3037 1222 3068 ad
1242 3038 1334 3076 ipsum

274 3083 338 3121 jure
351 3081 525 3112 haereditario
540 3080 581 3110 est
595 3080 718 3124 legitime
730 3078 905 3109 devolutum.

318 3119 421 3150 Audita
442 3129 557 3158 quoque
577 3121 711 3156 pentione
733 3116 884 3156 praediffl,
903 3116 995 3147 dictus
1015 3114 1162 3146 Dominus
1183 3114 1249 3145 Rex
1264 3124 1335 3153 prae-

279 3160 355 3196 cepit
369 3158 539 3189 auditoribus
553 3156 711 3194 supradictis
745 3165 775 3186 ut
790 3155 887 3186 locum
898 3156 1024 3193 priorem
1038 3153 1162 3191 adirent,
1179 3154 1213 3185 δε
1228 3162 1287 3184 tam
1301 3153 1335 3183 ad

278 3198 444 3235 petitionem
466 3195 592 3236 praediffl
613 3194 688 3225 Erici
707 3178 797 3231 Regis
817 3193 1003 3231 Norwegiae,
1022 3193 1108 3231 quam
1122 3191 1337 3234 adpetitiones,

279 3237 398 3266 rationes
412 3236 445 3267 &
458 3234 647 3273 responsiones
659 3234 790 3264 omnium
802 3232 925 3263 aliorum
938 3233 1094 3270 petentium
1106 3230 1253 3261 audiendas
1268 3241 1335 3269 pro-

279 3274 428 3312 cederent,
447 3273 519 3304 sicut
538 3272 667 3313 primitiis
692 3272 725 3303 δε
741 3271 893 3308 referrem
913 3272 1061 3309 injungens
1075 3270 1232 3307 petentibus
1247 3278 1276 3299 ut
1289 3269 1333 3306 se,

277 3313 347 3344 loco
367 3312 505 3350 praedid'to
518 3335 527 3349 ,
552 3319 651 3341 coram
671 3309 732 3348 ipsis
756 3309 927 3340 auditoribus
947 3308 1161 3347 repraesentent,
1185 3309 1334 3346 petitiones

278 3351 334 3381 suas
348 3350 494 3388 praedidtas
508 3349 693 3387 prosecuturi,
711 3356 794 3388 prout
809 3348 857 3377 sibi
871 3348 972 3378 viderit
986 3346 1123 3384 expedire.

316 3391 336 3409 ³*
356 3389 492 3420 Recitatis
505 3397 599 3419 autem
613 3386 737 3418 &leeris
748 3387 928 3424 petitionibus
949 3387 1082 3418 omnium
1102 3385 1136 3416 ὃ(
1157 3384 1335 3422 singulorum

281 3429 454 3465 petentium,
473 3426 508 3457 ad
519 3426 727 3464 requisitionem
741 3425 884 3463 ipsorum,
901 3426 935 3456 &
954 3424 1109 3455 rationibus
1126 3432 1159 3453 ac
1180 3423 1336 3464 responsio-

282 3466 380 3504 nibus,
398 3467 432 3498 &
446 3464 659 3503 allegationibus
670 3463 838 3494 eorumdem
847 3487 856 3501 ‚
874 3473 942 3494 cum
958 3462 1067 3494 summa
1077 3462 1222 3500 diligentis
1233 3464 1267 3493 &
1282 3462 1335 3492 sol-

283 3503 388 3541 lempni
399 3503 513 3542 auditis,
531 3503 708 3540 examinatis,
725 3502 757 3532 &
773 3501 879 3539 plenius
900 3502 1061 3540 intelleffi53
1079 3502 1143 3539 quia
1159 3499 1338 3531 difficultates

287 3543 370 3573 variae
389 3551 506 3582 repertae
525 3542 633 3572 fuerant
652 3542 682 3570 in
701 3540 822 3578 eisdem,
840 3539 889 3578 ipsi
907 3540 1060 3571 Auditores
1073 3539 1170 3570 omnia
1183 3540 1216 3570 &
1230 3538 1337 3575 singula

289 3581 464 3624 reportabant
478 3580 513 3611 ad
526 3579 662 3617 Regem,
677 3579 711 3610 &
726 3588 774 3617 ea,
788 3588 853 3617 quae
866 3578 928 3609 asta
938 3587 1014 3610 erant
1028 3588 1126 3610 coram
1140 3578 1178 3608 eis
1187 3600 1197 3616 ‚
1215 3577 1265 3607 sibi
1278 3575 1338 3614 ple-

289 3626 326 3646 ne
341 3618 373 3646 &
388 3618 502 3649 fideliter
514 3618 679 3649 referebant.

328 3654 388 3696 Qi
405 3667 472 3687 cuin
491 3656 621 3687 Consilio
638 3655 705 3694 (υο,
727 3653 888 3695 Episcopis‚
912 3655 1037 3686 Praelatis
1079 3653 1259 3691 Comitibus,
1285 3651 1339 3682 Ba-

292 3693 422 3736 rombus,
445 3694 611 3738 Proceribus
629 3695 662 3725 &
681 3692 865 3737 Magnatibus
882 3694 1024 3732 utriusque
1041 3678 1158 3731 Regni,
1181 3692 1215 3722 &
1230 3689 1341 3721 audito-

291 3729 366 3772 ribus
384 3740 465 3761 etiam
482 3733 642 3776 antedifftis,
659 3733 824 3775 petitiones,
842 3734 980 3771 rationes,
995 3732 1201 3770 responsiones,
1225 3730 1259 3760 &
1276 3728 1342 3772 alle-

292 3775 417 3803 gationes
440 3780 569 3801 omnium
593 3771 794 3809 praedictorum
817 3772 975 3808 petentium
999 3771 1166 3803 examinavit
1192 3778 1241 3807 per
1265 3767 1343 3798 ordi-

291 3813 368 3834 nem.

1374 268 1493 296 cerum,
1512 260 1546 290 &
1566 260 1739 290 Auditorum
1759 259 1961 300 praedid'oerum
1973 282 1983 297 ,
2001 259 2139 290 ordinavit
2155 260 2236 298 quod
2250 261 2348 300 primo
2362 273 2431 300 pro.
2447 271 2514 298 mv,
2537 279 2564 300 ¹-

1374 296 1520 327 cederetur
1533 297 1567 327 ad
1582 297 1785 329 discutiendum
1802 299 1834 328 ὃς
1846 297 2045 328 diffiniendum
2064 298 2100 328 de
2109 297 2194 337 Jure,
2212 298 2291 337 quod
2326 302 2431 333 raedicti

1374 334 1520 379 Robertus
1538 336 1574 367 de
1596 337 1665 367 Bms
1685 338 1719 368 &
1737 337 1880 374 Johannes
1897 336 1934 366 de
1948 336 2066 367 Balliolo
2085 339 2121 367 ad
2134 336 2283 376 praefatum
2328 347 2434 377 egnum

1374 372 1480 416 Scotiae
1500 374 1621 405 afferunt
1642 376 1670 405 se
1690 375 1791 406 habere
1803 400 1812 413 ,
1837 374 1983 413 quousque
1998 374 2150 406 discussum
2165 376 2199 407 &
2213 376 2431 409 determinatum

1373 411 1454 454 fuerit
1468 414 1529 450 quis
1544 414 1685 451 ipsorum,
1702 413 1828 444 Roberti
1842 415 1876 444 &
1886 413 2040 451 johannis,
2056 415 2151 451 potior
2164 415 2197 444 sit
2211 416 2242 445 in
2252 416 2373 453 jure3&
2385 418 2431 446 in-

1371 458 1453 492 terim
1468 461 1569 481 omnes
1581 452 1626 482 alii
1637 461 1762 492 petentes
1775 452 1976 489 suspersedeant
1988 477 1997 491 ,
2016 453 2049 482 &
2060 453 2138 483 suam
2151 452 2283 485 differant
2297 454 2430 492 prosecu-

1372 495 1484 518 tionem
1499 513 1509 526 ,
1532 490 1609 521 salvo
1630 499 1726 520 tamen
1747 492 1785 521 eis
1806 493 1839 521 &
1855 500 1953 521 eorum
1968 491 2082 521 cuilibet
2092 491 2161 529 Jure
2173 491 2235 522 suo:
2256 494 2291 523 ὃς
2305 492 2430 524 dii'cuffo

1371 536 1404 556 ac
1416 526 1602 559 determinato
1616 528 1653 559 de
1663 528 1733 567 Jure
1748 528 1950 566 praeffl&orum
1965 529 2086 559 Roberti
2103 530 2138 560 &
2149 529 2301 569 Johannis,
2318 532 2364 562 alii
2377 543 2428 570 pe-

1371 572 1475 608 tentes,
1497 567 1530 597 &
1543 577 1645 611 eorum
1661 568 1796 606 quilibet,
1814 577 1849 597 ex
1865 577 1932 598 tunc
1941 569 1986 606 jus
1999 568 2079 598 suum
2092 568 2308 608 prosequantur,
2325 573 2429 602 melio-

1371 613 1394 632 ri
1407 604 1498 635 modo
1513 615 1572 650 quo
1586 605 1709 650 viderint
1721 606 1889 653 faciendum.

1370 642 1903 723 Dffissussssssszsj⁰⁰rzgssss²jirfigff
1919 645 2234 724 fflss‘gflssrssifss‘ffi}
2244 645 2429 716 ’Ᾱὲἓὶἳὲὲὲἒὲ

1370 722 1450 756 ipsius
1466 722 1573 763 negotii
1585 731 1625 766 po
1639 731 1679 766 'et
1692 721 1865 759 procedere;
1885 731 1914 753 ut
1926 730 2021 752 tamen
2033 722 2186 753 consultius
2197 724 2232 754 δε
2244 722 2365 754 securius
2377 724 2428 754 fie-

1369 766 1432 788 rent
1447 760 1589 797 universa,
1605 761 1723 799 injunxit
1734 760 1906 791 auditoribus
1925 759 1960 790 de
1980 761 2077 791 Scotia
2090 760 2268 800 stipradiffls,
2284 764 2427 801 corporali

1370 795 1404 826 ad
1424 796 1481 827 hoc
1504 798 1627 835 praestito
1646 800 1806 841 juramento
1820 821 1831 836 ‚
1856 797 1934 837 quod
1954 798 2004 828 sibi
2023 799 2140 830 fideliter
2158 801 2337 832 consulerent
2350 826 2360 840 ,
2375 812 2427 843 per
2452 813 2457 816 ·

1370 844 1437 872 quas
1453 836 1526 880 leges
1541 837 1574 867 δε
1588 837 1801 867 consuetudines
1814 837 2000 875 {itJudicium
2016 838 2249 875 procedendum?

1368 874 1784 953 drfflzsssssfflesfuffiffe‘qlssi
1796 875 2236 952 ἶΐῇῗέὲῗᾜῑὲζξῗὲἧὲξὲἓὲω
2240 888 2428 949 Ἓέὴὲἓᾙῗὲἑ

1370 959 1419 981 eos
1439 952 1587 983 existentes
1603 977 1613 990 ,
1636 953 1715 991 super
1738 953 1845 992 legibus
1865 954 1899 984 &
1920 953 2164 984 consuetudinibus
2186 940 2282 994 Regni
2301 957 2426 996 Scotiie,

1369 990 1464 1026 quoad
1479 991 1575 1021 casum
1587 999 1645 1022 tam
1660 991 1793 1028 arduum,
1811 992 1845 1022 &
1858 991 2000 1022 retroactis
2013 992 2186 1031 temporibus
2198 994 2350 1025 inauditum
2385 998 2426 1027 ei-

1369 1029 1436 1058 dem
1458 1028 1593 1061 Domino
1612 1030 1689 1074 Regi
1711 1029 1856 1062 consulere
1877 1039 1937 1060 non
1955 1029 2094 1060 audebant
2113 1030 2143 1059 in
2163 1031 2242 1062 faCto
2261 1019 2401 1070 praedissto

1369 1067 1469 1105 absque
1483 1070 1581 1107 majori
1593 1070 1711 1100 consilio
1731 1069 1765 1100 &
1779 1067 1979 1099 deliberatione
1991 1068 2118 1106 pleniori.
2415 1059 2425 1073 ²

1407 1105 1608 1145 Supplicatum
1622 1117 1717 1138 tamen
1733 1107 1873 1146 praedicto
1890 1106 2024 1137 Domino
2038 1106 2132 1146 Regi,
2152 1106 2231 1145 quod
2245 1109 2345 1148 viginti
2358 1120 2426 1148 qua-

1369 1151 1435 1174 tuor
1447 1169 1456 1182 ,
1482 1146 1521 1190 de
1541 1146 1642 1186 Anglia
1665 1147 1826 1185 nominati,
1852 1146 2068 1184 adjungerentur
2086 1144 2189 1176 eisdem
2203 1145 2237 1176 ad
2249 1148 2428 1180 tristandum

1369 1191 1565 1216 communiter
1578 1187 1658 1223 super
1671 1185 1790 1216 articulo
1804 1193 1979 1223 memorato,

1408 1221 1470 1267 Qi
1488 1233 1560 1267 cuin
1586 1223 1667 1254 dictis
1687 1233 1784 1263 quater
1806 1224 1906 1262 viginti
1926 1223 1963 1253 de
1987 1221 2120 1253 mandato
2142 1223 2176 1254 &
2197 1233 2344 1264 praecepto
2356 1225 2427 1256 diffi

1370 1259 1494 1291 Domini
1518 1261 1606 1302 Regis
1626 1263 1750 1301 adjunffl
1766 1286 1775 1301 ,
1807 1262 1873 1300 post
1895 1261 2129 1292 deliberationem
2151 1263 2185 1293 &
2209 1263 2359 1294 mimum
2380 1265 2429 1295 ali-

1370 1299 1483 1337 qualem
1499 1301 1627 1333 habitum
1641 1312 1708 1332 cum
1722 1302 1840 1339 eisdem,
1858 1301 1979 1332 similiter
1992 1299 2206 1339 responderunt,

1390 1364 1393 1366 a
1407 1337 1500 1377 Qiod
1521 1349 1554 1370 ε’(
1577 1350 1636 1378 quo
1657 1340 1790 1371 videbant
1810 1339 1874 1370 illos
1893 1347 1989 1378 quater
2003 1339 2103 1378 viginti
2117 1337 2154 1369 de
2169 1339 2286 1379 Scotial,
2303 1340 2339 1370 de
2352 1350 2427 1380 quo—-

1369 1385 1434 1406 rum
1450 1378 1587 1417 consilio,
1605 1379 1625 1409 si
1641 1379 1799 1409 concordes
1813 1378 1902 1408 essent
1915 1402 1924 1417 ‚
1950 1377 2040 1408 dietus
2058 1376 2206 1408 Dominus
2229 1378 2295 1409 Rex
2308 1378 2425 1411 deberet

1368 1415 1548 1460 procederet,
1558 1456 1563 1461 θ
1574 1418 1603 1446 in
1626 1417 1685 1461 hoc
1707 1417 1784 1448 &Cio
1799 1417 1904 1460 effe&
1919 1424 1995 1446 tanta
2005 1415 2142 1446 discordia
2177 1415 2257 1454 super
2269 1417 2378 1458 legibus
2392 1421 2426 1450 ὅ(

1367 1453 1619 1499 consuetudinibus
1634 1455 1701 1486 suis:
1722 1455 1760 1486 Et
1775 1454 1824 1493 ipfi
1838 1455 1938 1494 viginti
1955 1463 2074 1493 quatuor
2085 1454 2122 1485 de
2138 1439 2244 1493 Anglii
2257 1456 2309 1487 sint
2323 1458 2425 1496 pauci,

1369 1501 1424 1522 nec
1440 1493 1497 1538 sint·
1512 1494 1548 1524 de
1566 1495 1718 1533 majoribus
1738 1495 1772 1526 &
1786 1493 1992 1524 discretioribus
2007 1502 2078 1532 quos
2095 1493 2188 1524 dietus
2202 1493 2350 1526 Dominus
2362 1495 2428 1527 Rex

1370 1531 1470 1562 habeat
1490 1543 1526 1576 iri-
1542 1532 1650 1570 Regno
1670 1532 1720 1577 suo
1733 1558 1743 1571 ,
1767 1542 1828 1564 non
1835 1532 1975 1577 ‘audere-nt
1989 1531 2067 1570 super
2082 1531 2108 1562 ie
2120 1531 2256 1563 assumere
2267 1541 2379 1564 tantum
2392 1544 2427 1566 0-

1368 1571 1595 1649 ἓῖἒὲἠέἷέἓὶῗξῗ
1611 1571 1843 1650 ῗᾶξῗὲἳῃξὲῗῖ
1855 1571 2054 1641 ἓοῒὲἓᾶῑῗὲ
2067 1570 2426 1642 {gsssfflfgess‘rgfaffig-

1369 1646 1526 1692 Procerum
1535 1672 1544 1688 ,
1564 1649 1735 1688 Magnarum
1750 1649 1783 1680 &
1797 1649 1919 1679 aliorum
1933 1648 2089 1686 sapientum
2103 1647 2140 1678 de
2152 1647 2261 1685 Regno
2273 1647 2330 1680 suo.
2414 1635 2426 1651 ’

1404 1684 1441 1716 Et
1454 1686 1534 1724 ideo,
1551 1688 1587 1718 de
1601 1687 1718 1719 consilio
1731 1688 1862 1718 omniurn
1878 1686 2097 1725 praedictorum,
2115 1686 2166 1716 fibi
2176 1686 2355 1718 afficientium
2389 1688 2425 1720 &

1369 1723 1407 1768 de·
1419 1727 1571 1756 communi
1584 1726 1730 1770 voluntate
1743 1727 1776 1758 ὃ(
1791 1727 1897 1756 assensu
1910 1726 2043 1756 omnium
2056 1724 2218 1756 Petentium
2231 1748 2241 1764 ,
2266 1725 2344 1756 idem
2358 1711 2426 1757 Do-

1369 1772 1463 1806 minus
1485 1763 1550 1808 Rex
1570 1765 1646 1809 diem
1670 1764 1761 1796 statuit
1781 1765 1815 1796 ὃς
1831 1764 1948 1803 praefixit
1962 1765 1991 1794 in
2004 1764 2137 1802 proximo
2149 1763 2347 1796 Parleamento
2358 1764 2424 1804 suo,

1367 1801 1488 1846 scilicet,
1506 1813 1534 1833 m
1550 1802 1683 1834 Crastino
1697 1804 1902 1835 Transsatioriis
1915 1803 2013 1833 Sancti
2027 1802 2176 1840 Edwardi,
2194 1802 2286 1840 Regis
2296 1802 2424 1835 &Con-

1367 1840 1496 1885 fellorist,
1529 1842 1661 1873 videlicet
1685 1843 1727 1872 16.
1749 1842 1796 1872 die
1814 1841 1881 1881 post
1902 1840 2018 1871 Festum
2039 1841 2136 1872 Sancti
2157 1840 2308 1872 Michaelis
2323 1865 2332 1880 ,
2356 1841 2427 1873 loco

1367 1888 1426 1916 quo
1441 1889 1533 1919 prius,
1551 1880 1585 1911 ad
1599 1880 1817 1919 procedendum
1836 1889 1921 1920 prout
1937 1879 2047 1920 justum
2067 1879 2151 1911 fuerit
2174 1881 2205 1910 iri
2218 1881 2341 1917 negotio
2354 1890 2427 1918 prae-

1367 1926 1483 1949 notato:

1405 1956 1444 1987 Et
1458 1957 1551 1988 distus
1564 1957 1713 1989 Dominus
1729 1959 1795 1990 Rex
1810 1957 1918 1997 plures,
1940 1959 1974 1990 ὃ(
1989 1956 2134 1997 Mnjores,
2151 1956 2185 1988 &
2206 1955 2379 1988 discretiores
2392 1956 2430 1988 de

1368 1994 1476 2040 Regno
1493 1995 1543 2027 suo
1557 2021 1566 2041 ,
1590 1997 1624 2028 ad
1641 1997 1718 2028 diem
1739 1998 1818 2028 illum
1831 1999 1865 2028 &
1879 1997 2051 2036 terminum,
2069 1995 2105 2026 ad
2118 1995 2282 2026 habendum
2296 1997 2383 2035 majus
2393 1998 2428 2029 δε

1368 2033 1457 2065 sanius
1469 2035 1634 2074 confihum,
1654 2036 1738 2067 faciet
1754 2037 1868 2067 interim
1882 2036 2054 2066 convocari:
2123 2054 2127 2055 ν

1370 2111 1375 2117 ε
1406 2071 1444 2104 Et
1459 2073 1569 2118 diffituin
1584 2074 1625 2105 est
1639 2075 1820 2114 praesentibus
1836 2074 1975 2112 utriusque
1991 2074 2091 2112 Regni
2106 2097 2116 2112 ,
2134 2080 2166 2104 ut
2181 2072 2279 2104 medio
2294 2081 2428 2111 tempore

1366 2119 1444 2180 ‘iintita
1460 2112 1486 2143 se
1509 2111 1681 2181 delibgrent,
1699 2115 1733 2145 &
1746 2113 1914 2154 profundius
1928 2113 2060 2151 cogitent
2075 2111 2144 2151 quid
2158 2111 2258 2143 melius
2270 2110 2329 2142 fieri
2343 2121 2427 2153 expe-

1387 2160 1410 2180 ia
1437 2160 1466 2180 iri
1502 2161 1579 2181 raemi
1604 2163 1633 2182 is.

1404 2187 1443 2219 Et
1457 2161 1533 2219 idgm
1548 2189 1606 2220 dies
1618 2190 1697 2221 datus
1710 2189 1752 2221 est
1765 2190 1901 2221 omnibus
1915 2190 2074 2229 petentibus
2086 2187 2253 2226 supradictis.

1404 2226 1459 2266 Et,
1478 2237 1512 2258 ex
1527 2227 1721 2266 habundanti,
1741 2228 1982 2259 idem-Dominus
2002 2228 2067 2258 Rex
2085 2228 2215 2265 interim,
2232 2236 2282 2264 per
2295 2226 2428 2266 sollemp-

1366 2275 1414 2296 nes
1437 2266 1574 2297 Nuncios
1593 2267 1629 2297 de
1645 2267 1763 2298 consilio
1777 2268 1841 2305 suo,
1857 2266 1938 2305 super
1952 2266 2030 2297 facto
2045 2267 2110 2305 illo,
2129 2265 2298 2296 diversarum
2314 2265 2428 2303 Regio-

1366 2314 1438 2335 num
1451 2305 1576 2337 consulet
1590 2306 1740 2344 sapientes,
1759 2315 1789 2337 ut
1801 2314 1871 2337 tunc
1887 2315 1989 2335 eorum
2003 2305 2154 2336 consilium
2167 2303 2305 2334 deferatur
2321 2304 2426 2335 eidem.

1367 2380 1425 2443 A

1365 2534 1473 2580 Regno
1488 2536 1618 2575 Angliae‚

1362 2614 1577 2691 ‡‡Q&cioram
1597 2613 1701 2645 eodem
1722 2613 1857 2645 Domino
1871 2614 1974 2652 Rege,
1992 2614 2027 2645 &
2041 2613 2165 2644 similiter
2184 2622 2286 2644 omn&
2301 2621 2426 2652 petent&

1402 2728 1463 2767 Qii
1485 2727 1603 2766 quidem
1622 2727 1775 2767 Episcopi,
1793 2726 1923 2766 Praelati,
1942 2726 2091 2766 Comites,
2110 2726 2249 2766 Baiones,
2268 2725 2422 2766 Proceres,
2437 2736 2477 2761 M.
2494 2742 2537 2760 ιι,

1367 2767 1520 2804 Magnates
1542 2768 1575 2799 &
1597 2765 1725 2797 Nobiles
1740 2789 1750 2805 ,
1772 2777 1805 2797 ac
1820 2765 1968 2796 Auditores
1983 2765 2019 2796 de
2032 2774 2154 2804 utroque
2167 2765 2297 2803 Regno,
2314 2766 2350 2795 ab
2364 2765 2423 2804 ipso

1365 2805 1502 2837 Domino
1517 2804 1604 2842 Rege
1617 2804 1782 2843 diligentius
1797 2804 1939 2843 requisiti,
1976 2813 2006 2834 er
2021 2813 2088 2842 quas
2100 2804 2177 2844 leges
2197 2804 2232 2835 &
2245 2803 2425 2835 consuetudi-

1365 2854 1414 2874 nes
1434 2844 1466 2888 sit
1481 2842 1516 2874 ad
1531 2843 1670 2888 judicium
1691 2842 1906 2882 procedendum
1920 2842 1932 2872 ?
1984 2850 1995 2872 t
2007 2843 2110 2881 etiam,
2127 2853 2163 2872 an
2177 2843 2207 2872 in
2221 2842 2303 2880 casu,
2321 2842 2349 2872 in
2364 2852 2424 2880 quo

1365 2893 1425 2913 non
1447 2889 1629 2913 inveniuntur
1648 2891 1734 2913 certae
1754 2881 1848 2920 Leges
1869 2882 1903 2912 ὅ(
1925 2879 2150 2912 Consuetudines
2196 2890 2243 2912 aut
2265 2879 2382 2911 diversae
2395 2883 2424 2912 in

1365 2921 1478 2958 Regnis
1491 2920 1606 2965 Angliae
1620 2920 1784 2958 &Scotiae,
1802 2919 1918 2958 qualiter
1933 2919 1964 2951 sit
1973 2905 2180 2959 judicandum⁷.>
2198 2918 2237 2950 Et
2249 2929 2285 2949 ari
2299 2919 2336 2949 de
2343 2919 2424 2951 dieto

1366 2959 1476 3004 Regno
1496 2959 1603 3003 Scotiae
1624 2959 1657 2990 sit
1671 2959 1750 3004 aliter
1765 2957 1970 2998 judicandum,
1989 2959 2076 2998 quam
2090 2957 2127 2989 de
2136 2957 2354 3010 flonnmdbus,
2372 2957 2424 2990 Ba-

1364 2998 1708 3081 rozud’hfficaldiiiiieetsug
1716 2998 1827 3074 ?smguli
1847 3035 2036 3080 concorditer·
2045 3035 2260 3075 responderunt·
2279 3033 2359 3073 quod
2374 3044 2426 3073 per

1366 3075 1458 3120 Leges
1477 3076 1511 3106 &
1523 3074 1757 3119 ‚Consuetudines
1777 3074 1951 3119 Regnorum
1962 3099 1972 3114 ,
1991 3075 2091 3113 quibus
2105 3073 2224 3113 praeest,
2244 3059 2265 3104 i}
2279 3081 2366 3104 certae
2379 3083 2423 3104 re-

1366 3122 1507 3153 periantur
1521 3123 1550 3143 in
1562 3114 1620 3145 hoc
1633 3113 1713 3151 casu,
1726 3112 1851 3152 judicare
1866 3112 1959 3150 potest
1973 3114 2007 3145 &
2021 3113 2120 3143 debet:

1403 3152 1460 3196 Et,
1478 3152 1499 3182 si
1520 3161 1608 3196 certae
1630 3151 1721 3191 Leges
1737 3153 1770 3183 ὃ(
1792 3151 2017 3183 Consuetudines
2031 3162 2091 3182 non
2106 3152 2300 3187 inveniantur,
2315 3150 2345 3180 in
2359 3149 2422 3181 casu

1366 3190 1542 3230 hujusmodl,
1561 3191 1640 3228 quod
1654 3190 1746 3221 dicstus
1763 3190 1906 3221 Dominus
1920 3190 1985 3221 Rex
1999 3215 2010 3229 ,
2034 3190 2071 3220 de
2085 3189 2204 3220 consilio
2217 3189 2375 3219 Procerum
2389 3191 2423 3220 &

1368 3231 1540 3274 Magnarum
1552 3228 1666 3259 suorum
1676 3252 1685 3267 ,
1704 3229 1797 3268 potest
1812 3231 1845 3261 &
1858 3229 1943 3260 debet
1956 3228 2084 3260 condere
2103 3237 2210 3259 novam
2224 3227 2355 3264 Legem:

1404 3268 1441 3299 ht
1454 3268 1555 3311 dicunt
1575 3268 1654 3306 quod
1673 3268 1710 3298 de
1725 3269 1862 3306 praeditsto
1878 3268 1982 3307 Regno
2002 3267 2044 3298 est
2052 3266 2254 3306 judicandum,
2274 3264 2368 3304 quoad
2379 3266 2423 3303 jus

1366 3306 1533 3375 succgdsseiissdi
1548 3329 1559 3345 ,
1584 3306 1656 3338 ficut
1675 3306 1711 3337 de
1731 3305 1923 3338 Comitatibus
1936 3331 1946 3345 ,
1971 3306 2113 3344 Baroniis,
2130 3306 2164 3338 &
2179 3304 2238 3335 aliis
2251 3304 2356 3335 tenuris
2369 3304 2424 3333 im·

1365 3354 1435 3386 parti
1506 3354 1544 3375 us

1404 3421 1515 3465 Postea*
1530 3422 1658 3459 praefatus
1679 3422 1824 3453 Dominus
1840 3422 1906 3454 Rex
1921 3445 1932 3460 ‚
1949 3420 2048 3452 auditis
2061 3421 2095 3453 ὃς
2107 3419 2255 3451 ἰυῑεῃεᾶἱε
2268 3416 2423 3456 responfio-

1368 3463 1450 3492 nibus
1463 3469 1548 3491 totius
1563 3460 1682 3491 Consilii
1694 3461 1732 3491 sui
1746 3460 1890 3499 praediffl,
1909 3460 2035 3498 quaefivit
2054 3460 2070 3489 a
2083 3458 2225 3497 praediffis
2239 3457 2371 3488 Roberto
2386 3457 2421 3487 &

1365 3501 1514 3540 johanne,
1534 3499 1669 3542 si'vellent
1683 3500 1756 3530 aliud
1769 3499 1882 3531 dicere?
1900 3499 1964 3538 Qi
1974 3498 2102 3530 dixerunt
2115 3496 2194 3536 quod
2209 3496 2263 3527 sic:
2363 3533 2367 3537 Ι

1408 3538 1446 3568 Et
1467 3538 1534 3568 ideo
1555 3537 1631 3567 idem
1649 3537 1795 3568 Dominus
1816 3538 1881 3568 Rex
1900 3538 2034 3578 praecepit
2051 3538 2085 3567 &
2103 3536 2223 3574 injunxit
2239 3532 2422 3564 Auditoribus

1371 3577 1547 3612 memoratis,
1566 3576 1645 3613 quod
1657 3577 1754 3607 locum
1789 3578 1893 3608 riorem
1907 3575 2028 3607 adirent:
2049 3574 2088 3605 Et
2102 3597 2113 3612 ‚
2137 3572 2301 3605 convocatis
2322 3580 2422 3600 coram

1371 3617 1410 3645 eis
1422 3613 1559 3653 praedietis
1573 3614 1704 3645 Roberto
1716 3616 1749 3646 ὅ(
1778 3616 1908 3653 ohanne,
1925 3624 1990 3651 em,
2009 3613 2030 3645 si
2043 3612 2141 3643 dicere
2152 3611 2214 3649 plus
2227 3609 2332 3652 vellent
2346 3632 2356 3646 ‚
2372 3618 2422 3640 au—

1371 3654 1482 3690 dirent·,
1498 3652 1533 3683 &
1549 3653 1610 3690 jura
1625 3676 1635 3691 ,
1659 3654 1692 3684 &
1713 3655 1830 3685 rationes
1843 3677 1853 3692 ,
1875 3662 1908 3683 ac
1922 3651 2112 3690 responsiones
2122 3658 2222 3681 eorum
2234 3655 2424 3679 examinarent

1373 3701 1440 3723 cum
1455 3691 1564 3722 summai
1578 3691 1720 3731 diligentia
1733 3694 1766 3724 &
1782 3693 1926 3723 referrent.

1413 3765 1522 3810 Coram
1535 3768 1635 3805 quibus
1647 3768 1773 3806 praediffl
1786 3767 1932 3798 Robertus
1944 3767 1978 3798 &
1987 3766 2131 3805 Johannes
2143 3786 2154 3801 ‚
2178 3761 2354 3800 praesentibus
2367 3761 2426 3793 aliis

1376 3805 1548 3848 petentibuS‚
1566 3806 1724 3838 constituti:
1746 3806 1828 3838 Idem
1842 3805 1986 3837 Robertus
2004 3805 2041 3834 de
2060 3802 2128 3833 Brus
2141 3800 2176 3830 ad
2192 3810 2240 3838 ea,
2258 3810 2322 3844 qiiae
2336 3802 2365 3830 in
2379 3799 2426 3831 sust

298 3842 409 3911 εχίὲζιο
424 3843 498 3874 fusto
512 3846 587 3876 idem
602 3847 747 3877 Dominus
757 3847 840 3883 Rex,
858 3847 1034 3878 considerans
1046 3848 1080 3879 &
1100 3844 1246 3876 attendens
1267 3842 1346 3882 quod
1378 3845 1512 3881 petitione
1526 3844 1685 3889 praescript&
1697 3845 1915 3876 continebantur
1927 3848 1941 3881 ,“
1954 3842 2071 3884 adjecit,
2088 3838 2167 3877 quod
2179 3838 2306 3882 'quaestlo
2319 3862 2329 3876 ‚
2347 3837 2426 3875 super

387 3890 406 3909 o
424 3882 512 3911 modo
532 3885 716 3922 procedendi,
734 3886 842 3915 ratione
859 3885 1077 3924 difficultatum,
1094 3886 1124 3914 in
1141 3881 1273 3921 processu
1294 3882 1347 3912 hu-

1379 3882 1445 3921 Jure
1463 3882 1614 3921 Regnandi
1628 3908 1639 3922 ‚
1662 3884 1746 3915 habet
1767 3883 1908 3915 terminari
1928 3881 1963 3912 &
1980 3878 2099 3917 judicari
2113 3887 2163 3915 per
2173 3887 2215 3915 Jus
2230 3876 2429 3920 namraleiper

295 3918 419 3956 jusmodi
426 3919 622 3972 inventarum,
640 3933 744 3957 magna
757 3923 866 3967 dilatio.
878 3925 1039 3968 proveniret
1047 3947 1064 3968 ,Π
1076 3933 1136 3953 non
1155 3921 1221 3964 fine·
1234 3921 1347 3950 incom-
1381 3920 1458 3965 quod
1479 3921 1577 3959 Reges
1595 3923 1727 3960 regnant)
1750 3922 1784 3952 δε
1800 3930 1861 3951 non
1874 3929 1923 3965 per
1930 3918 2028 3961 ,legem
2043 3917 2076 3946 &
2089 3915 2342 3960 consuetudinem,
2359 3922 2430 3945 inter

300 3956 390 3986 modo
404 3957 436 3987 ὃ»
450 3966 527 3992 gravi
541 3960 664 3994 periculo
679 3961 777 3998 Regni
788 3961 894 3991 Scotiae
916 3962 1081 4000 supradieti:
1099 3960 1137 3993 Et
1156 3968 1290 3996 cupiens,
1307 3959 1349 3988 ob
1380 3959 1503 3990 subditos
1517 3960 1656 3992 usitatam:
1677 3970 1726 3998 per
1741 3959 1820 3998 quod
1831 3957 1950 4000 quidem
1959 3964 2004 3996 Jus
2015 3962 2172 3995 proximior
2186 3964 2217 3985 in
2227 3955 2359 3995 sangiune
2371 3950 2433 3983 col-

299 3993 375 4032 hoc,
393 3994 515 4025 eundem
536 3996 693 4028 abbreviare
711 3999 888 4038 processum,
906 4000 941 4031 ad
958 4001 1176 4034 maturationem
1187 3997 1222 4031 &
1237 3996 1350 4036 expedi*

1381 3998 1484 4030 laterali
1498 3999 1596 4031 melius
1605 4000 1652 4039 jus
1664 3998 1749 4033 hahet
1760 3995 1900 4037 regnandi·
2355 4026 2439 4059 Dicit

1434 2380 1466 2411 D
1487 2392 1551 2426 quse
1566 2382 1720 2412 terminum
1735 2382 1768 2413 ὃ(
1783 2381 2030 2420 Parleamentum,
2049 2390 2144 2419 anno,
2163 2380 2286 2419 scilicet,
2304 2379 2428 2412 Domini
2443 2383 2519 2415 Αηῃ,
2529 2384 2570 2417 D,

1446 2421 1480 2450 &
1508 2420 1586 2464 dieti·
1609 2420 1695 2460 Regis
1712 2420 1747 2450 E.
1767 2420 1935 2461 supradisto.
1970 2420 2082 2450 Omnes
2104 2419 2257 2450 Auditores
2300 2419 2428 2458 raediffl,
2466 2433 2550 2463 1292,

1365 2465 1424 2488 tam
1445 2457 1481 2502 de
1502 2458 1606 2499 Angli&
1620 2483 1629 2498 ,
1650 2460 1737 2497 quam
1757 2458 1793 2489 de
1811 2458 1908 2491 Scotifi
1924 2482 1934 2498 ,
1959 2459 1993 2490 &
2007 2460 2091 2490 etiam
2104 2458 2187 2489 multi
2200 2458 2246 2488 alii
2286 2458 2392 2496 piscopi
2407 2459 2424 2477 *
2441 2467 2556 2491 Conven-

1366 2495 1475 2527 Praelati
1489 2521 1498 2536 ,
1524 2497 1658 2529 Comites
1672 2522 1682 2537 ,
1698 2497 1819 2528 Barones
1833 2521 1843 2536 ,
1862 2498 2015 2536 Proceres,
2034 2497 2184 2535 Magnates
2200 2498 2233 2528 &
2246 2496 2373 2527 Nobiles
2388 2496 2425 2528 de
2439 2504 2475 2528 tio
2492 2510 2537 2534 1³.

1673 2547 1686 2566 r
1700 2537 1790 2574 ipsum
1804 2536 1970 2568 Dominum
1983 2535 2101 2575 Regem
2115 2536 2268 2574 specialiter
2279 2545 2424 2566 convoca·
2446 2549 2486 2575 ¹4-
2509 2535 2567 2568 ὸῐὲ.

1364 2583 1402 2611 ti,
1421 2583 1474 2612 pro
1494 2577 1615 2614 negotio
1645 2575 1792 2613 upradiCto
1810 2598 1820 2612 ,
1839 2583 1978 2606 venerunt
1998 2574 2072 2613 apud
2092 2574 2231 2614 Berewyk
2246 2573 2324 2614 super
2334 2574 2426 2605 Twe-
2442 2578 2570 2614 *Μή-8)..
