2570 4261
1 272 78 311 nnn,
92 277 131 308 D.

22 325 104 355 1253.

1 358 63 395 Hya.
83 364 110 391 3.

0 804 60 834 Ann
85 804 127 835 D.

16 829 100 882 125⁹}

0 885 45 909 dn.
64 892 108 918 37.

0 961 33 984 Ex
48 961 126 985 Tran-

0 995 60 1032 ‘c-rip.
76 1006 126 1023 au-

0 1033 72 1061 tium.

0 2167 114 2204 '1-494

0 2242 58 2273 Anti
84 2241 125 2271 D.

19 2289 70 2318 125
78 2290 101 2320 3.

0 2323 31 2347 rln
37 2341 42 2346 .
66 2330 77 2356 3
84 2329 95 2354 7
102 2340 110 2347 .

0 2362 25 2385 tl.
47 2367 72 2394 3.

0 2400 31 2423 Ex
46 2399 104 2423 Au-

0 2442 56 2472 mgr.

709 197 818 238 ET
901 165 1163 240 ACTA

150 280 291 313 Edwardo
307 290 370 314 ante
384 284 534 322 legitimam
549 290 660 314 aetatem
673 303 684 322 ,
706 283 757 313 nisi
775 283 811 313 de
825 283 928 315 assensu
947 285 980 315 δε
1002 285 1144 316 voluntate
1161 284 1205 315 di-

147 320 227 350 leistu:
242 322 364 361 Reginte
377 322 481 352 nostra:
496 321 644 352 Alianorae.

185 397 273 428 Teste
284 398 365 436 Rege
377 397 450 435 apud
465 396 621 428 Portesmu.
636 408 676 428 20
692 397 737 428 die
747 397 823 436 Julii.

908 438 961 466 Per
972 439 1076 474 Regem.

145 572 263 604 Littera
282 582 334 616 per
359 583 451 618 qnam
476 572 624 602 Dominus
646 574 728 616 Papa
754 575 991 604 excommunicat
1019 582 1114 603 omncs
1140 571 1203 602 illos

192 622 246 663 qni
262 630 368 664 pacem
389 621 514 652 Domini
538 621 625 665 Regis
646 621 761 664 Alzgliae
778 618 954 664 perturbant
969 646 979 661 ,
1008 629 1061 652 aut
1082 628 1203 664 pertur-

189 664 261 698 bare
273 669 453 714 praefhmunt
464 664 616 712 pqslquam
635 669 783 700 Dominus
798 670 863 700 Rex
882 671 938 700 iter
955 671 1115 714 arripuerit
1133 679 1203 699 vcr-

185 715 241 760 fhs
257 717 386 748 Terram
407 715 559 748 Santram.

144 797 364 859 INnocentius
383 799 553 839 Episcopus,
570 799 660 830 servus
683 800 826 830 servorum
845 800 918 836 Dei,
938 801 1097 832 Venerabili
1115 800 1202 830 Fratri

182 836 298 868 Bathon.
321 839 354 869 ὃς
370 838 494 868 Wellen.
514 838 673 876 Episcopo,
691 840 725 869 ὃς
743 838 849 869 &lenito
870 839 928 869 filio
948 838 1070 870 Decano
1084 838 1201 877 Burdeg.

144 874 257 906 salutem
269 877 302 907 &
319 876 514 914 Apostolicam
529 877 777 907 benedictionem:
1073 885 1075 888 ’

190 913 269 944 Cum
291 915 442 945 carissimus
462 916 491 944 in
514 913 632 944 Christo
655 914 723 945 filius
744 916 838 945 noster
857 916 922 946 Rex
947 915 1056 955 Anglize
1075 914 1201 952 illustris,

146 953 236 982 crucis
251 953 390 993 assumpto
404 953 560 992 signaculo,
578 953 611 983 ad
623 954 853 984 transfretandum
867 957 894 984 in
903 955 1001 984 Terrae
1017 954 1124 983 Sanc'lzae
1139 953 1201 982 sub-

145 991 243 1021 sidium
258 1000 386 1028 potenter
402 1002 433 1022 ac
449 992 561 1022 viriliter
574 991 600 1022 se
614 994 743 1030 accingat
759 1016 768 1031 ,
792 993 936 1030 personam
951 993 1031 1030 ipsius
1047 992 1079 1022 &
1098 1000 1201 1021 terram

143 1038 196 1059 nos
207 1031 343 1061 convenit
356 1040 391 1060 eo
404 1031 530 1070 attentius
546 1030 717 1069 Apostolicae
732 1032 914 1069 proreffioiiis
926 1029 1056 1069 praesidio
1069 1039 1202 1059 commu-

142 1067 201 1096 nire
216 1091 225 1104 ,
249 1078 307 1106 quo
328 1068 452 1100 eundem
473 1069 584 1108 Regem
600 1069 723 1099 Ecclesia
740 1070 872 1100 Romana
894 1070 997 1099 sincera
1017 1069 1046 1098 in
1066 1067 1200 1097 Domino

139 1105 292 1137 affectione
305 1108 505 1146 compleffltur
520 1131 529 1145 ,
552 1109 584 1138 ὅ(
602 1109 674 1137 inter
688 1117 805 1138 caeteros
819 1108 894 1140 orbis
908 1106 1075 1140 Catholicos
1089 1105 1200 1136 Princi-

139 1154 188 1181 pes
204 1145 270 1175 Deo
283 1156 316 1176 ac
333 1147 383 1176 sibi
399 1147 439 1177 est
454 1154 564 1183 experta
579 1146 773 1176 devotionern.

175 1183 227 1214 Ne
241 1185 324 1224 igitur
339 1194 395 1214 tam
416 1186 493 1224 pium
516 1194 615 1215 vorum
626 1207 635 1222 ,
654 1194 764 1222 tamque
780 1182 913 1213 laudabile
928 1183 1009 1222 ipsius
1060 1183 1116 1221 egis
1133 1192 1200 1221 pro-

138 1222 258 1258 positum
272 1232 321 1261 pei·
335 1223 494 1261 aliquorum
510 1222 683 1253 insolentiam
705 1223 834 1260 impediri
854 1223 999 1261 contingat
1010 1244 1019 1259 ,
1038 1221 1199 1251 discretioni

138 1259 238 1291 vestrae
253 1271 303 1299 per
318 1261 485 1300 Apostolica
502 1262 613 1298 Scripta
627 1261 791 1291 mandamus
803 1261 931 1299 quatinus
945 1269 1043 1290 omnes
1057 1259 1133 1297 illos,
1150 1261 1198 1297 qui

137 1301 330 1337 conjundiim,
350 1300 395 1330 vel
409 1301 521 1330 divisim
536 1299 681 1336 praefatum
695 1298 824 1337 Regem,
842 1307 888 1328 aut
904 1306 1006 1328 terram
1021 1298 1142 1335 ejusdem
1156 1299 1200 1327 in-

138 1337 252 1376 vadere,
269 1339 313 1370 vel
328 1340 488 1376 perturbare
503 1346 680 1375 quacumque
701 1337 856 1367 temeritate
878 1336 1115 1374 przesumpserint,
1135 1345 1199 1366 mo-

138 1377 246 1406 nitione
259 1377 395 1415 praemissa
404 1399 413 1414 ,
432 1385 480 1413 per
493 1376 792 1405 excommunicationis
804 1375 833 1403 in
846 1374 990 1413 personas,
1008 1375 1041 1405 &
1054 1383 1136 1404 terras
1148 1384 1199 1404 eo-

138 1425 202 1444 rum
217 1415 355 1445 interdicti
370 1414 533 1451 sententias,
552 1414 567 1443 a
589 1415 798 1452 perturbatione
811 1413 844 1443 &
863 1414 1005 1443 invasione
1027 1412 1200 1451 hujusmodi,

140 1453 326 1491 appellatione
341 1452 494 1492 postposita
507 1474 517 1489 ,
535 1452 740 1490 compescatis,
757 1452 888 1482 facientes
902 1452 963 1481 illos
976 1476 986 1486 ,
1011 1451 1039 1481 in
1059 1461 1130 1490 quos
1148 1452 1201 1482 hu-

134 1491 255 1529 jusmodi
268 1491 412 1521 sententias
425 1490 555 1530 tuleritiS,
565 1490 633 1520 sicut
647 1491 810 1529 protervitas
825 1500 924 1520 eorum
941 1490 1202 1529 exegerit,excom-

138 1531 295 1560 municatos
307 1552 316 1568 ,
334 1530 383 1559 ubi
405 1529 535 1569 expedire
553 1529 674 1560 videritis
689 1551 699 1569 ,
725 1529 902 1569 solempniter
915 1552 925 1568 ,
950 1528 1037 1568 usque
1051 1528 1086 1558 ad
1099 1528 1201 1558 satisfa-

136 1568 264 1598 ctionem
279 1577 434 1607 congruam
441 1590 451 1606 ,
468 1568 593 1597 nunciati
601 1590 612 1606 ,

175 1606 253 1636 Non
266 1606 397 1636 obstante
411 1607 429 1636 si
451 1606 586 1645 aliquibus
599 1616 615 1636 a
628 1605 701 1636 Sede
714 1604 879 1643 Apostolica
893 1606 923 1636 fit
936 1605 1077 1636 indultum
1090 1628 1100 1642 ,
1125 1604 1201 1643 quod

136 1645 398 1682 excommunicari,
417 1644 462 1674 vel
478 1654 578 1674 eorum
601 1653 682 1674 terrae
702 1644 820 1683 supponi
836 1644 1031 1675 Ecclesiastico
1048 1644 1201 1674 interdicito

137 1693 198 1714 non
214 1683 336 1721 possint,
354 1682 457 1721 absque
470 1683 550 1720 ipsius
565 1682 634 1713 sedis
647 1682 757 1723 speciali
773 1683 907 1713 mandato
921 1706 931 1721 ,
954 1683 1073 1713 faciente
1089 1683 1199 1720 plenam

139 1723 174 1753 &
190 1722 341 1761 expreffiim
350 1745 359 1759 ,
377 1732 410 1752 ac
424 1722 460 1752 de
473 1721 564 1751 verbo
577 1721 613 1751 ad
624 1721 743 1752 verbum
757 1721 792 1751 de
806 1722 914 1752 indulto
926 1720 1083 1760 hujusmodi
1097 1722 1130 1752 &
1144 1721 1202 1759 ejus

134 1761 307 1791 continentia
321 1761 509 1797 mentionem,
519 1760 563 1790 seu
577 1760 700 1798 qualibet
714 1760 763 1791 alia
779 1761 947 1799 indulgentia
960 1759 1046 1790 dietae
1057 1759 1125 1790 sedis
1138 1760 1201 1799 qui-

134 1799 324 1837 buscumque,
353 1799 403 1829 sub
415 1808 596 1838 quacumque
608 1799 699 1829 forma
722 1800 891 1837 verborum,
911 1798 1056 1836 concessa,
1073 1808 1121 1836 per
1154 1808 1201 1828 uas

135 1839 273 1868 attributae
291 1839 373 1868 vobis
381 1837 584 1875 jurisdictionis
598 1838 747 1875 explicatio
761 1838 789 1867 in
806 1837 858 1868 hac
874 1846 950 1876 parte
963 1837 1049 1868 valeat
1062 1837 1139 1873 impe
1159 1837 1199 1866 iri.

173 1875 281 1915 Qiod,
302 1876 320 1906 si
337 1886 395 1906 nori
410 1877 499 1905 ambo
515 1875 558 1905 his
573 1877 741 1914 exequendis
754 1876 899 1915 potueritis
912 1875 1057 1914 interesse,
1073 1875 1139 1905 alter
1154 1884 1202 1906 ve-

135 1913 225 1945 strum
242 1925 273 1945 ea
288 1914 490 1945 nichilominus
505 1922 662 1954 exequatur,

157 1989 242 2033 *Dan
257 1990 366 2029 Affitii,
382 1992 466 2022 tertio
483 1990 547 2022 Kal.
562 1991 698 2031 Augusti,
717 1990 902 2036 Pontificatus
920 1990 1008 2022 nostri
1022 2000 1098 2022 anno
1112 1988 1200 2021 unde-

135 2039 226 2058 CHRO-

256 2153 277 2172 ²*
305 2154 394 2185 Bulla
410 2152 446 2186 de
464 2154 645 2187 Protet‘lione
660 2165 714 2200 pro
734 2157 809 2201 Rege
822 2181 831 2197 ‚
858 2157 971 2201 Regina
984 2182 993 2198 ‚
1019 2158 1082 2193 &a

143 2238 356 2296 INno'centiiis
369 2237 545 2279 Episcopus,
560 2235 650 2269 servus
666 2239 808 2270 servorum
827 2239 885 2270 Dei
898 2263 908 2278 ,
933 2239 1135 2277 venerabilibus
1150 2236 1202 2267 sra-

177 2277 263 2307 ttibus
368 2277 559 2308 cantuariensi
572 2279 605 2309 δε
678 2277 845 2309 Eboracensi
863 2278 1084 2317 Arcliiepiscopis
1103 2278 1135 2307 &
1152 2276 1203 2306 Bi-

140 2315 221 2345 thon.
236 2317 269 2347 &
280 2315 585 2356 Wellen.--Episc0po,
603 2316 735 2355 salutem,
754 2317 788 2348 ὃς
807 2317 1006 2356 Apostolicam
1029 2316 1203 2347 benedictio-

139 2363 215 2385 nem.

178 2391 256 2422 Cum
272 2392 305 2421 ad
322 2393 438 2423 archana
452 2393 573 2430 peitoris
586 2392 688 2423 faciem
706 2394 808 2423 mentis
822 2395 1032 2432 convertimus,
1048 2395 1119 2424 inter
1135 2392 1204 2430 alia,

141 2440 205 2470 quae
219 2432 254 2461 de
268 2429 374 2461 Christi
389 2431 532 2469 fidelibus,
546 2431 596 2460 sub
612 2431 766 2462 diversitate
779 2441 939 2470 temporum
976 2434 1103 2471 eligimus
1121 2440 1203 2461 com-

140 2468 298 2499 mendanda
311 2470 479 2507 memoriae,
494 2469 670 2504 immaculata
681 2469 811 2500 carissimi
824 2472 853 2499 in
867 2456 982 2501 Chiiiio
997 2471 1044 2501 filii
1058 2470 1144 2501 nostri

139 2506 249 2538 illustris
261 2506 307 2537 Re
328 2508 349 2536 is
365 2508 479 2546 Angliae
493 2507 711 2546 progenitorum
726 2508 792 2538 fides
810 2510 844 2539 &
865 2509 967 2539 fincera
987 2510 1103 2540 devotio
1122 2507 1204 2537 nobis

141 2555 296 2576 occurrunt
329 2547 399 2584 ignis
420 2545 545 2576 laudibus
562 2546 714 2583 specialiter
730 2546 895 2585 recolenda,
915 2548 948 2577 &
969 2548 1118 2587 praesertim
1132 2556 1202 2576 curn

141 2583 374 2624 Progenitoribus
388 2584 466 2621 ipsis,
488 2594 548 2614 non
567 2585 656 2614 solum
672 2585 841 2616 derivatione
859 2587 1010 2624 sanguinis,
1027 2585 1072 2620 sed
1092 2585 1201 2615 illarum

141 2623 343 2662 propagatione
356 2621 508 2652 succedens
521 2647 530 2660 ,
555 2632 597 2653 eov
611 2622 733 2654 crebrius
752 2625 781 2654 in
800 2624 881 2654 nobis
896 2610 1010 2654 issoi-'um
1034 2624 1201 2654 memoriam

141 2661 253 2730 refriscet
267 2683 277 2699 ,
301 2671 359 2699 quo
373 2661 542 2691 eorumdem
563 2661 708 2702 imitando>
721 2662 836 2702 vestigia
850 2686 859 2702 ,
885 2662 956 2701 ipsos
975 2663 1144 2701 frequentius
1161 2671 1203 2691 re-

162 2709 200 2729 rae
212 2707 294 2730 entat.

140 2709 161 2737 p
180 2738 234 2769 Sua
249 2746 362 2776 quoque
383 2737 511 2768 serenitas
525 2761 534 2776 ,
557 2738 594 2768 sic
615 2738 720 2777 semper
735 2762 746 2777 ,
770 2740 844 2770 circa
859 2738 1032 2778 Ecclesiam,
1050 2739 1202 2770 affeffione

139 2776 209 2815 pura
223 2778 255 2808 &
268 2776 435 2806 inconcussa
447 2776 605 2818 coristantia
619 2778 731 2815 claruit,
747 2785 778 2808 ut
789 2800 799 2816 ,
824 2778 876 2808 suis
894 2778 1049 2818 obsequiis,
1066 2785 1203 2816 opportu-

141 2816 230 2845 nitatis
243 2823 390 2853 tempore,
407 2815 434 2844 fe
447 2816 568 2845 ofl-erens
580 2825 750 2853 reverenter,
768 2815 909 2846 honorem
925 2819 981 2855 ejus
999 2818 1071 2847 inter
1084 2825 1200 2847 caeteros

141 2854 218 2884 orbis
235 2853 381 2892 Principes
394 2853 531 2883 ferventer
544 2854 675 2893 obtavit3
699 2864 823 2894 eumque
840 2854 992 2894 studuerit,
1007 2865 1040 2886 ex
1058 2855 1203 2895 proposito

143 2892 236 2923 adhoc
249 2892 303 2921 suae
317 2893 451 2928 potentiae
464 2892 594 2930 brachio,
611 2891 744 2923 indefessa
755 2893 937 2924 sollicitudine
950 2903 1113 2933 procurare:

182 2930 280 2969 Digne
294 2930 388 2966 itaque
400 2952 410 2967 ,
435 2931 488 2960 suis
503 2930 702 2970 distorumque
718 2931 936 2971 Progenitorum
952 2933 1124 2972 exigentibus
1140 2942 1203 2962 me-

144 2969 219 3012 ritis,
237 2968 372 2999 Romana
385 2967 508 2998 Ecclesia
521 2969 627 3008 ipsum,
644 2978 729 3000 tantae
747 2971 905 3000 devotionis
923 2971 1006 3001 titulo
1021 2971 1200 3011 insignitum,

144 3015 215 3036 inter
235 3005 353 3048 claustra
371 3006 462 3038 cordis
482 3006 633 3045 affefflone
654 3010 794 3047 praecipua
812 3009 950 3047 bajulans,
968 3010 1086 3040 &infra
1100 3010 1203 3039 mentis

144 3046 230 3074 ubera
249 3043 368 3074 braehus
394 3044 554 3075 sinceritatis
571 3046 721 3085 astringens
735 3070 744 3086 ,
769 3047 818 3077 illo
834 3048 910 3078 suam
930 3047 1086 3088 privilegiat
1104 3057 1202 3078 amore

142 3082 307 3120 personam,
324 3090 355 3112 ut
373 3091 435 3112 earn
459 3084 530 3113 inter
546 3083 640 3123 Reges
658 3086 725 3115 alios
742 3086 843 3118 favoris
860 3086 895 3117 &
908 3088 1004 3125 gratiae
1024 3086 1203 3126 prerogativfi.

146 3120 243 3150 efferat
257 3120 387 3159 specialis.

184 3158 264 3202 Cum
278 3159 362 3195 igitur
375 3181 384 3196 ,
406 3160 435 3190 in
454 3159 610 3190 succursum
629 3160 727 3192 Tei-rae
745 3162 848 3194 sanfftae
862 3186 872 3202 ,
892 3168 979 3203 quam'
990 3165 1021 3194 in
1035 3171 1202 3202 contemptu

147 3196 274 3233 Christi,
293 3197 326 3227 &
339 3196 462 3228 fidelium
476 3199 533 3236 ejus
546 3199 728 3237 opprobrium
739 3211 909 3243 occupatam
923 3203 1051 3233 detinent
1065 3202 1202 3243 Agareni,

147 3234 223 3265 velut
240 3234 310 3264 fidus
328 3235 362 3265 ad
384 3235 447 3266 loca
468 3236 556 3274 fidei,
581 3238 614 3267 &
629 3238 741 3268 ultionis
755 3240 915 3278 injuriarum
937 3241 1059 3272 Domini
1073 3242 1203 3280 anexius,

148 3284 217 3304 curn
233 3273 393 3303 honorabili
405 3275 647 3305 commilitionum
662 3279 782 3308 exercitu
795 3301 805 3317 ,
826 3281 916 3310 crucis
925 3281 983 3319 jam
996 3279 1136 3320 assumpto
1150 3280 1203 3319 sig-

148 3312 251 3343 naculo
258 3334 267 3349 ,
286 3312 458 3343 transfretare
472 3321 627 3352 proponat3

185 3351 269 3388 Nos,
287 3349 366 3394 suurn
380 3358 438 3394 tam
453 3350 586 3382 laudabile
606 3353 779 3390 propositum
794 3356 1041 3395 commendantes,
1058 3366 1092 3387 ac
1104 3356 1205 3387 volem-

150 3396 190 3419 tes
205 3388 377 3426 Apostolicis
390 3389 439 3419 sibi
451 3389 540 3419 adesse
554 3390 696 3420 favoribus
711 3393 739 3420 in
751 3392 803 3423 hac
817 3405 907 3432 parte,
924 3395 998 3425 suam
1013 3397 1045 3426 &
1059 3394 1204 3426 cariffimae

150 3428 180 3457 in
203 3426 324 3457 Christo
342 3426 406 3457 filia:
427 3426 530 3457 nostrae
551 3427 692 3458 Alienorae
713 3429 795 3469 Angl.
821 3432 942 3472 Regin-x
959 3434 1066 3467 illustris
1089 3435 1181 3464 uxoris
1195 3457 1204 3472 ,

150 3475 265 3496 necnon
288 3465 422 3496 Edwardi
439 3467 616 3508 primogeniti
638 3467 670 3497 ὃ(
687 3466 799 3499 haeredis
811 3492 821 3508 ,
853 3481 886 3502 ac
912 3472 1031 3503 aliorum
1051 3473 1203 3503 liberorum

150 3504 262 3534 suorum
282 3504 409 3546 personas
424 3527 434 3541 ,
456 3504 652 3548 cumiatniliis
666 3528 676 3543 ,
700 3506 734 3537 ὃς
757 3507 863 3547 Regno
882 3509 993 3549 Angliae
1008 3534 1017 3550 ³
1040 3511 1204 3549 Hybesnjsl,

152 3542 449 3581 Waiiia‚·Waic0ni-21
462 3543 496 3573 &
507 3543 563 3572 aliis
573 3544 664 3579 terris,
682 3545 893 3582 possessionibus
924 3550 1029 3587 juribus
1041 3574 1050 3588 ,
1074 3550 1205 3580 libertati-

152 3581 218 3620 bus,
238 3581 443 3613 rationabilibus
456 3580 715 3620 consuetudinibus,
731 3585 765 3614 &
777 3587 883 3616 caeteris
916 3589 976 3618 onis
987 3589 1038 3619 suis
1073 3598 1135 3627 quae
1150 3588 1204 3617 im-

152 3619 572 3658 praesentiarumrationabiliter
586 3618 703 3658 poffidet
719 3641 728 3657 ,
750 3630 796 3652 aut
808 3624 838 3653 in
857 3625 982 3656 futurum
1001 3612 1078 3665 jussis
1097 3627 1204 3663 modis,

152 3658 300 3694 praestante
315 3658 464 3696 Domino,
483 3659 584 3696 poterit
598 3657 724 3697 adipisci,
743 3659 793 3690 sub
809 3662 882 3693 beati
896 3662 971 3695 Petri
984 3666 1017 3696 ὅ(
1030 3665 1124 3696 nostrii
1138 3674 1205 3703 pro-

153 3696 278 3727 tefflone
292 3696 420 3727 duximus
436 3696 630 3728 admittendos.

190 3734 338 3773 Quocirca
358 3735 518 3765 fraternitati
540 3734 640 3766 vestrae
658 3744 707 3773 per
724 3734 885 3768 Aiostolica
905 3739 1003 3780 scripta
1024 3743 1186 3775 mandamus

151 3774 279 3838 puatini‘is
297 3773 386 3804 ditf'tos
408 3774 539 3812 Regem,
559 3774 703 3813 Reginam
717 3795 727 3812 ,
749 3746 920 3807 {dwardum
936 3802 946 3817 ,
970 3782 1003 3810 ὃς
1020 3782 1085 3812 aiios
1103 3768 1204 3813 libero}

163 3819 212 3853 uos
233 3822 292 3842 non
316 3813 480 3851 permittatis
500 3820 598 3842 contra
617 3812 799 3852 protestioniS
819 3814 923 3846 nostrae
945 3825 1073 3850 tenorem
1127 3821 1205 3859 super

153 3846 223 3886 hus,
238 3850 273 3880 ab
285 3850 420 3888 aliquibus
436 3850 559 3881 indebite
575 3850 730 3880 molestari:
1089 3843 1099 3859 ²

190 3885 387 3919 Molestatores
399 3889 557 3927 hujusmodi
574 3899 622 3928 pet
635 3889 777 3920 censuram
789 3888 1025 3934 Ecclesiasticam‚
1043 3897 1204 3936 appellatio-

153 3932 189 3956 ne
204 3925 369 3965 postposita,
386 3927 603 3967 compescendo.

188 3960 265 4006 Nori
275 3963 402 3995 obstante
415 3965 436 3996 si
449 3966 568 4002 personis
583 3966 717 4005 aliquibus
729 3977 744 3997 a
758 3966 820 3997 sede
827 3966 988 4005 Apostolioa
1001 3971 1033 4002 fit
1047 3972 1186 4004 indultum

151 3999 229 4038 quod
245 4001 392 4045 interdici,
408 4003 550 4042 suspendi,
568 4005 611 4034 vel
625 4006 867 4035 excommunicari
882 4016 940 4037 non
955 4008 1076 4048 possint,
1095 4020 1143 4050 per
1159 3997 1209 4043 lit³

153 4038 430 4080 ierasAppstoiicas,
448 4043 558 4081 plenam
575 4044 608 4075 ὃς
623 4043 792 4083 expressam,
809 4053 842 4075 ac
854 4043 891 4076 de
903 4047 991 4078 verbo
1009 4047 1047 4078 ad·
1065 4050 1205 4088 verbum,

1242 196 1710 243 PUBLICA.
2202 213 2281 255 175

1242 291 1302 312 non
1317 282 1448 313 facientes
1462 284 1498 313 de
1514 286 1622 316 indulto
1643 286 1800 324 hujusmodi
1820 290 1994 319 mentionem
2007 290 2018 326 ‘·,
2041 286 2074 319 ὃς
2092 283 2293 319 constitutione
2309 283 2385 315 Ann.
2400 279 2440 315 D.

1239 319 1274 350 de
1289 320 1394 352 duabus
1407 322 1485 352 dietis
1497 324 1568 354 edita
1584 325 1611 353 in
1627 324 1762 355 Concilio
1779 328 1906 362 generali.

1277 358 1369 404 qud
1383 383 1393 398 ,
1417 360 1517 403 sinon
1536 371 1632 391 omnev
1654 362 1703 392 liii:
1725 365 1891 402 exequendis
1913 365 2056 403 potueritis
2070 363 2215 402 interesse,
2234 362 2292 394 duo

1239 396 1365 427 vestrum
1380 408 1411 428 ea
1425 398 1624 429 nichilominus
1638 410 1814 439 exequantur.

1273 480 1341 511 Dat.
1357 480 1454 519 Asisii,
1470 481 1554 512 Non.
1568 482 1644 523 Sept.
1660 482 1846 515 Pontificati'is
1860 485 1947 534 nostri
1961 493 2037 516 anno
2049 484 2213 516 undecimo.

1888 560 1942 589 Sub
1955 560 2008 600 filo
2025 561 2131 592 canabi.

1576 700 1666 733 Bulla
1683 699 1719 732 de
1736 698 1962 743 Provisionibus.

1237 786 1458 848 INnocentius
1473 791 1649 834 Episcopus,
1674 791 1765 822 servus
1784 792 1925 823 servorum
1947 791 2029 831 Dei,
2046 793 2197 823 venerabili
2218 793 2292 824 fratri
2312 790 2387 821 Anii.
2401 784 2443 819 D.

1276 827 1437 867 Episcopo,
1454 831 1486 859 ὅ(
1502 831 1611 861 dileffls
1631 830 1693 860 siliis
1714 830 1845 870 Capitulo
1860 830 1991 861 Roffensi
2006 854 2014 867 ,
2043 840 2075 860 ac
2097 831 2219 862 Praelatis
2236 831 2293 862 Ec-

2333 327 2416 361 3233⁸

2314 366 2376 390 Hm.
2398 371 2422 399 3i

2338 837 2420 867 1253.

1235 864 1395 904 cleiiaruin,
1414 869 1446 898 &
1462 868 1606 906 Patronis,
1622 868 1712 899 Cleris
1727 869 1771 898 seu
1788 868 1879 898 Laicis
1895 891 1904 906 ,
1927 878 1975 908 per
1989 869 2118 898 Roffens.
2139 869 2293 900 Civitatem
2311 872 2362 894 An.
2382 869 2425 902 38„

1234 902 1266 931 &c
1281 902 1397 934 Dioces.
1415 906 1590 946 constitutis,
1607 907 1720 936 salutem
1735 908 1768 937 &
1783 906 1979 944 Apostolicam
1995 907 2234 938 benedictionem.

2313 910 2345 932 H.
2368 915 2392 940 3.

1272 940 1388 972 Editum
1401 953 1416 973 a
1430 944 1510 974 nobis
1523 945 1558 975 de
1573 954 1653 975 novo
1668 944 1813 981 statutum,
1831 945 1866 975 de
1882 945 1971 974 verbo
1992 945 2026 975 ad
2041 946 2158 976 verbum
2174 946 2292 985 praesen-
2311 947 2349 970 Ex
2368 944 2425 969 Aa*

1234 978 1306 1008 tibus
1319 980 1440 1012 fecimus
1453 984 1595 1020 annotari,
1614 983 1690 1021 cujus
1705 991 1785 1012 tenor
1798 983 1856 1012 talis
1870 983 1928 1020 est,

1273 1054 1455 1086 Innocentius
1467 1055 1620 1096 Episcopus
1633 1080 1642 1095 ,
1661 1057 1752 1087 servus
1774 1058 1917 1088 servorum
1934 1058 2008 1095 Dei,
2027 1059 2229 1089 venerabilibus
2242 1059 2295 1090 fta·-

1233 1094 1319 1124 tribus
1333 1094 1559 1133 Archiepiscopis
1574 1118 1583 1133 ,
1608 1096 1642 1125 &
1657 1095 1800 1134 Episcopis
1813 1119 1823 1134 ,
1847 1106 1879 1126 ac
1895 1095 2002 1126 dilectis
2023 1097 2082 1126 filiis
2095 1120 2104 1135 ,
2122 1098 2294 1135 Abbatibus,

1234 1131 1392 1170 Prioribus,
1412 1132 1585 1173 Praepofitis,
1604 1133 1727 1163 Decanis
1740 1157 1749 1172 ,
1774 1134 2003 1171 Archidiaconis,
2022 1135 2293 1174 Archipresbyteris,

1233 1171 1267 1201 &
1279 1171 1333 1200 aliis
1350 1170 1534 1201 Ecclesiarum
1555 1171 1677 1202 Praelatis
1688 1196 1697 1211 ,
1714 1181 1865 1209 earumque
1883 1171 2019 1211 Capitulis
2033 1195 2042 1209 ,
2065 1174 2097 1202 ὅ(
2114 1172 2292 1204 Conventio-

1233 1209 1332 1248 nibus,
1349 1210 1394 1239 seu
1410 1208 1561 1249 Collegiis,
1577 1210 1595 1229 ²*
1611 1213 1669 1240 tam
1683 1211 1834 1248 exemptis,
1852 1210 1937 1247 quam
1952 1219 2012 1240 non
2027 1212 2178 1249 exemptis,
2193 1222 2225 1242 ac
2240 1211 2293 1242 Pa-

1234 1248 1338 1286 tronis,
1358 1247 1494 1286 Clericis‘,
1512 1247 1556 1278 seu
1570 1248 1661 1278 Laicis
1675 1271 1685 1286 ,
1710 1249 1853 1287 praesentes
1866 1249 1966 1277 litteras
1985 1247 2163 1286 inspecturis,
2181 1249 2293 1280 salutem

1236 1286 1266 1316 &
1282 1286 1475 1323 Apostolicam
1490 1286 1727 1317 benedictionem.
1985 1309 1987 1311 -

1270 1322 1423 1364 Postquam
1438 1325 1565 1364 regimini
1581 1324 1711 1363 generalis
1728 1324 1860 1355 Ecclesiae
1882 1334 1934 1354 nos
1947 1347 1957 1360 ,
1981 1324 2046 1355 licet
2062 1325 2236 1363 immeritos,
2253 1325 2295 1356 di-

1232 1362 1296 1392 vina
1310 1363 1396 1400 pietas
1409 1363 1501 1393 voluit
1513 1363 1674 1402 praesidere,
1690 1364 1771 1394 cordi
1787 1363 1893 1402 semper
1907 1363 2054 1392 habuimus
2073 1363 2151 1400 quod
2165 1364 2294 1394 honesta-

1233 1409 1291 1431 tem
1306 1402 1339 1431 &
1352 1401 1481 1431 ordinem
1494 1402 1524 1432 in
1537 1403 1669 1432 omnibus
1683 1401 1865 1439 servaremus,
1882 1411 1914 1432 ac
1932 1402 1961 1431 in
1976 1401 2179 1442 provisionibus
2189 1403 2296 1432 facien-

1234 1439 1275 1468 dis
1288 1439 1453 1470 haberemus
1466 1439 1536 1470 illius
1558 1440 1741 1477 providentiae
1757 1440 1877 1470 modum
1890 1462 1900 1478 ,
1926 1448 1974 1479 per
1994 1450 2078 1478 quem
2093 1439 2241 1478 Ecclesiis,
2260 1442 2294 1472 ὃς·

1235 1476 1430 1516 Monasterfis,
1449 1479 1503 1509 sive
1515 1478 1571 1508 aliis
1585 1479 1634 1516 piis
1648 1479 1716 1509 locis
1731 1479 1824 1509 honor
1840 1479 1873 1508 ὃς
1887 1478 2076 1508 commodum
2091 1480 2257 1518 proveniret.

1273 1516 1364 1555 Qod
1377 1525 1470 1547 autern
1485 1517 1617 1557 quicquid
1631 1519 1801 1548 contrarium
1815 1515 1942 1547 accidisse
1955 1516 2195 1555 dinoscitur,tum
2210 1527 2296 1557 prop⁴

1234 1561 1276 1584 ter
1291 1555 1423 1585 malitiam
1438 1564 1599 1595 temporum
1612 1578 1621 1593 ,
1648 1564 1710 1586 tum
1725 1564 1838 1596 propter
1858 1555 2066 1594 improbitatem
2086 1557 2207 1586 nimiam
2224 1555 2296 1596 peti-

1234 1601 1346 1632 torum,
1364 1594 1435 1634 saepe
1449 1595 1530 1625 nobis
1543 1594 1673 1625 dolorem
1690 1595 1781 1625 intulit
1791 1618 1799 1632 ‚
1815 1595 1848 1625 ὅ(
1864 1593 2057 1634 cordibnostro
2076 1593 2182 1635 suspiria
2196 1604 2299 1625 cumu-

1234 1631 1320 1670 lavit,
1345 1633 1466 1663 maxime
1480 1642 1547 1663 cum
1564 1632 1628 1671 post
1649 1633 1736 1663 multa
1758 1631 1873 1672 diffiigia
1888 1655 1898 1671 ,
1922 1632 1955 1663 &
1975 1633 2140 1672 excogitatae
2158 1632 2297 1664 dilationis

1235 1669 1359 1700 studium
1372 1694 1382 1710 ,
1408 1672 1580 1709 provisiones
1597 1671 1725 1711 quasdam
1743 1671 1853 1710 prorsus
1871 1671 1952 1701 inviti
1965 1670 2136 1710 fecerimus,
2157 1681 2223 1712 quas
2243 1682 2297 1710 po*

1234 1709 1314 1739 tuisse
1329 1710 1415 1740 vitare
1429 1719 1481 1749 pro
1496 1719 1600 1749 magno
1617 1710 1649 1741 δε
1663 1709 1800 1750 solempni
1814 1710 1916 1747 gaudio
1929 1709 2100 1740 duceremus.

1272 1746 1352 1778 Cum
1367 1749 1459 1786 itaque
1473 1748 1580 1780 dudum
1597 1756 1694 1779 mente
1710 1749 1807 1788 vigiles
1820 1772 1830 1788 ,
1855 1757 1884 1778 ut
1899 1748 1977 1788 super
1992 1747 2043 1778 hiis
2057 1748 2188 1779 adhibere
2201 1746 2295 1787 posse-

1235 1795 1297 1816 mus
1312 1787 1470 1817 remedium
1483 1797 1502 1816 o
1524 1795 1655 1817 ortunum
1664 1810 1674 1825 ,
1691 1797 1742 1818 nos
1755 1796 1808 1825 pro
1828 1787 1919 1827 quiete
1934 1787 2035 1817 mentis
2055 1786 2176 1826 nostrae,
2195 1797 2226 1818 ac
2241 1797 2296 1825 pro

1236 1823 1421 1855 Ecclesiarum
1436 1848 1445 1864 ,
1508 1824 1710 1855 onasteriorum
1726 1849 1735 1864 ,
1765 1826 1798 1857 &
1821 1826 1949 1855 locorum
1969 1824 2171 1864 praedicitorum
2195 1826 2300 1866 salute,

1235 1861 1364 1893 duximus
1382 1863 1560 1894 statuendum
1570 1887 1579 1901 ,
1598 1864 1675 1902 quod
1691 1864 1791 1902 singuli
1806 1863 1933 1894 vestrum
1940 1862 2100 1894 canonicas
2116 1864 2149 1894 ὅς
2162 1863 2297 1894 Praeben-

1235 1901 1281 1931 das
1296 1924 1305 1939 ,
1331 1911 1363 1931 ac
1379 1901 1513 1932 beneficia
1531 1902 1574 1932 seu
1592 1902 1747 1940 personatus
1762 1926 1772 1941 ,
1797 1903 1829 1933 ὃ(
1844 1902 1991 1941 dignitates
2012 1911 2079 1932 cum
2096 1901 2162 1932 cur-21
2183 1902 2226 1933 vel
2243 1903 2298 1934 sine

1236 1940 1317 1976 cura,
1339 1940 1458 1970 redditus
1471 1942 1556 1971 etiam
1573 1941 1605 1971 ὃς
1621 1941 1764 1978 pensiones
1786 1941 1820 1971 ad
1835 1941 2033 1977 collationem,
2051 1948 2098 1970 aut
2110 1940 2280 1971 elefflonem
2290 1965 2300 1981 ‚

1237 1977 1282 2008 seu
1297 1979 1537 2016 praesentationem
1558 1979 1682 2009 nostram
1696 1979 1844 2017 spestantia
1859 2002 1868 2017 ,
1895 1988 1959 2017 quae
1973 1979 2138 2009 obtinentur
2156 1989 2171 2008 a
2187 1980 2300 2017 quibus-

1237 2026 1361 2056 cumque
1375 2018 1498 2048 oriundis
1516 2026 1591 2048 extra
1606 2017 1706 2057 Regna
1718 2041 1728 2055 ,
1750 2019 1779 2048 in
1795 2017 1896 2055 quibus
1915 2017 2050 2047 habentur
2063 2016 2252 2048 Canonicatus
2265 2020 2298 2049 &

1235 2054 1420 2095 Praebendae,
1437 2056 1469 2087 ὅ(
1483 2057 1533 2086 alia
1553 2056 1706 2096 ssipradiCta
1719 2079 1728 2095 ,
1749 2056 1805 2086 five
1822 2055 1895 2094 apud
1911 2055 2003 2086 sedem
2025 2055 2217 2094 Apostolicam
2236 2066 2298 2088 ma⁴

1234 2102 1336 2132 neant,
1354 2095 1409 2125 sive
1423 2095 1488 2125 alibi
1504 2103 1852 2132 commorentur,exnunc
1865 2093 1986 2135 personis
2003 2093 2232 2132 idoneis,Deum
2249 2094 2299 2126 ha·-

1236 2132 1332 2162 bendo
1355 2142 1413 2172 prae
1435 2133 1523 2164 oculis
1536 2156 1546 2172 ,
1566 2133 1598 2164 &
1622 2133 1751 2164 conferre
1763 2156 1773 2172 ,
1792 2132 1835 2163 vel
1859 2143 1901 2162 eas
1918 2131 1951 2162 ad
1965 2132 2008 2162 illa
2023 2133 2136 2171 eligere,
2152 2133 2184 2163 ὃ(
2199 2134 2299 2165 electas

1237 2170 1406 2201 confirmare
1420 2195 1429 2209 ,
1444 2172 1489 2202 seu
1505 2172 1665 2210 praesentare
1679 2195 1689 2209 ,
1707 2173 1740 2202 ὃ(
1760 2171 1932 2209 praesentatas
1945 2171 2108 2208 admittere,
2126 2171 2232 2203 sublato
2248 2183 2299 2204 cu-

1234 2209 1346 2248 jussibet
1359 2211 1590 2246 contradictionis
1603 2212 1636 2241 &
1651 2221 1665 2240 a
1674 2210 1837 2250 ipellationis
1849 2209 2015 2247 obstaculo,
2033 2208 2160 2247 valeant3

1273 2247 1312 2279 Et
1324 2256 1427 2279 extunc
1442 2249 1567 2289 pei-sonae
1582 2250 1612 2279 in
1627 2249 1668 2279 eis
1683 2259 1730 2278 ern
1744 2247 1898 2286 Canoniis,
1917 2249 1949 2279 ὃς
1971 2246 2150 2286 Praebendis,
2167 2257 2200 2278 ac
2214 2245 2301 2278 beness

1238 2286 1322 2324 ficiis,
1337 2286 1382 2317 seu
1395 2287 1575 2326 dignitatibus
1591 2310 1599 2325 ,
1617 2287 1650 2318 &
1666 2287 1872 2325 personatibus,
1890 2285 2059 2325 redditibus,
2075 2286 2108 2316 &
2126 2286 2301 2326 pensionibus

1239 2325 1356 2363 plenum
1365 2327 1409 2364 jus
1425 2327 1458 2357 ὅ(
1475 2324 1676 2356 inconcussum
1690 2326 1843 2356 obtineant.

1277 2363 1312 2394 N
1315 2373 1347 2394 ec
1369 2373 1464 2394 tamen
1483 2365 1519 2395 de
1539 2365 1607 2402 hiis,
1626 2365 1784 2404 priusquam
1800 2370 1918 2401 vacent,
1937 2362 1963 2393 se
1980 2362 2150 2400 aliquatenus
2161 2362 2303 2404 intromitn

1240 2409 1300 2431 tant
1312 2425 1321 2440 ,
1346 2402 1384 2433 set
1398 2412 1431 2433 ea
1446 2402 1506 2441 ipso
1527 2404 1606 2442 jure,
1625 2404 1788 2441 quamcitius
1801 2402 1976 2440 vacaverint,
1995 2402 2183 2444 assequentur,
2200 2403 2233 2432 &
2247 2402 2301 2442 ipsa

1239 2440 1359 2471 intrandi
1380 2450 1413 2471 ac
1432 2441 1592 2480 retinendi,
1611 2441 1709 2471 nullius
1729 2441 1857 2480 requisito
1880 2439 2030 2477 consensu,
2048 2439 2161 2471 liberam
2182 2439 2301 2471 habeant

1239 2479 1416 2516 facultatem,
1436 2481 1471 2510 ita
1485 2487 1580 2509 tamen
1594 2479 1672 2516 quod
1688 2479 1742 2517 illi,
1761 2480 1808 2518 qui
1821 2487 1899 2508 nunc
1913 2477 1967 2517 ipsa
1980 2478 2128 2517 obtinent,
2143 2479 2300 2517 ea,quous-=

1239 2527 1294 2556 que
1310 2517 1436 2548 cesserint
1451 2520 1494 2548 vel
1510 2517 1692 2555 decesserint,
1712 2518 1796 2556 pleno
1809 2517 1866 2554 jure
1877 2515 1996 2556 pacifice
2012 2515 2131 2547 habeant
2147 2517 2180 2548 ὃς
2195 2518 2300 2556 quiete,

1240 2565 1272 2600 ac
1294 2556 1403 2600 nullum
1424 2557 1546 2586 omnino
1566 2555 1645 2594 super
1665 2556 1715 2586 hiis
1731 2579 1741 2596 ,
1758 2563 1893 2596 praetextu
1909 2554 2001 2585 statuti
2015 2555 2152 2594 ejusdem,
2170 2555 2301 2593 praejudi-

1242 2603 1320 2624 cium
1336 2602 1478 2632 patiantur.

1279 2632 1418 2662 Volumus
1435 2641 1529 2663 tamen
1543 2632 1619 2672 quod
1628 2655 1638 2670 ,
1656 2632 1677 2663 si
1690 2631 1740 2662 sub
1751 2631 1943 2671 expediatione
1953 2629 2189 2671 Praebendarum,
2205 2632 2234 2662 in
2243 2632 2302 2662 Ec-

1240 2669 1326 2701 clesiis
1335 2694 1344 2710 ,
1360 2671 1390 2700 in
1404 2672 1502 2709 quibus
1513 2670 1657 2710 provisum
1672 2670 1753 2701 fuerit
1767 2670 1849 2701 dictis
1864 2669 2001 2708 personis,
2018 2671 2090 2708 prius
2102 2671 2185 2710 aliqui
2199 2671 2250 2701 sint
2257 2679 2302 2701 re-

1240 2710 1333 2748 cepti,
1351 2709 1395 2740 vel
1408 2711 1446 2748 si,
1463 2708 1541 2750 super
1558 2709 1716 2747 provisione
1729 2709 1789 2748 sua,
1806 2710 1837 2739 in
1850 2710 1887 2739 eis
1901 2708 2000 2738 litteras
2016 2707 2193 2752 Apostolicas
2209 2710 2301 2749 impe-

1241 2752 1381 2778 traverunt
1393 2771 1403 2786 ,
1419 2748 1487 2779 sicut
1509 2749 1537 2777 in
1560 2749 1722 2785 receptione
1735 2748 1780 2778 vel
1795 2748 1990 2785 impetratione
2006 2769 2016 2785 ,
2035 2751 2072 2778 iic
2086 2748 2114 2777 in
2131 2746 2303 2780 Praebenda·

1241 2795 1304 2816 rum
1320 2786 1489 2817 assecutione
1504 2786 1624 2825 personis
1639 2786 1815 2824 praeferantur
1830 2785 1941 2816 eisdem.

1280 2824 1309 2855 Si
1330 2835 1399 2855 vero
1419 2825 1508 2869 aliqua
1527 2825 1705 2862 personarum
1727 2824 1862 2864 ipsarum,
1879 2825 1925 2854 cui
1940 2823 2058 2854 obtentu
2077 2823 2197 2862 ejusdem
2210 2821 2301 2855 statuti

1240 2864 1382 2903 provisum
1405 2863 1503 2901 fuerit,
1521 2863 1566 2893 vel
1581 2863 1606 2893 ei
1618 2873 1666 2902 per
1686 2873 1757 2901 vos,
1771 2864 1847 2902 juxta
1867 2861 1988 2892 modum
2007 2862 2120 2892 inferius
2135 2871 2300 2893 annotatum

1242 2902 1391 2941 contigerit
1402 2902 1438 2932 de
1452 2901 1542 2932 vestra
1554 2901 1657 2932 liberali
1671 2903 1756 2940 gratia
1769 2900 1926 2939 provideri,
1944 2900 2025 2931 cedat
2039 2900 2150 2931 interim
2162 2902 2206 2932 vel
2220 2901 2304 2932 dece·

1242 2940 1303 2978 dat,
1321 2941 1429 2971 licitum
1445 2940 1475 2970 sit
1487 2939 1568 2971 vobis
1588 2949 1647 2971 tam
1667 2940 1746 2979 cito,
1764 2940 1832 2971 loco
1846 2939 1884 2969 sui
1895 2962 1904 2977 ,
1919 2939 2000 2969 aliam
2016 2939 2160 2979 personam
2172 2939 2304 2979 subroga-

1242 2989 1289 3017 re,
1306 2989 1339 3010 ac
1355 2977 1506 3010 successive
1521 2978 1580 3009 hoc
1594 2979 1684 3010 facere
1698 2980 1727 3009 in
1741 2978 1860 3017 cujusvis
1874 2977 2036 3008 earumdem
2047 2978 2170 3009 cessione
2184 2979 2304 3010 velobi-

1243 3025 1271 3047 tu
1285 3018 1473 3055 personarum.

1280 3056 1450 3086 Subdivini
1472 3064 1566 3086 tamen
1577 3054 1678 3094 judicis
1698 3053 1886 3085 obtestatione
1896 3054 2075 3091 praecipimus
2087 3055 2166 3094 quod
2181 3054 2306 3094 persbnae

1243 3094 1307 3132 ipsae
1330 3104 1427 3125 contra
1448 3094 1609 3132 possessores
1625 3093 1768 3124 dictorum
1782 3093 2011 3123 Canonicatuum
2033 3093 2066 3123 &
2081 3094 2305 3132 beneficiorum,

1242 3142 1276 3163 ac
1298 3131 1516 3163 Praebendarum
1534 3132 1579 3162 seu
1603 3132 1800 3170 personatuum
1815 3154 1825 3170 ,
1842 3132 1875 3162 ὅ(
1897 3130 2064 3170 dignitatum
2078 3132 2111 3162 ὃς
2129 3131 2304 3170 reddituum,

1242 3171 1296 3201 seuv
1311 3172 1476 3208 pensionum
1493 3194 1502 3209 ,
1529 3170 1613 3200 nullas
1636 3169 1741 3201 insidias
1755 3194 1764 3208 ,
1788 3178 1834 3200 aut
1852 3170 1978 3200 fraudem
1994 3192 2002 3207 ,
2019 3170 2062 3200 vel
2077 3170 2231 3208 molestias,
2246 3171 2302 3201 five

1263 3210 1430 3248 uodcunque
1444 3209 1516 3239 aliud
1529 3209 1731 3239 inconveniens
1745 3208 1940 3239 machinentur
1958 3219 1968 3245 ⁴,
1985 3207 2046 3238 alias
2061 3217 2170 3246 autern,
2188 3209 2248 3246 ipso
2261 3208 2301 3238 fa·

1242 3219 1311 3285 ἓῒο,
1329 3248 1426 3278 cadant
1439 3248 1475 3277 ab
1489 3247 1569 3277 omni
1584 3248 1643 3284 jure
1654 3247 1708 3285 eis,
1726 3248 1805 3285 super
1817 3247 1978 3287 provisione
1993 3246 2167 3284 hujusmodi,
2186 3246 2302 3284 acquisi-

1242 3295 1274 3316 to
1289 3298 1299 3323 ς
1323 3296 1390 3316 cum
1412 3286 1534 3322 dignum
1555 3286 1586 3315 sit
1608 3285 1684 3323 quod
1701 3309 1710 3324 ,
1727 3286 1796 3317 sicut
1820 3285 1905 3325 gratia
1919 3295 1972 3323 pro
1986 3286 2087 3316 virtute
2102 3284 2246 3323 tribuitur,
2263 3285 2304 3326 ita

1243 3334 1328 3362 poena
1344 3334 1396 3362 pro
1411 3324 1481 3353 vitio
1495 3324 1698 3362 compensetur.

1279 3362 1335 3392 Pro
1350 3363 1459 3392 malitiis
1477 3363 1561 3392 etiam
1581 3360 1764 3400 cohibendis,
1782 3370 1862 3401 quie,
1879 3360 2037 3400 hujusmodi
2051 3360 2164 3391 forsitan
2176 3358 2302 3391 occasio-

1244 3411 1278 3430 ne
1294 3401 1384 3432 statuti
1394 3423 1403 3437 ,
1423 3400 1489 3430 oriri
1511 3399 1620 3437 possent
1643 3400 1672 3430 in
1687 3400 1829 3430 mentibus
1843 3399 2032 3440 perversorum
2046 3421 2056 3437 ,
2072 3399 2204 3429 volumus
2217 3407 2265 3438 ut,
2280 3399 2300 3430 fi

1243 3440 1383 3479 aliquem,
1401 3440 1447 3468 cui
1463 3439 1637 3476 subrogatio,
1655 3447 1689 3468 ex
1703 3438 1843 3468 beneficio
1864 3438 1985 3476 ejusdem
2002 3436 2113 3474 statuti,
2131 3436 2205 3467 fad'ta
2217 3436 2300 3469 fuerit

1244 3479 1253 3514 (
1270 3477 1348 3515 quod
1366 3478 1432 3507 absit
1449 3476 1459 3513 )
1480 3476 1580 3514 perimi
1599 3478 1748 3521 contigerit
1769 3485 1884 3516 quoquo
1904 3475 1993 3505 modo
2005 3498 2014 3512 ,
2033 3476 2120 3505 taliter
2140 3475 2301 3515 subrogatus

1264 3515 1445 3545 osseffionem
1465 3514 1520 3544 suae
1541 3516 1707 3552 provisionis
1727 3524 1786 3544 non
1806 3514 1905 3544 habeat
1918 3537 1927 3551 ,
1946 3522 2001 3544 nec
2020 3513 2188 3551 aliquatenus
2203 3523 2302 3582 appre-

1243 3525 1362 3592 liendiit,
1381 3555 1428 3583 nisi
1445 3554 1518 3590 prius
1531 3553 1723 3591 Apostolicas,
1742 3552 1786 3583 vel
1800 3553 1945 3590 ordinarii,
1963 3551 2007 3582 vel
2021 3552 2176 3591 aliquorum
2190 3561 2219 3583 re
2231 3553 2303 3592 igio-

1242 3592 1335 3622 sorum
1356 3594 1482 3622 vii-orum
1498 3614 1506 3629 ,
1531 3590 1630 3621 Deum
1651 3592 1834 3628 timentium,
1859 3598 1981 3628 patentes
2004 3589 2105 3620 litteras
2124 3590 2304 3631 obtinuerit,

1243 3631 1319 3670 quod
1335 3630 1370 3660 de
1391 3638 1483 3660 morte
1498 3629 1535 3659 sic
1550 3628 1636 3660 occisi
1651 3629 1787 3666 suspectus
1802 3628 1955 3658 nullatenus
1966 3627 2104 3658 habeatur.

1281 3668 1425 3699 Caeterum
1434 3691 1442 3704 ,
1461 3668 1523 3706 quia
1537 3668 1653 3704 personis
1665 3667 1766 3697 eisdem
1776 3667 1804 3696 iii
1818 3676 1901 3705 grave
1909 3665 1993 3704 poffit
2005 3666 2157 3697 redundare
2164 3666 2280 3699 taedium
2294 3690 2304 3708 ,

1244 3707 1321 3746 quod
1344 3707 1520 3737 vacationem
1543 3705 1771 3736 Canonicatuum
1787 3728 1796 3742 ,
1815 3706 1847 3734 &
1874 3704 2111 3744 Praebendarum,
2128 3714 2161 3735 ac
2181 3706 2301 3737 aliorum

2313 989 2378 1017 1027„

2315 1223 2329 1239 ⁴*
2340 1224 2363 1251 1·
2379 1226 2444 1258 495³

1245 3745 1446 3783 praedic‘torum
1457 3754 1506 3783 per
1521 3743 1607 3783 longa
1621 3752 1744 3781 tempora
1756 3744 1948 3782 expetitarent,
1966 3743 1999 3773 ad
2013 3742 2071 3774 hoc
2086 3743 2174 3774 vestra
2186 3743 2301 3776 desudet
2319 3757 2323 3760 ·

1244 3784 1380 3820 intentio,
1396 3792 1424 3812 ut
1439 3781 1475 3811 de
1487 3781 1624 3812 Canoniis
1641 3782 1674 3812 ὃς
1694 3781 1855 3812 Praebendis
1869 3804 1878 3819 ,
1893 3791 1924 3812 ac
1938 3781 2078 3812 beneficiis
2089 3782 2135 3815 seu
2151 3783 2301 3823 personati*

1246 3823 1314 3859 bus,
1332 3822 1364 3852 δε
1376 3821 1573 3858 dignitatibus,
1589 3819 1754 3858 redditibus,
1771 3820 1804 3850 δί
1817 3820 2011 3859 pensionibus,
2025 3820 2059 3850 ad
2073 3821 2200 3852 nostram
2215 3822 2300 3851 colla-

1244 3861 1353 3892 tionem
1379 3869 1425 3889 aut
1451 3858 1620 3889 elec‘tionem
1635 3881 1645 3897 ,
1661 3859 1704 3888 vel
1731 3857 1971 3896 praesentationem
1993 3859 2176 3898 spectantibus
2190 3882 2200 3897 ,
2217 3869 2299 3899 quae,

1245 3908 1344 3939 praeter
1358 3898 1513 3933 huiusmodi
1524 3897 1713 3934 provisionem
1727 3896 1867 3935 nostram,
1885 3905 1986 3927 vacant
1999 3896 2033 3927 ad
2046 3898 2178 3937 praeseiis,
2193 3897 2235 3927 seu
2250 3907 2299 3928 va-

1245 3948 1307 3967 care
1322 3937 1486 3974 contigerit,
1504 3934 1667 3965 dummodo
1681 3935 1748 3965 nulli
1764 3935 1806 3965 alii
1822 3935 1857 3964 de
1870 3937 1928 3972 jure
1948 3943 2111 3972 competant
2125 3958 2135 3973 ,
2154 3935 2299 3965 liberaliter

1245 3985 1277 4005 ac
1299 3975 1354 4004 sine
1376 3984 1455 4004 mora
1474 3973 1639 4014 provideatis
1657 3973 1759 4003 eisdem
1771 3996 1781 4011 ,
1805 3972 1989 4011 postmodum
2010 3974 2129 4012 ipsarum
2149 3973 2217 4002 loco
2236 3972 2299 4003 alias

1245 4013 1371 4052 personas
1384 4013 1504 4052 ydoneas
1517 4012 1684 4051 quamcitius
1700 4011 1862 4049 subrogetis.

1281 4051 1328 4081 Ad
1342 4051 1403 4082 haec
1417 4050 1551 4082 statutum
1563 4050 1750 4093 praedicstum,
1768 4051 1894 4090 quamvis
1906 4050 1959 4088 juri
1971 4050 2129 4090 oppositum
2138 4069 2148 4086 ,
2160 4047 2235 4087 quod
2247 4056 2302 4115 prp

2225 4094 2277 4117 cau
2289 4093 2305 4115 a
