2570 4261
0 343 100 378 nn.D.

0 392 82 422 1223.

0 433 34 451 en.
57 432 81 458 3.

0 499 22 517 vi.
42 498 70 524 7.

2 548 7 554 .
27 536 52 562 3.

0 564 58 601 'aus.
75 573 100 599 7.

2 612 86 639 .3.m.

0 642 40 668 Δ.

0 1559 59 1587 lnn.
71 1555 110 1585 D.

2 1603 88 1634 1223.

0 1694 86 1738 bilder-n.

113 2375 119 2380 ·
139 2349 201 2412 O

120 2562 126 2569 .
144 2552 211 2586 pus,
229 2542 263 2572 &
276 2542 305 2570 in
317 2541 387 2572 loco
402 2550 557 2579 cornpeten

689 221 800 262 ET
882 220 1147 263 ACTA

165 401 278 432 Forma
292 399 483 429 Litterarum
500 396 661 427 Exercitus
671 394 852 439 fhmmoniri
866 392 950 441 apud
967 390 1125 435 Gloucqslr.

121 481 256 545 REX
282 480 456 511 Vicecomiti
472 478 576 509 Norff.
595 480 628 510 &
642 478 714 509 Suff.
733 479 857 509 salutem.

224 520 300 550 Scias
321 528 373 548 nos
390 517 523 547 audivisse
570 528 622 555 pro
641 526 721 548 certo
735 542 744 555 ,
761 517 839 554 quod
856 517 988 547 Leulinus
1001 515 1125 546 castrum
1140 513 1177 544 de

122 559 219 597 Buelt,
240 557 319 596 quod
339 556 380 587 est
402 541 551 595 Reginald'i
568 556 605 586 de
618 555 717 594 Bmos,
735 555 845 586 obsedit
859 565 928 586 curn
944 554 1121 585 multitudine
1132 562 1176 582 ar-

117 605 277 628 matorum·

158 634 196 665 Et
211 620 279 664 ideo’
289 635 341 664 tibi
354 633 531 671 praecipimus
545 632 622 670 quod
638 632 747 670 statim,
764 632 826 663 vifis
844 632 939 662 litteris
954 631 1027 669 istis,
1043 630 1099 660 fine
1113 639 1178 660 om-

119 675 148 705 ni
173 673 307 704 dilatione
322 697 332 711 ,
354 672 525 702 summoneri
546 671 627 701 facias
643 695 652 708 ,
700 681 729 701 er
749 678 842 701 totam
862 670 996 701 Ballivam
1011 678 1104 712 tuam,
1122 668 1178 698 Ar-

117 712 328 750 chiepiscopos,
352 710 474 740 Abbates
488 733 498 746 ,
522 708 632 739 Priores
648 733 658 747 ‚
703 710 821 746 omites,
840 708 985 752 Ramnes,
998 707 1174 751 Milites,·&

120 760 223 781 omnes
239 750 306 780 alios
318 772 328 787 ,
351 749 400 787 qui
421 747 456 777 de
476 748 558 777 nobis
580 756 677 779 teuent
696 749 725 778 in
743 748 833 785 capite
854 757 903 785 per
918 746 1059 777 serVitium
1076 746 1179 776 milita-

119 800 163 819 re:

161 827 253 866 Qod
273 825 399 865 praedicti
419 822 631 862 Archiepiscopi
644 850 652 863 ,
670 824 826 863 Episcopi,
845 824 986 862 Abbates‚
1003 824 1037 854 &
1050 822 1179 857 Priores,

120 867 173 897 sub
191 866 272 896 omni
292 864 468 895 festinatione
482 887 492 901 ,
514 862 622 892 Milites
642 863 704 894 suos
723 863 758 894 ad
778 873 830 893 nos
853 864 964 893 mittant
982 861 1075 892 versus
1091 868 1179 902 partes

123 903 316 935 Gloucestriae
331 926 341 941 ,
365 901 399 931 ad
422 911 489 939 quas
509 902 538 931 in
555 902 667 939 propria
680 902 800 940 persona
815 901 909 932 nostra
922 900 1061 932 tendimus
1073 923 1083 936 ,
1101 906 1179 935 equis

124 944 158 974 δε
176 944 258 973 armis
274 943 346 971 bene
358 948 472 978 paratos.
998 978 1002 982 Ι
1037 977 1042 981 .
1112 975 1117 979 ¹
1132 974 1136 978 ²

163 981 203 1012 Et
222 980 300 1019 quod
318 978 450 1009 Comites
465 1002 475 1017 ,
498 978 618 1009 Barones
633 1004 642 1017 ,
671 978 794 1017 Milites,
813 981 846 1011 &
859 979 905 1009 alii
918 976 1044 1020 praediciti
1058 973 1181 1018 similiter

122 1019 160 1050 ad
181 1029 233 1049 nos
253 1019 366 1048 veniant
379 1041 388 1054 ,
413 1016 463 1046 sub
478 1019 559 1047 omni
574 1017 766 1056 festinatione,
784 1018 876 1048 versus
891 1024 978 1054 partes
993 1014 1063 1051 illas,
1080 1019 1118 1042 ita
1132 1020 1181 1049 pa-

123 1059 176 1089 rati
187 1057 266 1095 equis
278 1057 311 1087 &
324 1057 405 1086 armis
419 1055 497 1093 quod
512 1057 550 1086 eis
565 1065 653 1096 grates
663 1056 732 1087 scire
746 1057 906 1087 debeamus.

124 1174 146 1204 b
161 1133 253 1179 Teste
273 1132 410 1164 Huberto
431 1132 467 1163 de
489 1132 584 1172 Burgo
596 1157 606 1172 ,
627 1134 686 1164 &c.
706 1132 780 1172 apud
796 1131 921 1164 Westm.
946 1139 981 1160 12
994 1129 1041 1160 die
1054 1127 1185 1166 Septem-

146 1183 188 1204 ris.

169 1250 271 1278 Eodem
284 1251 357 1279 modo
364 1249 495 1288 stribitur
515 1249 632 1278 omnibus
647 1247 843 1277 chcomitibus
855 1245 967 1284 Angliae
1004 1246 1117 1282 exceptis
1137 1245 1187 1271 Co—

126 1288 269 1364 mssaZbus
288 1289 442 1329 Staffirdiae
457 1309 466 1321 ‚
491 1285 530 1323 ό·
544 1286 672 1325 Salopiae,
691 1288 853 1324 W'gorniae‚
868 1270 1056 1323 Gloucesbriae‚
1074 1279 1112 1317 (θ’
1127 1283 1187 1310 He·

126 1337 156 1355 re
170 1337 198 1355 or
218 1337 260 1356 iae.

317 1472 429 1503 forma
453 1480 514 1516 qua
531 1472 657 1503 Barones
667 1468 848 1514 fitmmoniti
857 1468 999 1514 fuerunt.

129 1555 222 1618 RE
231 1555 261 1586 X
278 1554 409 1599 ‘Ricardo
423 1554 459 1585 de
470 1554 564 1599 QG?
575 1554 700 1585 salutem.
938 1594 943 1598 .

237 1594 333 1625 Sciatis
348 1604 400 1623 nos
413 1593 565 1631 audivisse,
583 1603 636 1631 pro
652 1602 750 1632 certo,
769 1593 848 1632 quod
862 1592 997 1624 Leulinus
1010 1591 1144 1622 Castrum
1156 1590 1193 1620 de

76 1654 81 1660 .
131 1632 228 1671 Buelt,
245 1632 323 1670 quod
348 1632 389 1662 est
411 1631 560 1672 Reginaldi
580 1631 616 1662 de
629 1632 731 1670 Braos,
748 1632 857 1663 obsedit
870 1642 939 1663 cum
955 1630 1135 1661 multitudine
1148 1639 1194 1660 ar·-

130 1680 288 1701 matorum·

169 1709 208 1740 Et
229 1695 294 1740 idet’i
313 1709 396 1740 vobis
411 1708 593 1747 mandamus,
612 1718 741 1748 rogantes
757 1717 893 1747 quatenus
906 1707 935 1738 iri
950 1706 1022 1745 fide,
1062 1717 1098 1750 ua
1109 1706 1193 1737 nobis

131 1748 267 1779 tenemini
283 1770 293 1786 ‚
315 1747 365 1777 sub
386 1748 467 1777 omni
487 1747 665 1778 festinatione
677 1772 687 1785 ,
714 1748 807 1778 versus
829 1755 918 1785 partes
933 1746 1051 1777 Glouce
1078 1755 1142 1782 rice,
1158 1745 1193 1775 ad

129 1797 198 1825 quas
211 1787 240 1815 in
252 1784 366 1826 propria
377 1785 496 1824 persona
507 1785 619 1824 nostra,
636 1786 693 1816 sine
704 1786 801 1823 mora,
817 1785 974 1821 tendimus,
992 1785 1027 1814 ad
1042 1794 1095 1814 nos
1111 1793 1193 1814 acce-

130 1827 215 1861 datis,
234 1834 303 1854 curn
322 1833 407 1863 gente
427 1823 534 1862 vestra,
551 1826 587 1855 ita
602 1826 688 1863 parati
704 1826 782 1863 equis
795 1825 829 1856 &
841 1825 924 1854 armis
943 1822 1023 1861 quod
1038 1832 1128 1861 grates
1141 1832 1195 1853 vo-

131 1864 174 1894 bis
185 1863 255 1893 scire
269 1862 430 1893 debeamus.

166 1938 258 1971 Teste
271 1947 304 1970 ut
317 1938 404 1977 supra.

168 2017 270 2046 Eodem
293 2017 367 2046 modo
379 2014 510 2056 stribitur
532 2016 678 2047 Comitibus
692 2041 702 2055 ,
729 2016 898 2055 Baronibm,
916 2015 1075 2053 Militibus,
1092 2017 1138 2054 qui
1153 2021 1197 2045 te-

134 2063 200 2086 nent
215 2056 247 2085 de
262 2057 379 2085 Domino
393 2059 471 2094 Rege.

133 2202 330 2250 Tranftripta
356 2206 522 2237 Cartarum
549 2217 623 2251 quas
643 2205 806 2247 Leulinus,
830 2208 866 2242 ὠ·
888 2203 1045 2249 Willenfis
1059 2203 1200 2248 fecerunt

265 2251 303 2285 de
313 2252 521 2298 fhtisflzc'lione
534 2252 682 2298 facienda
699 2256 829 2286 Domino
847 2256 919 2299 Regi
935 2255 971 2292 eff
983 2252 1060 2297 fhis-

213 2349 333 2379 Mnibus
346 2374 356 2388 ,
380 2349 414 2380 ad
435 2360 505 2394 quos
527 2349 646 2388 praesens
667 2349 753 2381 Carta
765 2349 940 2387 pervenerit,
958 2348 1109 2381 Leuelinus
1122 2350 1203 2382 Prin-

177 2387 719 2471 Ngsplsitlglonngallissssutsirgbffinffis
727 2450 737 2465 ‚
751 2426 854 2470 jurasse
869 2426 947 2471 quod
961 2426 1123 2471 satisfaciam
1136 2427 1204 2472 Do-

142 2467 224 2496 mino
245 2475 314 2495 meo
335 2464 485 2503 Henrrco,
503 2464 598 2495 illustri
611 2465 689 2504 Regi
703 2464 830 2503 Angliae,
848 2466 882 2496 &
895 2464 962 2502 suis,
981 2466 1053 2495 infra
1065 2475 1203 2497 terminos

144 2503 319 2534 rationabiles
332 2527 342 2541 ,
366 2513 437 2541 quos
457 2503 528 2532 mihi
548 2502 625 2540 praefi
645 2512 673 2533 et
693 2502 839 2533 Dominus
853 2501 987 2534 Cantuar.
1006 2504 1204 2542 Archiepisco-

572 2543 577 2547 ”
634 2552 650 2571 e
662 2540 790 2578 dampnis
825 2540 918 2571 eidem
938 2541 1014 2581 Regi
1034 2543 1067 2574 &
1082 2544 1133 2573 suis
1147 2544 1204 2574 illa-

751 2580 756 2584 ·
784 2565 876 2610 &astri
890 2579 926 2610 de
943 2580 1099 2611 Kinardess.
1119 2581 1205 2619 usque

144 2618 179 2648 ad
202 2618 280 2648 diem
301 2617 481 2647 absolutionis
500 2626 574 2647 meae
586 2642 597 2656 ,
618 2617 694 2648 diem
732 2617 878 2656 videlicet,
896 2618 1009 2649 Sabbati
1030 2620 1060 2649 in
1082 2619 1205 2651 crastino

143 2657 310 2689 octavarum
324 2655 420 2686 SanCti
435 2654 602 2693 Michaelis,
616 2666 693 2686 anno
704 2640 800 2694 Regni
814 2656 894 2693 iplius
910 2656 996 2696 Regis
1010 2657 1139 2695 septimo.

145 2589 179 2611 tis
200 2589 251 2617 per
271 2588 319 2608 me
333 2603 343 2617 ,
367 2581 401 2611 &
423 2589 520 2617 meos,
539 2549 620 2610 anciie
635 2580 770 2618 captionis

117 2723 125 2731 ,
183 2696 203 2715 *
219 2694 254 2725 In
266 2695 346 2733 cujus
358 2694 397 2724 rei
410 2692 607 2725 testimonium
621 2694 688 2726 huic
703 2693 798 2726 Cartae
812 2694 930 2735 ligillum
946 2705 1046 2727 meum
1057 2697 1179 2736 apposui.

182 2772 248 2804 Hiis
261 2771 413 2811 Testibus,

145 2853 264 2881 Domino
286 2845 420 2888 Stephano
440 2852 574 2880 cantuar.
594 2850 658 2880 Ar·
694 2850 811 2880 Roberto
831 2844 880 2879 'lio
894 2850 1029 2891 Walteri,

180 2889 341 2929 chiepifiopo,
694 2891 777 2918 Petro
782 2887 810 2929 fi
821 2891 844 2918 io
857 2890 1017 2930 Hereherti‚

145 2931 262 2959 Domino
276 2928 356 2955 Petro
371 2928 414 2955 W
413 2926 552 2967 intonienfi
563 2952 573 2966 ,
695 2926 843 2957 Willielmo
856 2928 888 2958 de
902 2928 1067 2968 Albiniace3

147 2969 264 2996 Domino
280 2967 318 2994 H.
339 2962 490 3004 Herifiird,
695 2965 829 3005 Johanne
843 2967 874 2996 de
890 2970 1050 3006 Monemue,

148 3008 264 3034 Domino
276 3006 310 3032 R.
327 3003 358 3032 de
367 3004 465 3032 Santra
481 3002 596 3043 Astzph,
615 3006 658 3034 E·
695 3007 809 3042 Hugone
824 3006 856 3035 de
868 3008 980 3036 Mortuo
995 3009 1093 3044 Mari,

179 3042 300 3081 piscopis.
697 3043 820 3073 Waltero
833 3045 864 3073 de
878 3044 1009 3083 clifford,

697 3082 830 3121 Johanne
835 3081 898 3124 filio
914 3082 1023 3123 Alani,

150 3121 189 3150 H.
210 3118 242 3148 de
254 3120 345 3155 Burgo
357 3117 517 3157 Justiciario
529 3117 658 3158 Angla»,
696 3123 796 3159 Rogero
809 3122 841 3151 de
853 3120 983 3160 Cliffiira',

151 3156 293 3195 Ranulpho
313 3160 416 3186 Gemite
434 3156 516 3196 Cestr.
535 3155 573 3192 &
587 3161 660 3188 Lin-
697 3159 835 3189 Willelmo
849 3161 880 3189 de
892 3159 1032 3191 stutevill.

189 3195 255 3225 coln.
697 3197 817 3237 Philippo
827 3199 859 3228 de
872 3198 1021 3229 Albiniaco
1038 3222 1049 3238 ‚

697 3238 812 3267 Ricardo
824 3238 856 3267 de
869 3241 973 3274 lei-ver,

698 3274 838 3314 Radulpho
851 3276 884 3306 de
895 3274 1055 3307 Trublevill.
1077 3276 1116 3312 ό
1135 3275 1206 3307 aliis.

152 3237 198 3265 W
196 3232 302 3264 illielmo
316 3235 417 3263 Comite
431 3234 507 3265 sarr.

152 3276 197 3304 W
197 3271 303 3303 illielmo
317 3274 418 3300 Comite
432 3275 561 3303 Warenn.

152 3310 304 3342 Willielmo
315 3312 416 3339 Comite
428 3310 460 3340 de
474 3314 623 3351 Perrasiis,

152 3428 174 3459 b
189 3387 336 3457 Onffiibtigs
348 3386 382 3417 ad
396 3397 467 3425 quos
480 3388 596 3425 praesens
617 3386 702 3419 Carta
713 3392 871 3429 pervenerit
890 3392 1041 3425 Mereduc.
1060 3392 1131 3424 filius
1143 3391 1211 3424 Ro-

176 3436 227 3458 estl
251 3437 266 3456 a
277 3437 295 3457 U
325 3436 365 3456 m.

190 3465 288 3496 Sciatis
302 3474 355 3495 nos
370 3463 576 3501 manucepiffe,
594 3464 644 3502 &‚
663 3465 744 3496 tactis
759 3466 955 3508 sacrosanctis,
970 3469 1130 3509 jurasse,ad
1145 3479 1211 3507 pre-

151 3514 199 3535 ces
215 3503 326 3534 Leulini
339 3503 475 3540 Principis
488 3502 657 3532 Norwalliae
694 3504 772 3541 quod
784 3528 794 3544 ,
820 3507 870 3536 nisi
884 3508 1042 3539 satisfecerit
1055 3508 1210 3539 secundum

149 3542 290 3586 judicium
310 3540 467 3586 Ecclesiae³
493 3539 627 3584 Domino
646 3526 777 3586 Henrico
800 3543 877 3582 Regi
894 3546 1023 3586 Angliae,
1040 3548 1074 3578 &
1088 3547 1156 3584 suis,
1173 3546 1212 3577 de

153 3581 284 3619 dampnis
298 3604 308 3618 ,
332 3590 372 3610 eis
393 3580 472 3610 illatis
507 3589 536 3609 er
550 3578 638 3616 ipsum
653 3579 824 3621 Leulinum‚
840 3584 875 3614 &
889 3584 970 3624 suos,
988 3595 1004 3615 ι
1015 3585 1062 3615 die
1074 3586 1213 3622 captionis

153 3618 312 3651 Kinardell.
330 3618 417 3657 usque
428 3618 463 3649 ad
498 3619 554 3648 'em
566 3616 744 3648 absolutionis
757 3619 838 3656 ipsius
852 3621 974 3654 Lewlini
1009 3624 1113 3654 scilicet
1127 3623 1214 3661 usque

155 3657 191 3688 ad
206 3658 282 3688 diem
297 3657 426 3696 Sabinae,
443 3658 602 3702 prpxirmm
617 3655 681 3700 post
697 3655 822 3689 oeabas
835 3659 932 3692 Sancti
951 3647 1117 3700 Michaelis,
1135 3671 1212 3692 anno

246 3698 250 3702 '
265 3695 347 3740 ipsius
360 3694 486 3726 Domini
500 3694 588 3735 Regis
600 3694 738 3733 septimo,

155 3696 188 3728 R
221 3744 265 3774 go
280 3744 318 3764 eis
329 3734 395 3765 inde
408 3734 567 3765 satisfaciam
579 3732 613 3763 ad
624 3734 760 3763 terminos
773 3736 963 3776 rationabiles,
981 3748 1052 3776 quos
1066 3736 1135 3769 mihi
1144 3747 1215 3776 prae-

159 3773 229 3813 figet
246 3773 392 3804 Dominus
404 3772 537 3804 Cantuar.
554 3772 806 3811 Archiepiscopus3
823 3773 858 3804 ad
870 3775 950 3813 quod
963 3775 1082 3808 saciend.
1097 3786 1162 3815 me,
1178 3777 1213 3808 &

158 3811 387 3843 christianitatem
400 3821 495 3842 meam
508 3811 642 3848 obligavi.

197 3848 236 3881 Et
249 3852 280 3880 in
291 3850 372 3890 hujus
384 3851 425 3881 rei
437 3849 650 3887 testimonium,
668 3848 728 3881 &c-

196 3924 333 3959 Testibus
346 3926 495 3964 praediaestis.

198 4001 301 4030 Eodem
315 4003 388 4032 modo
401 4002 523 4042 fecerunt
537 4001 710 4044 Cartasfiaas
727 4001 858 4042 Mailgon.
869 4000 949 4044 filius
970 4003 1032 4045 Rqfi
1045 4002 1084 4039 ὠ
1097 4005 1164 4036 Rob.
1204 4023 1217 4030 -

164 4037 215 4069 lius
229 4040 355 4069 Maddoc.
375 4040 437 4081 Refi
456 4043 533 4073 Crek.
553 4044 681 4073 Maddoc.
690 4041 770 4085 filius
785 4041 892 4082 Griffin.
912 4042 944 4072 de
963 4042 1120 4083 Bromfeld‚
1138 4047 1165 4074 E
1172 4054 1219 4085 ys-

158 4078 192 4118 Je
205 4075 284 4117 filius
303 4079 430 4110 Maddoc.
440 4080 486 4120 set
506 4083 621 4112 nondum
642 4088 777 4120 receperat
790 4084 922 4111 Dominus
936 4083 1015 4121 Rex,
1032 4083 1160 4119 predicta
1175 4083 1218 4114 die

166 4118 327 4186 ΒοἸνΞξΖὶσῖ,
337 4120 445 4186 Isi-argus
457 4119 520 4158 Refi
535 4121 613 4154 Crek.
632 4118 818 4164 Maddeafil.
837 4118 947 4159 Grtffi'n·
960 4117 1001 4158 ό·
1014 4119 1110 4161 Elyffl'·

1229 221 1262 262 P
1300 222 1345 263 ti
1384 224 1417 264 Β
1454 225 1487 266 L
1523 228 1544 268 1
1580 229 1618 269 o
1656 231 1704 271 A.
2217 226 2272 283 39

1454 321 1528 378 Ξυοε
1542 314 1658 358 praesens
1672 315 1760 361 Carra
1771 321 1929 355 pervenerit
1944 317 2095 350 Mereduc.
2104 318 2175 349 filius
2185 317 2265 349 Rob.
2293 315 2367 346 Anii.
2377 312 2419 345 D:

1473 350 1539 380 doc.
1560 351 1694 391 Mailgaii.
1714 354 1783 385 filius
1798 356 1862 386 Res.
1881 357 2004 387 salutem.
2310 363 2394 392 1223.

1250 385 1347 416 Sciatis
1361 397 1412 417 nos
1425 390 1615 426 manucepisse
1628 401 1681 428 pro
1696 391 1833 424 Maddoc.
1853 395 1911 425 filio
1926 394 2042 425 Griffini
2063 395 2099 425 de
2114 393 2268 425 Bromseld.
2290 398 2353 421 Hen.
2374 402 2398 429 3:
2420 387 2421 391 Ἰ

1213 424 1247 454 &
1259 422 1354 462 Elyffe
1367 425 1425 456 filio
1440 425 1580 471 Maddoc.
1599 429 1677 466 quod
1690 429 1765 459 idem
1780 432 1996 471 sacramentum,
2014 435 2048 465 &
2063 433 2182 463 eandem
2197 432 2272 463 obli-

1209 463 1357 506 gationem
1375 463 1478 495 facient
1491 488 1501 503 ,
1527 465 1597 496 infra
1617 469 1772 498 terminum
1794 480 1880 507 quern
1902 471 2046 502 Dominus
2066 470 2271 502 Cantuasienfis

1215 500 1452 540 Archiepiscopus
1464 505 1502 533 eis
1516 503 1641 541 praefioet
1676 507 1803 543 quatinus
1815 518 1866 537 nos
1880 509 1998 539 fecimus
2028 520 2078 547 per
2090 510 2191 541 litteras
2204 518 2271 539 nos-

1250 307 1396 340 Omnibus
1409 311 1442 341 ad

1213 346 1293 377 Rob.
1313 346 1384 378 filius
1401 349 1453 379 Ma

1215 547 1268 569 tras
1283 548 1422 579 patentes,
1441 541 1477 571 de
1491 529 1682 574 satisfaciendo
1696 543 1843 575 Domimo
1858 545 1987 576 Henrico
1999 534 2074 587 Regi
2090 548 2199 587 Angliae
2208 571 2218 587 ,
2233 548 2267 578 &

1216 578 1267 608 suis
1298 577 1334 608 de
1351 578 1496 618 dampnis,
1514 582 1552 611 eis
1571 581 1648 612 illatis
1679 592 1720 612 ier
1740 582 1891 613 Leulinum
1905 585 1938 614 &
1951 584 2028 622 suOS,
2046 595 2061 614 a
2074 586 2120 616 die
2133 587 2270 623 captionis

1217 600 1311 660 Casiri
1322 616 1358 647 de
1372 618 1527 649 Kinardess.
1547 619 1633 662 usque
1645 630 1659 650 a
1691 621 1767 650 diem
1778 621 1956 652 absolutionis
1977 623 2058 661 ipsius
2080 624 2206 662 Leulini,
2225 625 2268 654 vi-

1218 654 1321 685 delicet
1333 679 1343 693 ,
1367 656 1454 694 usque
1474 657 1508 686 ad
1528 656 1604 687 dreni
1628 658 1740 690 Sabbati
1756 683 1765 696 ,
1781 661 1937 697 proximam
1953 660 2018 697 post
2036 660 2159 692 Ostabas
2174 663 2270 692 Sanffl

1220 693 1385 732 Michaelis,
1402 705 1477 725 anno
1493 695 1588 735 Regni
1600 697 1682 734 ipsius
1694 697 1814 729 Henrici
1829 698 1916 738 Regis
1927 698 2062 736 septimo,
2081 700 2131 729 nifi
2142 701 2272 737 praefatus

1220 731 1352 762 Leulinus
1366 732 1432 763 inde
1443 734 1608 765 satisfecerit.

1257 807 1392 839 Testibus
1406 809 1553 847 praedietis.

1258 885 1360 914 Eodem
1372 887 1445 915 modo
1451 885 1522 930 fecit
1537 891 1650 917 Cartam
1657 888 1737 927 fitam
1750 897 1798 927 per
1803 888 1834 927 fi’
1852 889 1931 928 Refics
1945 892 2022 920 Crek.
2042 902 2124 932 quam
2141 895 2257 923 Cartam
2265 913 2275 931 ,

1218 921 1298 962 fimul
1309 934 1366 952 cum
1381 927 1468 953 Carta
1480 924 1592 964 ejusdem
1613 928 1645 956 de
1652 931 1778 965 proxima
1786 928 1944 967 fitpradift'a
1957 929 2136 968 obligatione,
2154 939 2275 969 receptu-

1221 971 1267 989 rus
1281 969 1343 990 erat
1357 965 1484 991 Decanus
1496 964 1648 1003 Hereford,
1667 969 1782 995 Domino
1795 970 1860 1003 Regi
1872 968 2027 997 reddendas.

1497 1090 1630 1134 Principi
1644 1089 1771 1131 wallia,
1798 1089 1834 1122 de
1855 1088 2007 1133 obstdibus.

1222 1169 1350 1229 REX
1376 1171 1499 1202 Leulino
1514 1171 1636 1209 Principi
1651 1172 1821 1204 Norwalliae
1836 1173 1959 1204 salutern.
2299 1175 2376 1206 Ann.
2391 1169 2431 1203 Dx

1323 1209 1497 1240 Mandamus
1517 1211 1599 1240 vobis
1620 1212 1697 1248 quod
1712 1236 1722 1249 ,
1748 1212 1782 1241 ad
1804 1211 1879 1242 diem
1901 1213 1984 1243 vobis
2006 1214 2137 1246 statutum
2150 1239 2159 1253 ,
2185 1224 2282 1247 coram
2322 1221 2407 1251 1223.

1224 1245 1359 1278 Domino
1371 1248 1563 1280 Cantuarienfi
1579 1249 1799 1290 Archiepiscopo
1817 1274 1826 1288 ,
1841 1250 1875 1280 ad
1892 1250 2079 1283 restitutiones
2093 1253 2231 1284 faciendas
2244 1255 2280 1285 de
2301 1257 2354 1280 An.
2374 1253 2401 1278 8·

1224 1285 1352 1324 dampnis
1365 1311 1374 1325 ,
1400 1287 1482 1317 nobis
1501 1288 1535 1318 &
1554 1287 1655 1318 nostris
1671 1299 1721 1326 per
1732 1299 1785 1319 vos
1799 1290 1832 1321 ὃς
1847 1289 1955 1319 vestros
1969 1290 2066 1329 illatis,
2085 1291 2231 1331 videlicet,
2250 1294 2279 1322 in
2300 1295 2334 1318 H·
2358 1300 2382 1326 3-

1225 1324 1348 1366 crastino
1367 1325 1564 1363 purificationis
1586 1327 1674 1356 beata:
1695 1325 1796 1357 Mariae
1807 1351 1817 1365 ,
1836 1328 1955 1358 habeatis
1967 1339 2065 1359 coram
2081 1330 2162 1360 nobis
2177 1341 2278 1360 omnes
2300 1328 2390 1364 Claus.
2407 1326 2434 1354 8θ

1224 1362 1352 1401 oblides,
1371 1374 1443 1402 quos
1464 1364 1575 1403 cepistis
1595 1364 1632 1395 de
1649 1365 1813 1396 horninibus
1832 1365 1933 1396 nostris
1954 1366 1990 1397 de
2004 1368 2148 1406 Suwallia,
2189 1369 2281 1399 uando
2303 1371 2336 1393 H.
2360 1375 2385 1401 ὃν
2400 1375 2433 1392 m·

1226 1401 1368 1439 recepistis
1388 1402 1547 1433 custodiam
1561 1427 1570 1441 ,
1597 1402 1661 1441 post
1682 1414 1783 1441 pacem
1800 1429 1809 1439 ,
1828 1404 1933 1435 saetam
1946 1406 2018 1436 inter
2032 1417 2100 1443 nos,
2118 1408 2151 1437 ὃς
2164 1379 2286 1438 §amnes
2308 1405 2349 1431 ¹3·

1226 1439 1355 1479 nostros,
1370 1440 1407 1471 de
1421 1440 1526 1473 Castris
1538 1441 1638 1472 nostris
1654 1441 1689 1472 de
1704 1442 1870 1482 Kaerdigan.
1891 1445 1923 1474 &c
1944 1443 1981 1474 de
1997 1444 2191 1475 Kaermerdin.

1264 1516 1354 1548 Teste
1366 1517 1503 1549 Huberto
1516 1517 1553 1549 de
1568 1518 1678 1558 Burgo,
1688 1517 1850 1558 Justiciario
1866 1519 1984 1558 nostro,
2001 1531 2016 1551 a
2038 1521 2074 1552 ud
2087 1521 2291 1554 Westmonas-

1227 1557 1348 1594 terium,
1366 1557 1473 1589 octavo
1488 1557 1534 1589 die
1544 1557 1743 1597 Novembris,
1761 1569 1837 1589 anno
1852 1558 1948 1599 Regni
1961 1570 2001 1589 no
2028 1562 2051 1590 ri
2064 1561 2179 1595 octavo.

1475 1679 1503 1706 θ*
1529 1684 1650 1717 Littera
1674 1686 1756 1731 Papae
1773 1680 1903 1727 destinat
1925 1686 2028 1731 Regni.

2314 1681 2442 1723 *12631

1306 1765 1421 1797 Omino
1434 1765 1519 1805 Papa:
1530 1767 1652 1800 salutem.

1232 1766 1296 1827 D
1336 1803 1388 1849 De.
1406 1806 1548 1837 beneficiis
1568 1808 1714 1838 immensae
1736 1809 1843 1847 pietatis
1860 1808 1963 1841 vestrae
1977 1810 2172 1851 multimodis,
2192 1806 2293 1851 quibus
2315 1815 2390 1847 Ann.
2404 1809 2443 1845 D.

1230 1842 1442 1883 suffragantibus
1455 1844 1491 1875 de
1504 1846 1602 1876 nubilo
1615 1847 1777 1878 reducimur
1793 1849 1823 1877 in
1836 1847 1964 1879 serenum
1978 1848 2057 1887 supra
2068 1849 2170 1890 Regna
2183 1850 2291 1882 consti·
2338 1865 2422 1891 1223«.

1231 1883 1302 1919 tuti,
1320 1892 1385 1920 quae
1397 1884 1501 1913 merito
1514 1883 1606 1914 vestra
1620 1885 1697 1924 sunt,
1712 1885 1751 1915 set
1767 1886 1800 1916 &
1813 1895 1847 1916 ex
1858 1886 1916 1917 hoc
1932 1888 2076 1925 maxime,
2093 1888 2188 1927 quod,
2206 1898 2293 1919 trans—
2314 1898 2366 1922 Aa.
2382 1894 2398 1920 8

1233 1920 1319 1950 miffis
1333 1922 1362 1950 in
1378 1920 1509 1960 Angliam
1521 1922 1668 1954 sanctitatis
1683 1923 1783 1954 vestrae
1796 1923 1909 1962 litteris,
1927 1925 2042 1956 liberam
2057 1936 2110 1956 nos
2123 1926 2294 1958 administra-
2316 1937 2348 1960 H.
2371 1942 2395 1967 3.

1231 1960 1343 2003 tionem
1355 1958 1521 1990 Castrorum
1535 1961 1569 1991 &
1583 1971 1679 1992 rerum
1691 1961 1851 1993 nostrarum
1866 1964 1970 1993 habere
1983 1964 2129 2004 voluistis,
2147 1967 2294 2004 paternita-
2315 1971 2402 2007 Claus.
2420 1962 2447 1997 8,

1231 2005 1253 2028 ti
1268 1998 1384 2036 vestrae,
1403 2008 1469 2036 quas
1483 2000 1515 2030 ὅ(
1529 1999 1622 2037 quales
1635 2000 1781 2039 possumus
1795 2026 1804 2040 ,
1822 2000 1857 2031 ad
1876 2001 1974 2033 effusas
1995 2002 2037 2033 sur
2057 2004 2129 2033 imus
2148 2006 2297 2044 gratiarum
2317 2014 2343 2037 H
2366 2018 2390 2044 3.
2410 2011 2446 2035 m.

1233 2036 1375 2074 astiones,
1393 2036 1487 2067 eidem
1510 2047 1574 2075 quae
1596 2038 1632 2069 de
1654 2040 1736 2070 nobis
1752 2040 1785 2070 &
1800 2039 1872 2070 statu
1885 2040 1981 2080 Regni
1993 2051 2034 2072 no
2063 2042 2085 2071 ri
2097 2041 2206 2081 semper
2223 2042 2299 2074 solli·
2322 2054 2331 2074 i
2338 2056 2364 2083 5.
2376 2046 2403 2075 di

1235 2076 1290 2105 cita
1313 2074 1354 2105 est
1363 2099 1372 2113 ,
1384 2085 1443 2143 1pro
1457 2083 1539 2106 certo
1549 2077 1709 2121 *referentes
1725 2077 1803 2116 quod
1817 2101 1827 2117 ‚
1852 2078 2003 2117 postquam
2016 2079 2053 2110 de
2068 2090 2153 2118 pace,
2168 2082 2252 2112 nobis
2265 2082 2299 2114 ὃ(

1235 2122 1318 2145 terrae
1342 2124 1382 2144 no
1394 2114 1448 2144 'crae
1477 2113 1582 2144 reddita
1602 2139 1611 2154 ‚
1636 2116 1720 2155 gavrsi
1745 2116 1841 2147 sumus
1854 2140 1864 2156 ,
1889 2127 1948 2148 nun
1971 2128 2038 2148 uam
2061 2120 2200 2150 ma'orem
2220 2118 2299 2158 spem

1236 2152 1938 2225 ffiaffimdevessgrgffigaffiffigffimggffi
1954 2128 2140 2226 inatdiiiffiffsi
2153 2160 2187 2227 δέ
2203 2158 2301 2226 Βὸἓῗί

1237 2201 1381 2261 ῑιιαῑίεῐῖίίἓ
1392 2230 1644 2274 Archiepiscopus,
1664 2232 1720 2263 un‘a
1733 2242 1801 2262 cum
1816 2232 2004 2264 Dunelmensi
2018 2207 2166 2273 Episcoffg
2177 2207 2302 2265 ecrancei:

1237 2269 1307 2300 lario
1323 2268 1439 2307 nostr0,
1455 2269 1489 2300 ὃ(
1504 2268 1689 2308 Coepiscopis
1703 2270 1755 2301 suis
1770 2271 1803 2302 ὃ(
1817 2273 1924 2302 caeteris
1940 2271 2052 2312 Angliae
2066 2272 2196 2304 -Praelatis
2212 2273 2301 2311 (adhia

1238 2308 1296 2339 bita
1309 2308 1385 2338 circa
1398 2318 1450 2338 nos
1465 2308 1498 2339 ὃ(
1512 2308 1616 2347 agenda
1631 2308 1728 2339 nostra
1741 2309 1865 2349 vigilanti
1879 2310 1956 2348 cura)
1973 2310 2113 2342 affistente
2131 2312 2239 2350 semper
2262 2313 2302 2343 laa

1237 2348 1290 2376 teri
1305 2345 1404 2377 nostro
1419 2354 1550 2385 potenter
1561 2348 1596 2378 &
1612 2356 1737 2386 patenter
1756 2349 1785 2378 in
1804 2350 1887 2380 omni
1907 2348 2039 2380 fidelitate
2053 2350 2235 2381 dilectissimo
2247 2361 2302 2389 no-

1239 2385 1282 2415 bis
1297 2385 1432 2416 Huberto
1455 2384 1491 2415 de
1510 2385 1607 2422 Burgo
1622 2411 1632 2425 ,
1656 2386 1819 2424 justiciario
1833 2387 1934 2418 nostro
1968 2398 2037 2419 cum
2052 2390 2161 2419 caeteris
2177 2389 2304 2420 fidelibus

1240 2423 1341 2492 noifiris
1357 2446 1367 2462 ,
1389 2433 1460 2462 quos
1478 2424 1592 2455 inferius
1611 2425 1824 2456 nominabimus
1841 2450 1851 2464 ,
1877 2412 2043 2464 prosperum
2067 2426 2164 2458 effecit
2179 2429 2213 2460 &
2229 2437 2304 2460 tran-

1264 2473 1290 2493 ui
1311 2471 1370 2492 um.

1241 2473 1262 2500 q
1279 2501 1344 2538 Set,
1358 2510 1429 2531 vcurn
1450 2510 1510 2532 non
1531 2501 1655 2532 dormiat
1676 2502 1722 2532 ille
1735 2526 1745 2540 ,
1772 2503 1822 2541 qui
1844 2502 1958 2540 pacifica
1971 2503 2079 2542 semper
2092 2503 2179 2536 corda
2193 2500 2305 2536 turbare

1241 2540 1357 2577 nititur,
1375 2540 1394 2569 si
1410 2550 1481 2578 qua,
1498 2548 1533 2569 ex
1546 2549 1624 2578 parte
1638 2540 1817 2579 quorimdam
1835 2550 1870 2571 ex
1884 2541 2065 2581 Magnatibus
2080 2543 2200 2582 nostris,
2218 2543 2305 2575 simui

1243 2578 1361 2609 lantium
1379 2577 1407 2608 se
1425 2578 1498 2608 velle
1518 2580 1630 2617 negotia
1652 2579 1749 2609 nostra
1767 2589 1957 2619 promovere,
1976 2581 2045 2611 sicut
2057 2582 2140 2611 vobis
2154 2587 2306 2621 poterunt,

1243 2616 1263 2646 si
1277 2616 1367 2654 placet
1382 2639 1391 2654 ,
1413 2616 1589 2653 praesentium
1610 2617 1693 2655 bajuli
1715 2618 1821 2655 plenius
1837 2628 1979 2657 enarrare,
1997 2620 2079 2650 vobis
2094 2620 2168 2650 forte
2181 2620 2230 2660 sug
2249 2620 2308 2651 esta

1243 2654 1365 2692 fuerint,
1383 2655 1466 2684 nimis
1477 2653 1626 2692 audacter,
1645 2656 1696 2685 hiis
1710 2657 1850 2688 contraria
1884 2658 1975 2687 inania
1990 2658 2023 2688 δε
2046 2657 2100 2688 fide
2115 2660 2208 2689 minus
2243 2660 2309 2698 igna

1245 2702 1373 2761 reputare
1394 2693 1483 2723 velitis
1496 2705 1507 2731 3
1535 2695 1672 2730 quoniam
1687 2718 1697 2732 ,
1722 2704 1791 2725 cum
1805 2680 1963 2726 multorum
1977 2695 2082 2727 diversa
2096 2696 2128 2727 sit
2141 2697 2310 2736 plerumque

1245 2742 1285 2762 vo
1297 2740 1387 2770 untaS,
1405 2741 1467 2762 non
1486 2732 1621 2763 omnibus
1642 2734 1740 2764 omnia
1754 2757 1765 2772 ,
1791 2743 1855 2772 quae
1870 2735 1945 2765 circa
1958 2745 2011 2766 nos
2026 2735 2168 2767 versantur
2182 2736 2244 2767 sunt
2259 2747 2307 2768 aca

1244 2780 1281 2802 ce
1301 2779 1336 2801 ta.

1280 2780 1312 2840 Si
1334 2809 1402 2848 quid
1423 2817 1517 2841 autern
1540 2809 1771 2842 contradietionis
1792 2807 1933 2844 emersum
1954 2813 2057 2853 fuerit,
2083 2813 2162 2852 quod
2177 2814 2262 2853 absit,
2277 2816 2310 2844 in

1246 2848 1354 2889 Regno
1372 2848 1472 2879 nostro
1491 2849 1573 2879 facile
1592 2848 1685 2881 sedare
1704 2852 1858 2888 poterimus
1869 2876 1879 2889 ,
1906 2853 2076 2890 propitiante
2096 2853 2230 2883 Domino
2246 2874 2257 2891 ,
2274 2856 2310 2883 ex

1245 2889 1396 2918 memorati
1414 2887 1537 2918 Domini
1557 2886 1762 2919 Cantuariensis
1785 2890 1968 2928 Archiepisco
2010 2900 2131 2929 rumque
2149 2891 2223 2929 ejus,
2242 2898 2312 2922 nec-2

1245 2925 1478 2996 nonhjusticiarii
1498 2925 1608 2966 nostri,
1633 2928 1668 2960 ὅ(
1686 2927 1807 2959 aliorum
1828 2929 1911 2959 nobis
1980 2928 2114 2960 stentium
2136 2929 2256 2960 consilio
2275 2930 2310 2961 δ’(

1245 2975 1307 2996 auxi
1327 2976 1356 2997 o.

1285 3004 1413 3036 Petimus
1425 3006 1509 3044 igitur
1522 3015 1537 3035 a
1554 3004 1646 3035 saneta
1659 3007 1822 3044 paternitate
1833 3005 1923 3037 vestra
1945 3007 2073 3044 quatinus
2089 3005 2226 3037 Nuncios
2244 3012 2313 3038 nos-

1249 3052 1324 3081 tros,
1344 3043 1474 3074 videlicet
1489 3042 1606 3074 dilectos
1619 3045 1652 3075 &
1667 3044 1761 3074 fideles
1783 3043 1895 3074 nostros
1906 3067 1916 3083 ,
1942 3044 2115 3085 Magistrum
2136 3045 2312 3084 Stephanum

1248 3082 1285 3112 de
1300 3082 1399 3121 Lucy,
1417 3083 1450 3113 &
1467 3081 1507 3112 G.
1527 3081 1563 3111 de
1575 3081 1750 3113 Crancurnb.
1769 3084 1882 3122 quivos
1898 3083 2006 3120 plenius
2025 3083 2163 3115 instruere
2176 3090 2311 3122 poterunt

1248 3120 1286 3150 de
1300 3120 1372 3151 statu
1386 3120 1486 3150 nostro
1499 3121 1532 3151 &
1549 3120 1645 3159 Regni
1657 3120 1763 3157 nostri,
1781 3122 1904 3160 benigne
1917 3121 2045 3160 audiatis,
2063 3123 2097 3154 δε
2115 3124 2230 3161 negotia
2244 3128 2310 3153 nos=

1247 3167 1308 3197 tra,
1325 3169 1389 3198 quae
1403 3159 1454 3197 ipfi
1467 3159 1549 3189 vobis
1563 3167 1724 3197 exponent,
1742 3159 1874 3197 expedire
1886 3160 1994 3200 velitis,
2011 3161 2184 3200 diligentiam
2201 3160 2309 3191 Domi-

1247 3199 1279 3228 ni
1294 3197 1495 3229 Cantuariensis
1509 3199 1542 3228 &
1558 3196 1809 3239 Coepiscoporum
1821 3199 1879 3237 ejus
1892 3221 1902 3237 ,
1920 3199 2032 3239 agendis
2048 3199 2149 3230 nostris
2160 3199 2310 3237 expedien=

1247 3236 1290 3267 dis
1309 3236 1462 3274 appositam
1476 3259 1486 3273 ,
1509 3240 1672 3275 propenllus
1691 3236 1823 3267 habentes
1843 3238 2076 3269 commendatam
2091 3262 2101 3275 ,
2119 3237 2213 3267 dantes
2227 3238 2264 3266 eis
2279 3237 2311 3266 in

1248 3275 1384 3305 mandatis
1404 3283 1435 3305 ut
1457 3275 1540 3303 nobis
1560 3273 1681 3304 assistant
1694 3298 1704 3312 ,
1729 3275 1899 3313 rebellesque
1919 3276 2001 3306 nobis
2020 3277 2054 3308 &
2075 3275 2246 3306 adversantes
2259 3280 2310 3312 per

1248 3313 1393 3344 censuram
1408 3311 1638 3350 ecclesiasticam,
1655 3313 1840 3351 appellatione
1854 3314 1964 3344 remota
1999 3314 2188 3351 compescant.
2279 3347 2281 3349 ¹

1285 3351 1416 3383 Scribere
1436 3352 1519 3381 etiam
1542 3351 1631 3382 velitis
1653 3351 1788 3383 Huberto
1808 3351 1844 3382 de
1866 3338 2129 3395 Burgojusticiario
2141 3350 2257 3389 nostro,
2275 3351 2310 3382 &t

1248 3390 1302 3421 W.
1322 3390 1433 3420 Comiti
1445 3389 1554 3419 Saresb.
1575 3389 1627 3420 W.
1637 3389 1750 3420 Comiti
1766 3390 1948 3428 Marescallo,
1967 3390 2078 3420 Comiti
2092 3389 2231 3419 VVarenn.
2245 3388 2310 3420 Co=

1249 3429 1312 3459 miti
1331 3428 1367 3458 de
1388 3427 1494 3457 Ferrar.
1514 3426 1627 3458 Comiti
1644 3428 1697 3458 W.
1716 3428 1753 3459 de
1773 3428 1960 3459 Maundevill.
1980 3427 2090 3458 Comiti
2105 3427 2145 3457 H.
2159 3428 2185 3457 le
2200 3427 2310 3466 Bigodq,

1249 3466 1362 3497 Comiti
1376 3465 1416 3495 H.
1435 3467 1470 3496 de
1486 3465 1654 3498 Warrewic.
1673 3466 1785 3498 Comiti
1800 3466 1949 3497 Hereford.
1966 3465 2079 3496 Comiti
2091 3465 2310 3496 ArundeiiRoa

1249 3507 1333 3535 berto
1351 3505 1410 3535 filio
1428 3504 1550 3535 Walter-i
1564 3529 1574 3543 ,
1599 3505 1732 3536 Roberto
1752 3505 1788 3535 de
1808 3505 1870 3535 Ros
1883 3529 1892 3542 ,
1918 3503 2052 3534 Galfrido
2071 3504 2108 3533 de
2120 3504 2183 3542 Sap.
2201 3504 2255 3535 W.
2274 3505 2311 3536 de

1251 3543 1331 3575 Bello
1352 3543 1476 3580 Campo.
1495 3543 1548 3573 W.
1568 3544 1604 3574 de
1627 3544 1779 3573 Albiniaco
1826 3543 1868 3572 W
1870 3543 1957 3572 altero
1977 3542 2014 3572 de
2029 3541 2172 3580 clifford,
2188 3541 2313 3583 Rogero

1251 3582 1288 3613 de
1302 3581 1392 3620 Cliff,
1408 3582 1537 3612 Thomae
1556 3582 1593 3612 de
1615 3582 1766 3624 Muleton3
1775 3567 1816 3611 [31
1834 3581 1870 3611 de
1892 3580 2005 3610 Vincin.
2025 3580 2140 3611 firmiter
2162 3582 2312 3626 injungena

1251 3629 1311 3659 tes,
1329 3630 1360 3652 ut
1380 3620 1486 3661 agenda
1505 3620 1601 3650 nostra
1623 3620 1700 3650 solita
1719 3619 1860 3657 diligentia
1875 3627 2077 3656 promoveant,
2096 3620 2130 3650 &
2143 3620 2225 3649 nobis
2238 3623 2313 3651 iema

1252 3670 1302 3698 per
1317 3659 1432 3690 viriliter
1445 3658 1583 3696 asfistant3
1602 3667 1673 3695 quos
1686 3659 1770 3687 etiam
1785 3657 1822 3687 de
1833 3659 1951 3696 inceptis
1965 3656 2115 3697 diligentiae
2128 3658 2162 3689 &
2175 3657 2313 3691 fidelitatis

1252 3698 1307 3729 suae
1320 3697 1503 3728 laudabilibus
1515 3695 1717 3726 commendare
1730 3695 1828 3726 velitis.

1289 3736 1420 3767 Scribere
1434 3737 1517 3766 etiam
1531 3734 1620 3765 velitis
1631 3735 1712 3764 certis
1725 3734 1862 3772 personis,
1877 3742 1892 3763 a
1908 3732 2034 3764 Nunciis
2048 3733 2148 3765 nostris
2161 3735 2243 3766 vobis
2257 3744 2311 3766 no*

1255 3774 1391 3806 minandis
1405 3798 1415 3812 ,
1440 3772 1518 3812 quod
1534 3796 1544 3810 ,
1568 3772 1587 3801 li
1609 3770 1677 3809 quid
1698 3773 1728 3801 in
1745 3774 1841 3803 animo
1863 3774 2047 3810 conceperint
2067 3781 2166 3804 contra
2179 3784 2246 3813 nos,
2265 3773 2311 3805 vei

1251 3813 1441 3853 Justiciarium
1462 3810 1591 3841 nostrum
1606 3833 1615 3847 ,
1639 3809 1685 3839 vel
1703 3810 1771 3840 alios
1790 3810 1827 3841 de
1840 3810 1958 3848 nostris,
1976 3812 2025 3848 qui
2040 3812 2122 3842 nobis
2136 3812 2279 3850 asfistunt,
2296 3821 2313 3842 a

1255 3853 1401 3891 propolito
1421 3850 1467 3880 tali
1482 3849 1613 3886 resiliant,
1631 3848 1665 3878 &
1679 3849 1761 3879 nob'1s
1780 3848 1896 3879 firmiter
1906 3848 2081 3889 adhaereant,
2099 3850 2223 3889 alioquin
2233 3852 2311 3889 juxta

1257 3890 1463 3930 providentiam
1477 3887 1600 3917 vestram
1611 3887 1835 3924 compescantur.

1295 3929 1342 3960 Ut
1359 3937 1453 3958 autem
1476 3926 1526 3955 hiis
1537 3949 1547 3963 ,
1571 3934 1636 3962 quae
1656 3925 1740 3955 vobis
1758 3925 1903 3956 scribimus
1916 3948 1926 3964 ,
1946 3927 2036 3965 major
2054 3926 2121 3957 fides
2132 3926 2310 3964 adhibeatur,

1256 3967 1410 4006 paternitati
1421 3963 1523 3996 vestrae
1535 3973 1640 3993 notum
1652 3964 1785 4002 facimus,
1804 3964 1881 4002 quod
1896 3964 1994 3995 litterae
2016 3965 2160 4003 praesentes
2179 3975 2193 3993 a
2208 3964 2311 3994 volun-

1257 4014 1313 4036 tate
1334 4006 1368 4036 ὅ(
1389 4012 1534 4043 praecepto
1552 4001 1653 4032 nostro
1677 4011 1842 4033 emanarunt
1853 4025 1863 4041 ,
1887 4003 1921 4033 &
1935 4004 1964 4033 in
1976 4003 2118 4042 praesentia
2134 4001 2228 4032 nostra
2239 4008 2312 4033 con:

1258 4044 1342 4075 fectae
1355 4043 1389 4073 &
1403 4041 1523 4078 figillatae
1535 4040 1657 4071 fuerunt.

1294 4080 1378 4112 Plura
1398 4089 1493 4110 autem
1515 4078 1656 4116 posuimus
1674 4080 1704 4109 in
1723 4088 1774 4109 ore
1786 4079 1932 4110 motorum
1946 4079 2151 4117 Nunciorum,
2167 4078 2250 4110 vobis
2265 4081 2314 4108 eit³

1260 4118 1390 4159 ponenda
1403 4142 1413 4157 ‚
1439 4127 1502 4157 quae
1512 4140 1524 4156 2
1546 4117 1567 4149 fi
1585 4117 1694 4158 placet,
1711 4118 1970 4188 solitffenignitate
1982 4118 2073 4152 velitis
2087 4117 2232 4156 exaudire,
2250 4120 2319 4191 {1:11¹ss
