2570 4261
126 190 202 221 Αηη.
213 189 254 219 D.

155 237 239 267 ¹29¹·

124 270 193 296 Edv.
215 277 239 295 ι.

127 346 182 370 Ru.

124 380 263 417 (Ναξίῳ.

124 422 156 444 Ε,
170 428 191 445 1.
208 428 242 445 m.

123 459 152 482 ὁ.
171 458 196 484 al.

119 985 197 1016 Ann.
213 983 254 1015 D.

141 1034 225 1063 1291.

121 1068 173 1094 An.
189 1074 232 1091 20.

117 1106 148 1130 Σ.
172 1112 197 1130 x.

117 1145 250 1169 Bet-Scot-

117 1227 154 1246 m.
173 1226 216 1248 10.

111 2081 187 2116 Ann.
202 2080 243 2112 D.

139 2130 224 2161 1291.

109 2164 163 2190 An.
179 2171 223 2189 20.

110 2243 169 2267 Par.
187 2249 231 2269 20.

110 2281 140 2304 L·-
159 2285 182 2304 1.
196 2286 232 2305 m.

111 2475 238 2514 ''H-534-

111 3138 185 3170 Anu.
202 3136 243 3170 D·

131 3186 215 3213 1291.

111 3221 164 3244 Au.
181 3225 224 3243 20.

112 3259 140 3281 ΕΔ
165 3263 186 3280 ι.

109 3297 168 3321 Pae.
181 3301 222 3319 20.

113 3334 218 3359 E.1.m.

274 91 328 128 90

475 245 524 276 De
540 242 647 287 Regnis
668 238 782 285 Angliae
801 241 837 276 ὠ*
856 239 956 277 Scotiae
972 234 1146 280 conjunflis.

284 328 414 394 QUia
433 326 534 365 Regna
554 321 667 363 Angliae
686 324 720 355 &
744 323 867 359 Scotiae,
885 320 993 351 ratione
1012 319 1170 362 Superioris
1191 316 1342 361 Dominst,

364 364 442 403 quod
463 366 491 394 in
512 363 617 394 eodem
637 361 746 402 Regno
765 361 872 392 Scoriae
893 360 1055 398 optinemus
1070 357 1223 389 benedidio
1238 354 1344 386 Altiffi-

283 415 351 440 mo,
368 404 431 433 sunt
442 402 605 440 conjunfflca,
1238 434 1243 439 .

318 442 490 472 Mandatum
511 439 552 470 est
570 436 732 478 justiciariis
752 437 789 470 de
807 437 903 468 Binco
917 460 927 474 ,
950 435 1029 475 quod
1051 434 1149 466 Brevia
1170 433 1274 474 Regis,
1289 442 1343 477 co-

278 490 337 511 ram
359 481 396 510 eis
417 479 549 518 porre&a
568 479 613 510 vel
634 485 791 516 remmam,
809 476 846 506 de
863 475 924 505 data
943 474 1055 504 dierum
1078 474 1111 504 &
1125 473 1278 510 locorum,
1297 481 1342 501 in-

277 519 318 549 fra
337 518 415 550 idern
439 518 576 558 Regnum
598 517 720 556 Scotiae,
738 516 918 546 mentionem
938 513 1089 550 facientia,
1107 511 1144 541 de
1163 519 1270 542 caetero
1292 508 1341 540 ad-

277 565 520 637 miffiigzfitiones'
539 595 558 625 si
574 604 658 633 quas,
675 592 712 624 de
726 590 887 661 hufusmodi'
899 590 966 620 datis
981 590 1015 621 ὅ(
1029 588 1117 626 locis,
1137 588 1260 627 proponi
1267 596 1339 618 con-

274 636 365 675 tigerit
379 643 480 666 coram
495 635 532 664 eis
541 657 551 673 ‚
569 633 724 664 nullatenus
736 632 759 661 al
771 638 893 662 ocantes.

310 710 400 743 Teste
414 709 498 751 Rege
509 709 583 749 apud
596 709 776 741 Berewicum
788 707 869 747 super
884 705 1026 739 Twedam
1040 714 1065 745 3.
1079 703 1125 736 die
1135 704 1211 744 Julii.

273 839 333 870 Pro
358 834 517 869 Michaele
540 836 625 868 Scoto
642 861 652 877 ‚
678 832 715 867 de
744 832 858 868 Wara'a
878 860 888 876 ,
906 832 963 877 stu
991 834 1168 880 Adaritagio
1186 829 1248 876 sibi
1266 842 1339 878 pro·

736 882 877 916 videndo.

276 970 403 1033 REX
419 996 433 1016 ,Ι
450 972 483 1002 &
502 970 627 1015 superior
647 968 794 1024 Dominus
816 967 914 1011 Regni
932 966 1060 1013 Scotiaefl,
1078 967 1291 1015 Venerabili'bus
1307 970 1336 999 in

362 1009 481 1042 Christo
495 1010 622 1080 gambus
639 1008 692 1039 w.
716 1008 749 1039 ἃ
770 1007 810 1038 R.
837 1006 938 1037 eadem
961 1015 1049 1044 gratia
1063 1031 1073 1045 ,
1096 1007 1192 1038 &ancli
1212 1008 1338 1039 Andreae

271 1049 306 1081 &
320 1048 482 1081 Glascuensi
522 1049 660 1087 piscopis,
678 1049 711 1079 &
724 1047 814 1078 Sociis
828 1046 880 1077 suis
901 1044 1078 1077 Custodibus
1097 1045 1220 1085 ejusdem
1242 1047 1338 1088 Regni

271 1087 404 1168 saltslffiiririi,
423 1137 474 1166 per
487 1125 691 1171 inspec'iionem
707 1122 881 1163 quarundam
899 1123 1041 1154 literarum
1064 1125 1218 1162 patentium
1238 1124 1338 1170 Sigillis

271 1165 386 1205 vestris,
407 1166 525 1205 (praefati
545 1163 698 1202 Episcopi)
715 1173 830 1194 necnon
851 1164 885 1194 &
907 1162 1008 1202 Sigillis
1046 1162 1217 1194 uorumdam
1232 1163 1337 1195 Socio-

242 1201 248 1207 ’
270 1215 336 1236 rum
356 1205 517 1237 vestrorum
535 1202 741 1242 praedierorum
755 1226 765 1240 ,
783 1201 971 1241 signatarum,
996 1212 1036 1232 no
1060 1203 1080 1232 is
1101 1200 1213 1232 constat
1225 1226 1235 1241 ,
1256 1203 1336 1241 quod

268 1254 321 1275 vos
335 1268 344 1282 ,
371 1246 402 1275 in
422 1242 713 1280 recompensationem
732 1241 835 1271 laboris
849 1265 859 1278 ,
895 1250 982 1278 quern
1006 1240 1135 1271 Michael
1153 1240 1256 1272 Scotus
1281 1252 1335 1280 pro

266 1284 418 1314 communi
437 1283 552 1314 utilitate
568 1281 640 1312 dieti
659 1281 779 1320 Regni,
799 1278 894 1310 eundo
915 1279 949 1309 ad
970 1287 1058 1320 partes
1076 1279 1262 1318 Norwagiae,
1279 1291 1334 1319 pro

270 1321 626 1391 filiadRegisdlxionvagiae,
646 1318 777 1350 Domina
789 1318 913 1356 Scotiae,
932 1319 966 1350 δε
977 1317 1042 1350 inde
1055 1319 1085 1348 in
1104 1327 1207 1350 terram
1226 1318 1334 1350 Scotiae

268 1371 326 1393 con
349 1371 421 1391 ucen
443 1370 458 1390 a

306 1398 408 1429 Eidem
428 1384 583 1437 Michaeli,
602 1397 638 1428 de
660 1396 829 1436 MaritagiO,
844 1394 890 1426 seu
912 1395 1023 1427 warda
1041 1399 1217 1434 competenti
1232 1421 1241 1435 ‚
1255 1396 1334 1435 jinrta

266 1438 487 1470 condecentiarn
505 1436 591 1468 status
611 1437 668 1474 sui,
684 1446 735 1474 pro
758 1436 853 1472 aliquo
871 1433 917 1465 seu
937 1435 972 1464 ali
995 1435 1029 1466 uri.
1047 1435 1204 1465 liberomm
1217 1435 1333 1466 suorum

266 1479 346 1516 (cum
366 1476 408 1506 W
410 1475 492 1515 arda,
512 1477 558 1506 seu
579 1474 762 1516 Maritagium
785 1472 946 1511 hujusmodi
962 1484 978 1504 a
1017 1475 1121 1513 regiam
1142 1473 1333 1514 Magestatem

266 1515 418 1553 accideret)
436 1514 588 1554 providere
600 1512 784 1553 promisistis,

303 1556 403 1594 Qam
418 1553 533 1594 quidem
547 1551 764 1592 promissionem
772 1575 782 1590 ,
798 1550 948 1582 occasione
962 1550 1067 1589 nostri,
1087 1549 1207 1583 differtis
1219 1551 1313 1584 facere
1323 1577 1334 1592 ,

266 1593 439 1664 ficssblssdgie}
461 1630 678 1671 promissionem
697 1629 774 1660 illam
794 1627 912 1659 effe&ui
932 1627 1030 1659 debito
1052 1629 1228 1673 mancipare,
1248 1630 1330 1661 vobis

264 1671 430 1702 mandamus
466 1669 524 1701 uod
539 1669 657 1708 praefato
674 1667 811 1700 Michaeli
826 1667 862 1698 de
877 1666 987 1698 warda
1000 1667 1046 1698 seu
1063 1667 1218 1705 Maritagio
1236 1668 1332 1708 hujus-

263 1681 635 1789 ωῗὲιςῑξῧέξέἓτζίέεείαῑίε,
646 1709 726 1747 quta
739 1705 956 1748 promissionem
967 1706 1089 1738 vestram
1105 1706 1288 1745 praediiStam.;

296 1826 389 1858 ‘reste
404 1825 487 1865 Rege
500 1823 574 1864 apud
589 1823 726 1856 London.
743 1832 769 1864 3.
782 1822 828 1855 die
840 1822 1020 1855 Decembris.

264 1951 313 1985 De
336 1949 421 1983 corde
448 1953 535 1998 Regis
558 1952 706 1986 Hmrici,
732 1945 858 1982 liberato
883 1945 1041 1993 Abbatiffit
1061 1949 1163 1982 Fontis
1175 1945 1327 1991 Ebroldi,

501 1997 545 2032 ad
554 1997 758 2046 fipeliendum
777 2001 808 2030 in
826 1994 1092 2042 Monasteriosum

264 2083 404 2144 REX,
421 2084 556 2116 omnibus
571 2084 606 2115 ad
621 2094 710 2122 quos,
729 2083 790 2114 &c.
805 2082 930 2113 salutem.

393 2124 436 2154 uia
452 2133 504 2161 pro
515 2132 597 2154 certo
612 2123 811 2160 intelleximus,
829 2120 925 2159 quod,
944 2119 1060 2152 celebris
1074 2122 1225 2151 memoriae
1259 2119 1327 2152 Do-

263 2163 354 2192 minus
411 2163 539 2200 enricus,
556 2161 703 2200 quondam
724 2160 789 2191 Rex
810 2160 922 2204 Angliae
959 2168 1040 2203 pater'
1053 2159 1150 2190 noster
1164 2183 1174 2198 ,
1193 2145 1253 2197 ipsi>
1272 2159 1325 2190 du-

265 2201 336 2231 dum
348 2200 483 2244 existente
497 2200 570 2240 apud
585 2199 795 2231 Monasterium
809 2198 833 2229 F
834 2207 910 2242 ontis·
921 2183 1058 2237 lilbroldi,
1075 2208 1129 2230 cor
1144 2198 1224 2230 suum
1234 2222 1244 2237 ,
1261 2197 1327 2237 post

263 2241 321 2278 ejus
331 2239 495 2277 decenum,
513 2239 607 2269 eidem
622 2238 802 2269 Monasterio
817 2237 963 2277 promisit,

302 2277 339 2308 Et
349 2278 451 2309 dilecta
463 2279 547 2308 nobis
559 2279 588 2308 in
598 2276 717 2308 Christo
733 2276 880 2308 Abbatissa
896 2274 1067 2306 Monasterii
1081 2274 1227 2314 praedicti,
1235 2285 1326 2314 nuper

260 2316 445 2387 ignaAngliam
463 2316 618 2361 accedens,
636 2326 689 2347 cor
711 2315 779 2347 illud
801 2315 867 2353 sibi,
889 2316 967 2354 juxta
989 2313 1205 2353 promissionem
1225 2314 1327 2356 praedi-

298 2356 700 2439 gisegtsitslliiggiesrir‘il'clliristo
712 2392 874 2436 Walterus,
891 2392 987 2436 Abba-s
1001 2391 1252 2424 westmonasterii·
1273 2402 1325 2424 cor

261 2433 430 2477 praedidhim
451 2442 607 2503 inteffum,
625 2443 654 2463 in
676 2431 821 2476 praesentis.
835 2431 1040 2462 venerabilium
1060 2439 1188 2475 patrum,
1206 2431 1243 2462 A.
1258 2415 1326 2463 bu-

260 2473 408 2503 nelmeniis
421 2495 430 2510 ‚
448 2473 482 2504 ὅ(
536 2496 542 2501 .
563 2473 581 2492 ⁴*
602 2471 792 2503 Bathonienlis
812 2471 846 2502 &
864 2469 1016 2501 Wellensis
1035 2468 1246 2508 Episcoporum
1289 2471 1324 2502 &

258 2512 430 2543 dileciorum
445 2513 478 2543 &
491 2511 618 2543 fidelium
631 2509 796 2554 nostrorum
813 2508 959 2553 Edmundi
974 2508 1062 2539 fratris
1075 2508 1181 2552 nostri,
1200 2510 1235 2541 &
1247 2494 1326 2539 Wil-

257 2551 348 2628 l¹i>¹elmi
360 2551 396 2581 de
409 2550 537 2582 Valentia
550 2549 683 2582 avunculi
697 2547 806 2586 nostri,
823 2548 857 2579 &
871 2547 992 2579 aliorum
1011 2546 1136 2579 fidelium
1157 2547 1326 2579 nostrorum

289 2598 445 2620 mimorum

297 2627 359 2660 'Die
374 2612 484 2666 Luna'z,
500 2628 636 2666 proximo
649 2634 713 2656 ante
726 2624 843 2656 Festum
861 2625 951 2656 bema
970 2623 1070 2655 Luciae
1086 2623 1231 2663 Virginis,
1248 2634 1326 2657 anno

258 2666 355 2707 Regni
373 2666 463 2697 nostri
480 2666 635 2702 vicesimo,
652 2666 682 2695 in
694 2662 1094 2702 EccleflaWeſtrnonasterii,
1113 2663 1257 2702 praedistae
1264 2663 1325 2694 Ab-

258 2705 365 2737 batiss'ae
376 2728 388 2743 ,
412 2705 449 2736 de
465 2705 611 2736 voluntate
629 2704 662 2735 δε
680 2710 828 2742 praecepto
843 2701 944 2732 nostro
960 2725 969 2740 ,
994 2701 1124 2732 liberavit
1139 2726 1149 2740 ,
1166 2702 1202 2732 ad
1221 2701 1323 2740 praedi-

259 2743 573 2814 Ctugngonasterium
591 2743 690 2775 Fontis
709 2741 828 2773 Ebroldi
846 2739 1032 2772 deferendum
1045 2764 1056 2779 ,
1080 2742 1114 2773 &
1132 2740 1323 2779 sepeliendum

258 2793 288 2814 in
363 2793 419 2814 em.

295 2821 329 2852 In
349 2823 445 2861 cujus,
465 2823 525 2854 &c.

296 2899 387 2931 Teste
404 2899 490 2937 Rege
507 2898 581 2938 apud
601 2897 737 2929 London.
758 2906 784 2937 3.
799 2897 845 2928 die
862 2895 1045 2934 Decembris,

403 3047 461 3078 Pro
478 3042 637 3091 Abbatiffiz
659 3048 695 3083 ώ-
715 3041 906 3078 Monialibus
924 3045 1027 3076 Fontis
1043 3039 1182 3075 Ebroldi.

263 3137 409 3202 REX,
426 3139 532 3171 dilecto
547 3141 580 3171 ὅ(
596 3139 669 3170 fideli
684 3138 751 3177 suo,
769 3138 912 3177 Stephano
927 3138 963 3169 de
976 3137 1081 3169 Penec.
1096 3134 1219 3167 Custodi
1241 3136 1325 3174 quin-

344 3189 399 3217 que
417 3187 551 3216 portuum
567 3179 680 3208 suorum
700 3178 821 3208 salutem.

299 3218 377 3256 Qia
394 3217 507 3248 diledbe
524 3218 609 3248 nobis
627 3218 656 3246 in
675 3216 794 3248 Christo
934 3213 1080 3247 Abbatissa
1096 3213 1130 3245 &
1149 3212 1323 3244 Conventus

262 3256 358 3287 Fontis
375 3254 496 3287 Ebroldi
510 3279 520 3294 ,
543 3266 592 3294 per
615 3254 713 3286 Carras
731 3254 974 3286 Praedecessorum
992 3253 1157 3285 nostrorum
1170 3274 1179 3290 ,
1204 3252 1323 3291 Regum

261 3295 388 3334 Angliae‚
406 3295 491 3325 talem
510 3292 633 3325 clamant
650 3294 753 3324 habere
771 3294 927 3324 libertatem
941 3317 952 3333 ,
971 3292 1050 3332 quod
1068 3290 1132 3329 ipsae
1145 3314 1156 3329 ,
1173 3291 1207 3321 &
1225 3299 1324 3321 earum

259 3334 390 3365 homines
405 3335 494 3373 quieti
511 3333 563 3364 sint
579 3333 617 3364 de
632 3333 754 3372 passagio
771 3342 820 3371 per
839 3341 931 3363 toturn
950 3333 997 3363 Re
1017 3340 1087 3362 num
1102 3329 1246 3360 nostrum:

297 3373 364 3404 Nos
377 3396 388 3412 ,
411 3381 528 3413 propter
553 3374 706 3409 intimam,
731 3381 816 3410 quam
842 3380 906 3410 erga
931 3381 962 3410 pr
1019 3370 1076 3401 stas
1094 3368 1269 3399 Abbatissarn
1289 3368 1323 3399 &

259 3410 448 3444 Conventum
466 3411 588 3451 gerimus
606 3409 806 3448 affectionem,
824 3409 950 3441 volentes
968 3408 1047 3450 quod
1061 3407 1170 3439 eaedem
1189 3406 1324 3438 Abbatis-

261 3449 287 3479 sa
303 3451 336 3481 ὃ(
354 3450 526 3481 Conventus
542 3450 669 3481 libertate
688 3448 823 3487 praediffli
835 3473 846 3487 ,
868 3448 923 3487 quii
940 3449 1096 3479 verborum
1115 3446 1237 3486 generali
1254 3454 1323 3485 gau-

261 3487 330 3555 f:lazur
352 3489 528 3527 expressione
543 3513 554 3527 ,
577 3488 728 3527 specialiori
744 3487 781 3519 de
802 3496 907 3518 caetero
929 3484 1115 3526 praerogativa
1131 3484 1269 3524 gaudeant
1286 3484 1321 3516 ὃ(

318 3536 353 3563 03

301 3562 499 3607 Concessimus
517 3565 618 3596 eisdem
638 3564 791 3596 Abbatissae
808 3565 841 3596 &
865 3563 1033 3595 Convenrui
1046 3587 1056 3603 ,
1078 3571 1132 3601 pro
1147 3561 1240 3592 'nobis
1252 3585 1263 3600 ,
1287 3560 1322 3591 δε

262 3599 415 3645 haeredibus
430 3604 530 3634 nostris
545 3629 554 3642 ,
580 3612 717 3643 quantum
736 3605 765 3633 in
780 3604 861 3634 nobis
880 3603 922 3633 est
933 3626 943 3642 ,
968 3602 1047 3641 quod
1062 3601 1127 3641 ipfae
1141 3622 1152 3639 ‚
1169 3601 1204 3631 &
1223 3608 1320 3631 earum

264 3638 392 3683 homines
413 3643 440 3671 in
461 3652 542 3680 portu
557 3642 657 3673 nostro
680 3641 828 3679 Dovorae,
847 3643 880 3672 δε
898 3644 1032 3672 omnibus
1049 3641 1107 3671 aliis
1122 3638 1251 3677 portibus
1269 3647 1322 3667 no-

263 3675 326 3719 stris
337 3700 349 3715 ,
364 3679 396 3708 δε
413 3680 482 3710 locis
497 3682 554 3711 aliis
568 3704 578 3720 ,
595 3682 624 3711 in
643 3680 751 3720 Regno
769 3680 868 3711 nostro
879 3703 889 3718 ,
907 3681 937 3710 in
955 3681 1055 3720 quibus
1071 3678 1138 3719 pass
1167 3678 1172 3683 '
1240 3701 1251 3715 ,
1275 3674 1322 3707 vel

262 3714 316 3758 alia-
331 3717 501 3749 consuetudo
519 3721 590 3759 exigi
609 3720 711 3758 poterit
728 3719 762 3749 ad
780 3729 852 3759 opus
868 3718 1013 3758 nostrum,
1029 3720 1131 3757 quieoe
1153 3725 1195 3747 int
1212 3714 1249 3745 de
1262 3723 1323 3754 pas-

263 3753 338 3791 s³g¹0
354 3775 363 3790 2
389 3755 421 3784 &
439 3756 453 3784 ὲ
473 3758 649 3793 praestatione
667 3757 814 3795 cujussibet
832 3757 940 3789 alterius
959 3756 1166 3788 consuetudinis
1184 3755 1323 3792 imperpe-

264 3799 372 3834 tuum,
397 3795 522 3836 quotiens
539 3797 606 3834 ipsas
625 3806 673 3835 per
692 3804 790 3835 portus
808 3795 957 3833 praediems
971 3821 980 3834 ,
1013 3795 1060 3826 vel
1077 3794 1127 3825 alia
1141 3793 1204 3824 loca
1223 3790 1324 3830 praedi-

265 3829 312 3859 ἃᾶ
324 3839 378 3873 ,ΕΠ
393 3832 545 3876 venlendo,
564 3835 609 3865 vel
629 3834 774 3865 redeundo
787 3856 798 3871 ‚
815 3835 927 3864 transire
945 3834 1110 3874 contigerit3
1137 3831 1209 3862 dum
1227 3838 1323 3861 tamen

265 3868 396 3911 homme}
411 3890 420 3903 ,
447 3870 641 3904 praediclarum
668 3871 821 3904 Abbarissae
844 3873 878 3903 &
896 3872 1069 3904 Conventfis
1087 3870 1220 3901 homines
1236 3868 1264 3898 se
1282 3877 1324 3898 ra-

264 3905 433 3937 tionabiliter
451 3906 554 3937 docere
573 3911 676 3945 possint
693 3910 817 3941 existere,

302 3943 337 3973 ΕΙ
353 3944 418 3973 ideo
432 3944 513 3972 vobis
527 3946 704 3985 mandamus,
724 3949 801 3987 quod
814 3947 959 3986 praediems
980 3947 1172 3984 Abbatisfiim,
1187 3945 1222 3976 &
1240 3942 1324 3974 Con-

263 3991 380 4012 ventum
394 4005 403 4021 ,
427 3981 460 4012 δε
481 3990 574 4013 earum
593 3984 722 4017 homines
737 4011 746 4025 ,
770 3996 839 4018 curn
857 3987 928 4025 ipsos
946 3997 996 4025 per
1016 3986 1186 4025 praedictum
1206 3991 1323 4024 portum

740 56 1548 109 CONVENTIONES,
1603 57 1990 115 LITERAE,

1382 142 1513 175 nostrum
1529 144 1682 186 Dovorae,
1700 146 1747 177 vel
1766 146 1834 178 alios
1852 156 1951 185 portus
1969 145 2082 178 nostros
2102 147 2200 179 venire
2218 148 2388 190 contigerit,
2404 152 2418 182 i*
2465 146 2570 186 Anni]

1382 182 1443 220 sOS,
1498 192 1628 226 rportus
1648 185 1798 229 praedissios
1812 209 1822 224 ,
1840 186 1876 216 de
1894 186 2037 226 paffagio,
2055 187 2088 217 &
2107 186 2124 216 a
2141 185 2320 224 piaestatione
2337 160 2450 229 cujuili:
2492 198 2570 229 1292

1383 221 1433 264 bet
1475 230 1557 252 terius
1573 223 1782 266 consuetudinis
1800 226 1911 263 quietos
1924 247 1934 263 ‚
1959 225 2089 263 quotiens
2104 225 2178 263 ipsos
2195 235 2247 266 per
2265 226 2381 258 eosdem
2398 240 2450 260 ve-
2464 230 2534 257 Edv.
2554 238 2565 257 ι

1383 268 1443 303 nire
1455 282 1465 298 ,
1484 260 1530 291 vel
1547 261 1637 292 redire
1654 263 1805 302 contigerit
1819 287 1830 301 ,
1847 263 1936 294 libere
1951 263 2063 293 transire
2080 265 2244 301 permittatis
2257 288 2267 302 ,
2292 264 2363 297 ficut
2377 276 2450 305 prae-

1383 297 1494 342 ὼᾷυζη
1515 298 1556 343 est
1571 311 1582 338 3
1600 310 1661 330 non
1678 301 1829 332 inferentes
1845 303 1883 332 eis
1894 325 1905 340 ,
1928 301 1976 333 vel
1988 325 1999 339 ,
2041 311 2156 333 uantum
2175 302 2205 332 in
2224 303 2308 334 vobis
2326 304 2368 334 est
2380 328 2390 343 ,
2412 307 2450 337 ab

1384 337 1441 366 alus
1460 337 1555 367 mferri
1575 340 1766 376 permittentes
1778 340 1926 380 injuriam,
1943 340 2032 372 molel
2047 342 2120 380 iam,
2134 340 2310 380 dampnum,
2328 343 2451 382 impedi-

1384 383 1532 414 mentum,
1549 376 1595 407 seu
1615 386 1777 417 gravamen.

1419 412 1453 444 In
1471 415 1566 454 cujus,
1581 415 1641 447 &c.

1417 489 1508 521 Teste
1521 491 1605 532 Rege
1616 492 1690 532 apud
1702 492 1881 525 Stubenheth
1894 504 1922 534 9.
1939 494 1985 526 die
2003 492 2186 527 Decembris.

1378 614 1428 647 De
1446 611 1516 658 foco
1541 621 1578 651 (y
1597 616 1686 657 vino,
1706 625 1762 661 pro
1780 618 1916 658 Maria,
1934 616 2006 662 filia
2025 620 2130 665 Regis,
2153 618 2386 653 Sanfbimonials·
2408 632 2447 654 a·

1657 664 1726 710 pud
1731 662 1988 699 Ambresburiam
2000 691 2011 708 ,
2017 667 2154 713 provisis.

1376 746 1526 808 REX,
1544 749 1697 792 omnibus,
1715 749 1750 794 ad
1764 759 1853 788 quos,
1870 750 1933 782 &c-
1952 750 2076 783 salutem.
2463 746 2540 780 Ann-
2552 750 2570 782 I

1462 788 1577 830 ‚bciaris
1594 797 1647 817 nos
1664 787 1771 831 dedisse
1790 789 1824 820 &
1843 788 2029 833 concessisse,
2047 801 2100 835 pro
2116 792 2220 832 nobis,
2241 792 2275 824 &
2286 791 2447 827 haeredibus
2484 794 2569 827 1292¹

1376 824 1498 867 nostru,
1517 824 1630 870 dilecstaeg
1647 824 1711 856 filiae
1730 826 1853 866 nostrae,
1873 827 1974 873 Manae
1992 828 2207 874 Sanchmoniali
2224 831 2321 862 Fontis
2338 832 2445 876 Ebrol-
2463 833 2515 858 An.
2531 839 2570 861 201

1376 861 1423 931 ΕΞ,
1439 871 1633 909 commoranti
1651 864 1725 909 apud
1745 866 1997 911 Ambresburiam,
2017 867 2196 908 quadragmta
2213 870 2334 908 robora,
2349 875 2444 910 ungu·
2461 873 2489 898 E·
2514 879 2537 898 ¹·

1375 904 2444 1014 3333,ffiffiigmfflfssffigffflpfiffiffltiuffiff‘fflzffg
2460 912 2570 979 25¹1:ss:

1390 988 1496 1022 uetuit,
1515 990 1530 1010 a
1601 990 1670 1011 cum
1696 991 1785 1026 uum,
1803 991 1833 1012 ui
1896 981 1974 1013 merel
2002 982 2038 1014 usi
2052 1006 2062 1022 2
2081 984 2216 1027 quamdiu
2236 995 2351 1018 moram
2367 989 2445 1020 fece-
2463 985 2550 1014 23-1'71

1375 1019 1947 1128 Etssgdiimldffezzerssgrgcmconceffimus
1961 1068 2052 1106 ,pro
2061 1061 2145 1106 nobis
2163 1062 2197 1107 ὃς
2216 1061 2375 1107 liaeredibus
2391 1075 2446 1097 no-
2461 1024 2570 1061 cedula*

1375 1097 1813 1178 „izzffissssffliifsseffnnffi
1829 1097 2445 1174 ssssuizsssxffi¹⁰1sszsifflssmi¹¹gitsffffffin²32

1377 1175 1426 1212 qui
1445 1185 1497 1213 pro
1515 1184 1644 1214 ternpore
1658 1176 1764 1220 fuerint
1783 1177 1890 1220 (unam
1915 1175 2046 1208 videlicet
2066 1178 2248 1210 medietatem
2264 1180 2294 1209 in
2313 1151 2447 1218 (guindel

1374 1223 1410 1281 {lia
1434 1213 1548 1283 pasch-<3
1562 1239 1572 1253 ,
1595 1215 1629 1246 &
1654 1215 1737 1259 aliam
1765 1215 1946 1245 medietatem
1967 1215 2002 1272 ad
2029 1216 2146 1247 Festum
2160 1216 2259 1262 Sancti
2277 1217 2396 1251 Martini
2413 1222 2445 1264 in

1374 1254 1493 1322 1332an
1494 1263 1549 1332 eagn
1550 1253 1945 1332 usitiistggffigeffingliargerae
1962 1253 2017 1285 suae
2032 1278 2043 1294 ,
2062 1256 2198 1297 quamdiu
2215 1266 2329 1289 motam
2345 1258 2447 1291 fecerit

1412 1367 1446 1399 In
1464 1370 1558 1408 cujus,
1576 1370 1638 1402 &c.

1412 1445 1511 1478 Meste
1531 1446 1614 1488 Rege
1629 1446 1704 1486 apud
1722 1446 1930 1480 Westmonast.
1952 1457 1980 1479 2.
1996 1447 2043 1479 die
2056 1447 2186 1488 Januarii.

1371 1586 1400 1614 s}
1427 1588 1476 1621 De
1494 1587 1632 1635 Epiftopo
1649 1587 1821 1636 Offorienfi,
1833 1597 1937 1621 contra
1954 1587 2201 1636 Confhetudinem
2211 1587 2437 1640 Hybernicam,
2456 1597 2570 1638 *11535

1813 1635 1986 1670 relevando.

1371 1721 1519 1785 REX,
1537 1723 1673 1755 omnibus
1686 1722 1721 1754 ad
1737 1732 1825 1763 quos,
1843 1723 1904 1754 &c.
1923 1722 2046 1754 salutem.
2458 1720 2570 1753 Ami:

1473 1761 1554 1793 Cum
1567 1787 1578 1801 ,
1600 1762 1756 1794 secundum
1775 1761 2009 1793 consuetudinem
2027 1770 2108 1793 terrae
2126 1760 2279 1794 Hiberniae
2291 1787 2303 1802 ,
2323 1772 2384 1796 non
2402 1764 2436 1796 li-
2484 1769 2570 1798 1292-

1370 1809 1433 1844 cent
1446 1802 1598 1845 cuiquam,
1617 1802 1653 1833 de
1666 1801 1739 1833 terra
1752 1799 1814 1840 illa,
1833 1810 1903 1832 cum
1919 1801 1934 1830 a
1949 1800 2052 1832 nostris
2065 1801 2100 1832 ὃς
2112 1800 2165 1831 suis
2185 1802 2309 1834 inimicis
2326 1802 2437 1835 Hiber·
2455 1802 2508 1828 An.
2525 1809 2570 1830 ²0.

1370 1849 1440 1869 nicis
1457 1839 1508 1870 suis
1526 1840 1610 1871 bonis
1631 1840 1735 1871 fuerint
1746 1840 1870 1879 spoliati,
1887 1849 1957 1870 cum
1971 1840 2010 1870 eis
2022 1839 2089 1870 inde
2102 1840 2253 1871 traditarum
2267 1841 2388 1881 habere,
2407 1852 2438 1873 e·
2455 1842 2485 1865 Ε·
2510 1848 2534 1867 ¹·

1369 1877 1487 1909 mendas
1501 1881 1642 1919 recipere,
1660 1880 1706 1910 seu
1722 1880 1824 1920 quovis
1836 1879 1892 1909 alio
1908 1877 2002 1909 modo
2017 1888 2085 1909 cum
2098 1877 2202 1909 eisdem
2215 1879 2380 1919 pacificare,
2455 1880 2514 1905 ΡΜ·
2524 1887 2570 1906 20-

1405 1916 1460 1948 Per
1474 1917 1552 1956 quod
1566 1918 1733 1949 venerabilis
1745 1917 1827 1948 Pater
1840 1917 1888 1948 M.
1901 1916 2075 1948 Offoriensis
2088 1916 2302 1958 Episcopus,&
2316 1920 2354 1950 sui
2362 1919 2438 1951 Prae-
2456 1919 2486 1943 F..
2510 1925 2531 1944 1.
2549 1925 2570 1946 m

1368 1955 1544 2001 decessores,
1561 1957 1695 1998 Episcopi
1714 1957 1783 1988 dicti
1803 1957 1878 1995 loci,
1895 1966 1946 1995 per
1967 1956 2128 1994 hujusmodi
2142 1956 2319 1995 spoliationes
2333 1959 2438 1991 hucus-
2460 1953 2504 1991 ¹32

1368 2005 1425 2034 que
1458 1995 1541 2027 luries
1555 1996 1618 2028 sunt
1631 1995 1765 2035 depressi:

1444 2044 1494 2073 os,
1514 2045 1583 2066 cum
1603 2035 1707 2066 eodem
1725 2033 1872 2074 Episcopo
1890 2056 1900 2073 ,
1915 2033 1954 2063 ne
1970 2057 1981 2072 ,
2006 2043 2057 2072 per
2079 2033 2240 2073 hujusmodi
2258 2035 2440 2068 consuetudi-

1367 2083 1453 2112 nem,
1471 2073 1541 2113 fibi,
1559 2083 1605 2119 aut
1617 2075 1673 2105 suae
1685 2073 1823 2115 Ecclesiae
1837 2072 1958 2104 deterius
1972 2073 2083 2105 eveniat
2103 2074 2133 2102 in
2151 2072 2205 2105 hac
2225 2083 2318 2113 parte,
2336 2075 2439 2114 volenf

1368 2120 1510 2183 tesca-{grece
1534 2112 1652 2196 πῗιιιὲῑῐῖ
1670 2151 1749 2196 quod
1759 2175 1772 2194 ,ἰ
1786 2159 1855 2182 cum
1873 2150 2022 2190 contingat
2034 2174 2044 2189 ,
2061 2159 2110 2189 per
2128 2149 2221 2183 distos
2240 2151 2435 2192 Hibernicos,

1367 2190 1434 2221 tales
1448 2190 1671 2228 depraedationes
1683 2190 1744 2221 fieri
1755 2193 1835 2229 super
1848 2199 1932 2230 curn,
1949 2190 2082 2220 traebatus
2095 2189 2217 2230 habere,
2235 2191 2270 2223 &
2285 2191 2435 2231 emendas,

1366 2229 1413 2260 seu
1428 2230 1504 2261 bona
1519 2229 1581 2268 sua,
1601 2229 1638 2260 sic
1653 2228 1826 2268 depraedata,
1841 2228 1980 2269 recipere,
1994 2237 2042 2265 per
2056 2237 2158 2266 pacem
2171 2228 2239 2260 hinc
2254 2229 2321 2261 inde
2335 2231 2435 2260 ineun-

1367 2268 1433 2298 dam
1442 2293 1452 2307 ,
1467 2269 1513 2299 seu
1526 2268 1572 2299 vizi⁴
1587 2267 1639 2299 alia
1648 2292 1658 2306 ,
1677 2277 1779 2306 pacem
1793 2267 1882 2299 valeat
1897 2267 2052 2297 reformare
2066 2266 2146 2304 super
2159 2266 2318 2307 hujusmodi
2333 2268 2435 2307 spolia-

1366 2307 1489 2338 tionibus
1501 2306 1547 2338 seu
1557 2305 1834 2345 'depraedationibus3
1852 2314 1937 2346 prout
1949 2304 2001 2335 libi
2018 2306 2051 2336 ὃ(
2065 2304 2120 2336 suae
2132 2304 2269 2338 Ecclefiae
2282 2307 2382 2341 viderit
2401 2317 2435 2338 o-

1407 2355 1532 2377 rrunum.

1366 2355 1439 2415 ΡΟΙιι
1456 2385 1553 2424 eujus,
1570 2384 1632 2416 &c-

1403 2462 1493 2494 Teste
1511 2461 1594 2503 Rege
1609 2460 1683 2502 apud
1700 2459 1869 2493 Westmon.
1888 2460 1937 2491 26.
1955 2458 2002 2491 die
2019 2459 2129 2493 Martii.

1607 2601 1668 2633 Pro
1684 2600 1797 2632 Comite
1815 2594 1967 2630 flandria
1983 2582 2025 2627 de*
2039 2593 2196 2629 candum.

1363 2683 1492 2743 REX
1507 2707 1518 2723 ‚
1534 2685 1670 2716 omnibus
1691 2682 1801 2714 Banivis
1818 2682 1852 2713 &
1875 2678 2003 2710 fidelibus
2022 2679 2075 2711 suis
2087 2702 2098 2718 ,
2121 2679 2157 2712 ad
2176 2689 2265 2718 quos,
2280 2680 2342 2711 &c-
2360 2677 2430 2709 salu-
2448 2690 2570 2722 Arm-1)¹

1401 2731 1503 2792 Sdiirtr'is
1522 2759 1601 2799 quod
1623 2759 1790 2797 suscepimus
1810 2759 1840 2787 in
1861 2755 1966 2787 salvum
1987 2755 2021 2786 &
2034 2755 2168 2786 securum
2181 2756 2362 2787 condqum
2376 2765 2431 2786 no-
2449 2739 2567 2798 ,fif—'92²3-

1362 2800 1454 2831 strum
1477 2799 1622 2830 Nobilem
1642 2800 1752 2836 virum,
1771 2796 1937 2827 Dominum
1956 2793 2164 2832 Gwydonum,
2182 2794 2332 2826 Comitem
2350 2795 2432 2824 Flan-
2450 2812 2479 2835 E·
2503 2818 2512 2835 1

1363 2839 1450 2877 driae,
1469 2839 1498 2869 in
1512 2837 1658 2869 veniendo
1672 2837 1707 2868 ad
1721 2846 1773 2867 nos
1789 2837 1818 2865 in
1836 2834 1987 2873 Angliam,
2006 2832 2113 2863 ibidem
2137 2834 2296 2872 morando,
2314 2834 2348 2864 ὃς
2368 2832 2433 2863 inde
2450 2850 2509 2874 Par.
2520 2831 2570 2875 '20⁴

2453 2890 2481 2913 Ε.
2500 2894 2523 2912 1.
2537 2893 2570 2913 m.

1363 2878 1399 2909 ad
1427 2926 1438 2948 t
1453 2915 1519 2947 ideo
1536 2917 1619 2947 vobis
1633 2915 1812 2950 mandamus,
1831 2910 1910 2950 quod
1922 2909 2015 2941 eidem
2031 2909 2158 2949 Comiti,
2176 2919 2223 2941 aut
2237 2911 2307 2953 suis,
2325 2911 2355 2940 in
2370 2920 2435 2949 per·
2455 2933 2496 2959 ¹7·

1365 2955 1454 2993 sonis,
1472 2963 1519 2985 aut
1534 2955 1633 2994 rebus,
1651 2955 1682 2984 in
1695 2952 1853 2988 veniendo,
1873 2950 2013 2992 morando
2021 2972 2031 2987 ‚
2046 2950 2080 2980 &
2095 2950 2262 2988 redeundo,
2280 2952 2350 2980 licut
2361 2959 2434 2987 prae-

1364 2994 1475 3026 di&um
1496 2993 1555 3032 est,
1573 3003 1633 3024 non
1654 2993 1792 3029 inferatis,
1810 2990 1857 3021 vel
1880 2990 1975 3019 inferri
1997 2989 2161 3026 permittatis
2175 2989 2322 3028 injuriam,
2338 2987 2432 3018 mole-

1366 3033 1464 3071 stiam,
1483 3031 1659 3071 dampnum,
1674 3030 1928 3069 impedimentum,
1947 3035 1994 3058 aut
2007 3036 2168 3067 gravamen.

1403 3072 1437 3103 ln
1457 3071 1554 3109 Cujus,
1572 3072 1633 3102 &c.
1658 3071 1707 3101 has
1725 3070 1826 3099 litteras
1845 3066 1952 3097 nostras
1972 3066 2032 3097 fieri
2057 3066 2179 3098 fecimus
2199 3073 2325 3105 patentes
2345 3064 2435 3104 usqne

1364 3110 1400 3142 ad
1423 3108 1526 3141 festum
1544 3108 1709 3141 Nativitatis
1732 3108 1828 3140 Sanffl
1845 3105 1985 3147 johannis
1997 3128 2008 3145 ,
2023 3105 2158 3144 proximo
2177 3104 2306 3138 futurum
2321 3127 2332 3143 ‚
2349 3102 2434 3135 dura-

1364 3158 1448 3182 turas.

1401 3226 1491 3258 Teste
1505 3225 1590 3266 Rege
1601 3225 1676 3265 apud
1690 3224 1859 3256 Westmon.
1873 3224 1901 3253 6.
1916 3221 1962 3254 die
1975 3220 2088 3262 Aprilis.

1474 2887 1502 2908 es
1516 2878 1642 2915 proprias
1656 2875 1817 2907 redeundo:

1644 3355 1704 3387 Pro
1719 3349 1924 3394 Univerfitate
1942 3342 2151 3393 Cantabrigiae.

1365 3440 1587 3503 EDwardus‚
1605 3439 1664 3470 Dei
1683 3438 1788 3478 gratia,
1807 3438 1868 3469 &c-
1890 3435 1999 3466 dileffls
2019 3431 2053 3463 &
2073 3431 2203 3464 fidelibus
2214 3431 2286 3470 suis,
2307 3426 2425 3463 Eliaede
2443 3436 2568 3469 Anno,

1442 3479 1654 3516 Becki'ngham,
1672 3479 1705 3509 &
1720 3477 1841 3516 Hugoni
1855 3475 1890 3506 de
1903 3471 2122 3516 Cressingharn,
2139 3471 2264 3516 salutem.
2363 3505 2369 3510 .
2391 3505 2396 3510 ¹
2463 3486 2548 3516 1292„

1403 3520 1448 3552 Ex
1467 3527 1547 3558 parte
1565 3516 1747 3555 Cancellarii,
1766 3518 1800 3548 ὃ(
1818 3514 2000 3546 Scholarium
2018 3510 2216 3554 Umverfimns
2235 3505 2423 3543 Cantabnglae
2437 3519 2490 3543 An.
2505 3526 2552 3544 20,

1362 3560 1448 3590 nobis
1466 3557 1509 3588 est
1528 3555 1672 3587 ostensum
1694 3554 1788 3594 quod,
1806 3556 1876 3585 cum
1896 3563 1949 3591 per
1967 3550 2066 3595 Cal-tas
2079 3555 2294 3593 progenitorum
2308 3542 2422 3574 nostro·
2437 3559 2466 3583 Ε.
2490 3564 2514 3582 1.

1363 3608 1444 3636 rum,
1462 3596 1580 3635 Regum
1596 3595 1724 3633 Angliae‚
1741 3593 1846 3624 eisdem
1859 3591 2038 3623 Cancellario
2048 3588 2082 3620 δε
2095 3587 2258 3631 Scolaijibus
2268 3581 2423 3629 concessa§‚
2440 3597 2504 3621 Inter
2511 3597 2568 3621 Bre-

1361 3637 1397 3667 &
1420 3634 1547 3666 nostram
1565 3633 1831 3671 confirmationem,
1849 3630 1967 3661 Domus
1988 3625 2173 3672 Burgensium
2185 3634 2215 3655 in
2228 3622 2328 3666 eadem
2343 3620 2424 3665 Vlllfl,
2441 3633 2488 3659 via
2502 3631 2568 3667 Regii

1362 3674 1524 3704 Scolan'bus
1544 3672 1758 3710 conducendae,
1777 3681 1828 3710 per
1846 3669 1919 3701 duos
1940 3668 1978 3699 M
2049 3675 2095 3696 ros
2114 3664 2201 3695 dustae
2210 3659 2426 3704 Umverfiimtis,
2439 3670 2465 3697 in
2478 3669 2549 3697 turri

1363 3713 1397 3743 &
1411 3713 1485 3743 duos
1497 3710 1646 3750 Burgenses
1657 3711 1780 3747 ejusdem
1794 3708 1876 3742 Villae
1888 3709 1972 3739 taxari
2006 3706 2124 3740 ebant,
2139 3698 2405 3745 &tconsuev'ermss
2438 3707 2549 3740 London.
2567 3731 2570 3735 ¹

1400 3751 1442 3781 lta
1456 3750 1534 3789 quod
1547 3750 1700 3790 pensio‚ad
1715 3759 1803 3789 quam
1812 3745 1975 3784 hujusmodi
1985 3744 2088 3774 domus
2099 3748 2185 3772 ΜΠ
2194 3738 2342 3782 debuerlt,
2356 3737 2423 3768 hos-

1361 3790 1466 3828 pitibus
1489 3789 1555 3827 illis,
1573 3790 1589 3818 ὲ
1604 3789 1706 3828 quibus
1720 3789 1824 3819 domus
1838 3786 1891 3816 illae
1905 3785 1944 3816 fic
1961 3781 2112 3814 conducis:
2130 3777 2251 3815 fuerint,
2268 3775 2424 3807 secundum

1359 3837 1460 3860 veram
1474 3829 1643 3859 taxationem
1657 3827 1845 3866 persolvam-3
2080 3856 2086 3861 ,
2169 3854 2176 3859 ,
2353 3853 2359 3859 ,

1399 3866 1444 3898 Ac
1459 3868 1545 3897 etiam
1555 3891 1564 3906 ,
1580 3866 1734 3898 secundum
1747 3865 1854 3896 Statuta
1866 3862 1900 3893 δε
1910 3855 2138 3892 Consuetudmee
2150 3853 2276 3898 ejusdem
2294 3852 2425 3884 Umver-

1362 3905 1444 3936 fitatis
1457 3929 1468 3944 ,
1492 3906 1508 3935 ὲ
1528 3906 1620 3944 prima
1639 3904 1806 3936 fundatione
1825 3900 1949 3940 ejusdem
1962 3922 1973 3935 ‚
1996 3894 2133 3926 hfflfflus
2152 3892 2258 3923 ¹b1dssm
2279 3891 2426 3923 Obsffl'vam

1363 3944 1433 3982 (sine
1469 3945 1550 3974 uibus
1562 3943 1638 3975 dian
1652 3941 1830 3975 Universitas
1844 3938 2000 3969 nullatenus
2012 3933 2084 3963 stare
2098 3931 2203 3969 posset)
2221 3930 2425 3968 Scolafffiahu·

1474 3984 1478 3988 '
1494 3982 1612 4015 Domus
1626 3981 1793 4017 conducere
1805 3975 1987 4011 voleiues,in
1999 3970 2114 4003 ὀεῖεᾶυ
2130 3970 2273 4010 hospitum
2288 3970 2426 4008 (quorum

1356 3983 1450 4022 jusmo
2360 4005 2427 4036 Do-
