2570 4261
0 298 80 330 Arm.
95 295 136 328 D.

23 345 107 374 1272.

4 381 67 405 Hm.
83 384 109 412 3.

3 1148 23 1168 θ
36 1149 60 1178 1.
73 1146 138 1184 879.

6 2749 85 2780 Anti.
99 2747 141 2780 D.

27 2796 110 2826 1272.

5 2830 58 2855 An.
74 2828 121 2862 56.

3 2873 43 2897 H.
62 2875 87 2902 3.

4 2906 46 2931 Ex
63 2906 121 2931 Au-

2 2946 70 2979 vogr.

0 4032 27 4055 ⁸!
41 4030 67 4059 1.
80 4027 146 4057 880.

703 217 821 261 ET
904 215 1173 260 'ACTA

149 312 216 334 nam
230 303 355 345 Angliae,
373 305 409 336 de
424 303 555 337 mandato
565 303 678 344 nostro,
696 304 808 335 diversis
830 303 1036 336 Mercatoribus
1050 305 1099 335 sub
1115 303 1210 334 custo-

151 342 196 373 dia
228 345 330 374 raefatae
342 344 462 383 Reginae
478 344 602 380 Franciae
617 344 727 383 pignori
742 343 881 382 obligatis,

223 384 364 420 ecepimus
395 382 483 412 ocalia
494 382 645 422 supradffila
659 383 687 411 in
703 382 845 420 praesentia
858 383 1018 412 venerabilis
1034 381 1116 419 patris
1130 402 1140 417 ,
1157 377 1210 422 W.

152 419 363 458 Archiepiscopi
403 421 524 458 borum,
543 420 660 450 Ricardi
682 419 716 449 de
733 419 904 449 Middleton.
923 420 1089 450 Cancellarii
1106 416 1213 454 nostri,

150 457 273 489 Roberti
289 458 390 488 Burnel
407 457 608 488 Archidiaconi
627 458 771 495 Eborum,
788 457 903 487 Thedis.
918 458 953 488 de
974 458 1112 494 Camilla,
1132 454 1213 492 Elyae

148 496 185 526 de
198 496 340 533 Rabaine,
359 496 393 526 &
407 495 482 526 Petri
496 495 531 526 de
546 496 678 526 Winton.
698 495 834 526 Custodis
846 495 1019 527 Garderobae
1031 495 1152 531 nostrae,
1164 503 1213 530 per

151 543 268 565 manum
288 533 382 564 dileeii
397 533 503 564 Clerici
518 532 605 563 nostri
630 533 722 573 Egidii
737 534 772 564 de
786 533 944 565 Audenard.
960 536 994 566 ad
1007 534 1103 566 eadem
1113 531 1215 571 jocalia

153 572 247 603 nostra
260 571 440 611 acquietanda
454 573 469 603 a
484 573 566 602 nobis
581 571 742 609 transmissi,
759 572 889 603 videlicet
897 596 907 611 ,

191 609 292 639 Unam
306 609 454 640 Coronam
470 619 601 649 magnam
616 611 650 641 δε
663 609 882 648 pretiosissimam
898 621 956 641 non
977 611 1178 651 appreciatam:

188 647 260 678 Tres
274 648 337 678 alias
358 648 488 679 Coronas
507 658 599 678 aureas
619 671 629 686 ,
647 658 714 678 cum
728 648 839 680 diversis
853 649 878 678 la
898 650 989 680 idibus
1002 648 1124 688 pretiosis
1135 648 1216 687 pretii

150 685 346 717 trescentarum
359 710 369 725 ,
392 687 526 726 sexaginta
541 709 551 725 ,
575 686 620 716 sex
641 686 772 717 librarum
787 711 797 726 ,
815 687 873 718 tres
887 689 962 718 ecim
983 687 1135 718 solidorum
1154 710 1164 724 ,
1182 685 1215 716 ἐξ

156 733 278 764 quatuor
291 725 485 755 denariorum:

191 762 298 807 Unum
318 762 466 803 Capellum
487 761 663 800 Imperatoris
677 788 687 802 ,
706 773 773 794 cum
795 763 906 795 diversis
922 764 1055 804 lapidibus
1068 761 1195 802 preciosis
1207 783 1218 798 ,

151 810 235 840 pretii
249 810 463 840 quingentarum
480 810 652 831 marcarum:

193 839 326 877 Quatuor
341 839 406 870 serta
420 848 518 877 aurea,
535 840 615 877 pretii
630 847 748 870 centum
763 839 908 870 librarum:

193 877 263 907 Tria
283 876 392 908 Pettina
414 887 510 916 aurea,
529 887 597 907 curn
611 877 745 918 lapidibus
757 879 837 917 pretii
858 878 997 909 sexdecim
1011 877 1157 913 librarum,
1175 873 1219 904 sex

153 911 326 954 solidorum,
342 916 376 946 &
394 916 465 946 οᾶο
480 916 672 947 denariorum:
1144 952 1148 956 ι

195 953 388 993 Quadraginta
402 955 436 985 &
449 955 573 994 quinque
586 953 729 986 firmacula
747 964 844 994 aurea,
862 965 930 986 cum
944 954 1056 985 diversis
1068 951 1218 990 lapidibus,

156 993 239 1030 pretii
254 991 439 1027 ducentarum
455 994 581 1031 quinque
592 993 725 1024 librarum
736 1016 746 1032 ,
765 995 979 1032 quatuordecim
997 991 1167 1027 solidorum,
1185 989 1218 1019 ὅτ.

154 1038 274 1069 quatuor
294 1030 485 1062 denariorum:
1155 1064 1159 1067 y

192 1068 324 1107 Qiatuor
345 1070 460 1100 baculos
473 1093 484 1109 ‚
501 1071 676 1101 continentes
698 1078 814 1101 centurn
828 1072 862 1102 &
877 1070 922 1101 sex
935 1068 1050 1106 anulos,
1063 1075 1138 1110 'cum
1157 1064 1221 1094 Ru-

151 1106 235 1136 bettis
249 1107 282 1137 &
299 1107 402 1138 balesiis
415 1109 496 1146 pretii
510 1108 693 1139 ducentarum
708 1109 742 1139 &
755 1108 935 1149 quadraginta
948 1108 1033 1138 trium
1050 1105 1200 1135 librarum:

191 1149 207 1163 ·
227 1144 312 1176 Duos
332 1147 444 1177 baculos
464 1148 640 1178 continentes
654 1148 819 1186 triginta&
832 1149 902 1179 octo
915 1145 1028 1182 anulos,
1049 1152 1118 1173 cum
1130 1142 1220 1172 suma-

154 1182 212 1214 rad.
246 1184 307 1214 retii
320 1184 379 1214 sexa
400 1186 456 1216 'rita
469 1187 502 1217 &
515 1186 595 1216 unius
610 1186 702 1215 librae:
1103 1219 1108 1225 ,

227 1230 297 1252 num
311 1222 384 1253 baeu
395 1234 461 1263 um,
477 1225 674 1254 continentem
686 1224 785 1262 viginti
799 1223 896 1254 anulos
905 1246 914 1261 ,
932 1231 1000 1252 cum
1014 1220 1140 1258 saphiris,
1159 1227 1222 1256 pre-

154 1260 189 1328 ctist
209 1261 319 1305 triginta
337 1263 370 1293 &
393 1263 516 1301 quinque
534 1262 682 1299 librarum,
699 1261 846 1292 tresdecim
867 1260 1037 1297 solidorum,
1053 1259 1086 1289 &
1101 1265 1222 1295 quatuor

176 1308 349 1329 enanorum:

194 1336 299 1368 Unum
313 1338 462 1377 baculum,
478 1338 676 1368 continentem
689 1336 844 1367 duodecim
861 1336 958 1366 anulos
971 1344 1041 1365 cum
1055 1333 1221 1374 topazis,&

157 1385 249 1406 unum
263 1377 376 1407 anulum
390 1386 458 1407 cum
472 1376 617 1414 peradota,
633 1376 714 1413 pretii
729 1375 831 1405 decern
846 1374 994 1404 librarum:
1201 1410 1205 1415 ·

194 1413 299 1444 Unum
317 1415 448 1445 baculum
457 1438 465 1452 ,
484 1415 680 1444 continentem
692 1413 793 1443 decern
806 1414 840 1444 &
853 1412 959 1452 septem
973 1410 1084 1455 anulos,
1103 1419 1170 1440 cum
1179 1409 1224 1453 di-

158 1452 401 1521 vetssffilildspidibm'
420 1461 543 1491 quorum
559 1463 629 1483 unus
640 1451 736 1483 anulus
751 1451 792 1482 est
806 1452 863 1482 fine
874 1451 979 1489 lapide,
996 1459 1083 1490 precii
1098 1449 1223 1488 sexagin—

158 1498 186 1521 ta
212 1501 231 1521 o
271 1500 371 1521 orum:

192 1529 338 1567 Sexaginta
352 1531 384 1561 &
399 1528 537 1560 sexdecim
557 1529 654 1560 Zonas
667 1552 676 1567 ,
691 1529 771 1568 pretii
791 1527 867 1559 mille
878 1527 1120 1570 quadragintarum
1135 1523 1224 1555 unde-

156 1568 216 1598 cim
231 1567 363 1599 librarum
372 1592 381 1607 ,
398 1568 611 1607 quatuordecim
624 1567 792 1604 solidorum,
811 1568 844 1597 &
856 1569 926 1597 otto
937 1566 1129 1596 denariorum:
1182 1600 1187 1606 ⁸

196 1604 235 1636 Et
247 1614 378 1645 praeterea
389 1607 460 1636 duos
471 1616 612 1647 pavones,
631 1616 727 1636 aureos
735 1629 744 1644 ,
762 1615 830 1635 cum
842 1604 952 1635 diversis
966 1602 1099 1643 lapidibus
1112 1609 1223 1642 precio-

154 1642 187 1674 sis
221 1643 257 1674 de
272 1654 351 1676 novo
365 1644 491 1675 thesauro
506 1644 620 1683 nostro,
637 1645 719 1684 pretii
733 1644 869 1683 sexaginta
883 1643 1031 1673 librarum:

192 1666 300 1713 buum
321 1683 498 1714 firmaculum
515 1704 522 1716 ‚
547 1692 615 1713 cum
638 1683 749 1713 duobus
764 1682 918 1712 amantibus
931 1681 966 1711 de
980 1679 1081 1711 codem
1096 1677 1222 1709 thesauro

157 1720 257 1751 nostro
293 1723 372 1760 pretii
387 1722 585 1761 quinquaginta
598 1730 762 1751 marcarum.

192 1758 231 1788 Et
245 1744 295 1789 asia
306 1759 469 1798 quindecim
486 1758 645 1797 firmacula,
666 1769 734 1789 cum
750 1758 860 1789 diversis
876 1758 1008 1796 lapidibus
1025 1755 1172 1794 preciosis,
1185 1752 1221 1784 de

154 1796 257 1827 eodem
270 1796 394 1827 thesauro
408 1796 523 1835 nostro,
542 1798 622 1835 pretii
636 1806 753 1828 centum
766 1797 869 1828 decem
888 1798 921 1828 &
936 1796 1006 1826 οὲὶο
1019 1795 1164 1825 librarum:

191 1834 329 1875 Qiinque
349 1835 489 1875 garlandas
508 1836 584 1873 auri,
601 1835 637 1865 de
657 1845 744 1874 opere
765 1835 847 1866 Paris.
862 1835 941 1873 pretii
955 1833 1102 1873 viginti&
1117 1833 1223 1870 septem

154 1872 307 1913 librarum,
324 1873 470 1905 tresdecim
484 1873 656 1913 solidorum,
674 1875 707 1906 &
720 1883 839 1914 quatuor
855 1874 1050 1911 denariorum,
1069 1871 1105 1902 de
1119 1870 1221 1901 eodem

155 1911 285 1943 thesauro
298 1912 405 1943 nostro.

192 1949 241 1980 De
254 1951 353 1989 quibus
363 1961 463 1991 magna
476 1950 594 1982 Corona
608 1951 820 1989 preciosissima,
833 1951 919 1981 tribus
932 1951 988 1980 aliis
999 1949 1138 1986 Coronis,
1151 1956 1220 1978 cum

151 1987 265 2019 diversis
284 1989 420 2030 lapidibus
439 1991 561 2029 pretiosis
575 2013 584 2029 ,
602 1990 721 2031 Capello
742 1990 935 2028 Imperatoris,
954 1996 1072 2026 quatuor
1086 1987 1159 2017 sertis
1173 1997 1222 2030 au-

159 2027 212 2057 reis
224 2047 234 2066 ‚
257 2028 344 2058 tribus
364 2029 515 2068 pettiiiibus
533 2029 621 2059 aureis
632 2051 642 2067 ,
659 2028 837 2068 quadraginta
859 2028 893 2058 &
914 2029 1038 2067 quinque
1050 2025 1198 2056 firmaculis
1213 2047 1223 2062 ,

152 2074 271 2096 centurn
287 2067 320 2097 &
342 2067 386 2097 sex
399 2067 503 2106 anulis,
518 2077 586 2098 cum
598 2069 713 2097 rubettis
732 2068 765 2098 δε
780 2067 909 2101 baleisiis,
926 2067 1035 2096 tricinta
1047 2065 1080 2095 ὃς
1090 2064 1160 2094 octo
1172 2073 1222 2093 an-

154 2104 236 2134 nullis
250 2114 317 2135 cum
329 2105 490 2145 smaragdis,
504 2106 603 2145 viginti
617 2105 704 2135 anulis
718 2115 786 2135 cum
799 2104 908 2142 saphiris
922 2127 931 2142 ,
949 2089 1101 2134 duuodecim
1114 2102 1222 2131 annulis

154 2152 224 2172 cum
239 2144 364 2181 topazis,
382 2144 415 2174 &
430 2149 489 2174 uno
508 2144 595 2174 anulo
607 2149 675 2174 c'um
691 2143 831 2182 peridota,
849 2143 950 2173 decem
964 2143 998 2173 &
1018 2143 1121 2181 septem
1130 2150 1220 2184 annu-

155 2181 204 2218 lis,
224 2190 292 2210 cum
308 2181 419 2212 diversis
433 2182 586 2222 lapidibus,
605 2192 727 2222 quorum
743 2192 813 2212 unus
826 2181 868 2211 est
888 2181 944 2211 sine
957 2180 1064 2220 lapide,
1084 2178 1220 2218 sexaginta

151 2220 186 2250 &
200 2218 340 2249 sexdecim
354 2221 451 2258 zoni&
468 2221 578 2251 duobus
594 2221 752 2258 pavonibus
772 2221 858 2250 aureis
872 2219 907 2249 de
921 2229 1000 2249 novo
1016 2218 1142 2261 thesauro
1156 2227 1221 2247 nos-

154 2266 215 2296 trO‚
237 2268 296 2288 uno
308 2258 456 2289 firmaculo
470 2269 539 2289 cum
553 2259 663 2289 duobus
678 2259 832 2289 amantibus
841 2281 850 2297 ,
866 2259 899 2288 &
913 2257 971 2288 aliis
992 2256 1155 2295 quindecim
1176 2255 1222 2285 sir-

155 2296 291 2334 maculis,
308 2307 375 2328 cum
390 2296 500 2328 diversis
522 2298 655 2338 lapidibus
675 2297 819 2335 preciosis,
838 2296 875 2326 de
889 2295 992 2326 eodem
1012 2295 1137 2325 thesauro
1157 2305 1223 2324 nos-

152 2342 216 2377 tro,
235 2336 357 2374 quinque
371 2336 505 2376 garlandis
519 2335 775 2378 aureis,praefatum
788 2335 921 2375 Egidium
934 2341 1031 2365 tenore
1044 2333 1221 2372 praesentium

154 2378 318 2414 quictamus

192 2410 228 2442 In
242 2413 338 2452 cujus,
356 2411 418 2445 &c.

188 2492 277 2524 Teste
289 2493 372 2533 Rege
385 2495 459 2535 apud
474 2492 598 2525 Westm.
615 2504 653 2525 20
668 2494 713 2525 die
729 2494 878 2525 Februarii.

220 2618 310 2652 Bulla
327 2623 465 2669 Gregorii
482 2625 583 2668 Papa,
603 2632 657 2667 per
673 2633 768 2668 quam
788 2625 947 2654 nunciavit
968 2623 1040 2667 Regi
1055 2629 1168 2652 novam

542 2674 721 2703 creationem
736 2670 840 2715 fitam.

161 2758 227 2821 G
235 2759 376 2798 Regotius
389 2758 561 2799 Episcopus,
577 2759 668 2789 servus
683 2759 827 2790 servorum
840 2758 1059 2797 Dei,cariffimo
1070 2758 1099 2787 in
1108 2755 1224 2787 Christo

246 2797 305 2828 filio
435 2797 512 2837 Regi
526 2797 638 2837 Angliae
653 2797 768 2837 illustri,
784 2798 897 2828 salutem
911 2798 945 2829 &
964 2795 1164 2838 Apostolicam
1174 2795 1224 2826 be-

158 2836 358 2868 nedictionem.

195 2875 297 2906 Gloria
317 2875 345 2904 in
366 2872 512 2904 Altiffimis
533 2873 602 2904 Deo
614 2897 624 2913 ,
650 2874 683 2905 ὃς
697 2875 727 2904 in
741 2883 812 2906 terra
824 2883 876 2914 pax
896 2873 1058 2905 hominibus
1071 2874 1158 2904 bonae
1171 2882 1223 2903 vo-

157 2912 267 2944 luntatis
280 2936 290 2952 ,
307 2912 436 2953 gloriosae
451 2913 599 2943 nativitatis
613 2912 768 2944 dominicae
791 2913 875 2943 latens
889 2936 899 2951 ,
917 2912 983 2943 licet
997 2911 1161 2952 mysterium
1177 2921 1224 2948 pa-

164 2960 225 2982 tens
240 2975 250 2990 ,
275 2960 370 2982 tamen
391 2950 446 2980 late
466 2952 643 2988 praeconium
663 2951 778 2981 caelestis
798 2958 895 2992 praeco
908 2951 1033 2982 humano
1046 2952 1224 2981 nunciaturus

158 2991 268 3029 generi,
286 2987 430 3029 praerniffo
442 2989 604 3020 accomodo
618 2990 738 3020 verbum
752 2990 870 3020 scemate
884 2989 953 3020 Deo
971 2991 1002 3019 in
1014 2989 1145 3019 altissimis
1159 2988 1222 3028 glo-

156 3029 227 3058 riam
240 3028 350 3065 rerulit,
368 3035 467 3064 pacem
481 3029 511 3057 in
523 3036 593 3058 terra
605 3029 693 3059 bonae
704 3029 854 3059 voluntatis
865 3028 1028 3058 hominibus
1041 3028 1191 3058 nunciavit.

196 3066 272 3096 Haec
286 3065 328 3095 est
341 3065 485 3095 nunciatio
497 3066 629 3104 profecto
643 3066 802 3106 dignissime
816 3067 985 3098 veneranda:
1004 3065 1080 3097 Haec
1094 3067 1223 3097 attentio-

157 3113 196 3135 ne
216 3103 374 3143 dignissima
389 3125 399 3140 ,
417 3112 502 3140 quam
521 3105 589 3134 vere
612 3105 799 3136 venerabilem
819 3105 908 3136 reddit
927 3106 1065 3135 nuncium
1087 3105 1221 3135 mittentis

157 3142 324 3179 sublimitas,
343 3141 450 3171 extollit
467 3142 625 3173 nunciantis
641 3144 787 3175 auctoritas
799 3167 809 3181 ,
826 3145 859 3175 ὃς
880 3144 1068 3174 nunciationis
1080 3144 1159 3184 ipsius
1171 3153 1220 3173 ve-

156 3182 219 3211 ritas
240 3179 384 3211 manifesta
405 3179 610 3218 commendat3
627 3181 691 3212 haec
713 3193 779 3213 vera
798 3184 831 3214 &
844 3182 916 3221 justa
932 3206 942 3221 ,
960 3181 1005 3212 sed
1019 3192 1082 3213 eam
1096 3192 1154 3212 non
1168 3181 1220 3210 ser-

153 3219 301 3257 vantibus,
315 3217 503 3256 proculdubio
515 3218 658 3250 tremenda
672 3222 802 3260 partitio,
815 3231 870 3259 qua
884 3231 933 3251 ore
947 3221 1075 3260 angelico
1090 3221 1139 3251 soli
1151 3220 1219 3250 Deo

155 3258 313 3288 attribuitur
331 3257 423 3287 honor
440 3257 473 3288 &
508 3256 575 3287 loria
587 3279 597 3295 ,
615 3267 700 3294 quam
714 3258 782 3290 solus
795 3260 849 3299 ipse
863 3267 984 3290 meretur
995 3261 1043 3298 qui
1057 3260 1124 3290 facit
1138 3259 1220 3289 mira-

156 3295 222 3326 bilia
241 3294 446 3338 magnathifi
459 3319 469 3334 ,
506 3305 557 3325 um
575 3296 663 3326 bonae
683 3297 831 3329 voluntatis
849 3299 1014 3328 hominibus
1032 3307 1085 3336 pax
1107 3299 1135 3327 in
1149 3306 1218 3328 terra

156 3334 342 3375 promittitur,
360 3333 533 3364 interdicitur
547 3334 655 3372 impiis,
674 3335 809 3366 malivolis
823 3337 981 3376 denegatur.

195 3372 285 3402 Nulla
305 3371 346 3401 est
365 3372 444 3401 enim
463 3380 516 3412 pax
528 3371 627 3414 ‘impiis
639 3394 650 3410 ,
666 3372 740 3403 nulla
761 3375 1026 3416 contempnentibus
1038 3398 1047 3413 ,
1066 3373 1110 3405 sed
1131 3375 1218 3405 multa

156 3410 332 3480 giligentibus
351 3419 458 3440 nomen
476 3409 559 3448 Dei,
581 3419 681 3440 eorum
703 3411 838 3450 siquidem
857 3414 906 3453 qui
925 3413 1054 3444 mandata
1073 3413 1152 3454 ipsius
1170 3424 1218 3444 au-

179 3457 247 3480 iunt.

194 3488 253 3518 Pax
267 3495 296 3517 ut
311 3486 435 3525 flumen,
452 3485 532 3524 impii
553 3495 622 3517 vero
642 3495 674 3517 ut
692 3497 767 3519 mare
787 3488 895 3519 fervens
909 3491 1046 3530 quiescere
1060 3497 1217 3529 nequeunt,

154 3527 230 3566 pacis
245 3525 398 3557 commoda
409 3525 535 3555 nesciunt
568 3524 613 3555 sed
626 3525 708 3556 disier
728 3527 835 3558 entibus
850 3529 923 3558 vitiis
943 3530 972 3560 in
988 3529 1075 3569 seipsis
1088 3528 1217 3559 diffident

155 3566 192 3596 &
213 3565 378 3601 turbantur,
395 3564 429 3595 &
442 3547 660 3607 redundantibus
673 3565 701 3601 ip
712 3575 795 3595 orum
816 3565 963 3606 fluffibus,
981 3569 1011 3598 in
1025 3567 1217 3598 conculcatio-

156 3613 225 3634 nem
239 3603 342 3633 diaboli
362 3602 507 3640 lutumque
527 3609 633 3640 peccati
650 3625 660 3641 ,
680 3603 767 3640 (dum
783 3614 831 3641 per
845 3614 992 3642 peccatum
1005 3614 1164 3637 avertuntur
1182 3605 1217 3635 ab

155 3651 193 3671 eo
208 3643 256 3680 qui
272 3641 313 3672 est
328 3649 380 3679 pax
394 3639 489 3671 nostra
503 3664 513 3680 ,
538 3649 603 3678 quae
619 3649 748 3680 exuperat
762 3651 879 3674 omnem
900 3644 1023 3682 sensum)
1043 3645 1058 3675 a
1073 3654 1140 3682 pace
1156 3643 1218 3674 red-

156 3679 261 3710 duntur
275 3690 325 3720 per
339 3679 513 3718 consequens
528 3678 625 3716 alieni,

156 3718 272 3786 stulgpn·
288 3718 431 3749 immerito
443 3740 454 3757 ,
475 3717 521 3748 sed
538 3718 579 3748 ob
595 3717 639 3748 sua
658 3716 791 3748 demerita
811 3719 930 3756 peccoris
944 3722 978 3752 &
1001 3723 1134 3763 temporis
1150 3730 1219 3761 pace

238 3765 282 3787 ati.

195 3793 276 3826 Deus
294 3796 399 3827 etenim
419 3793 560 3825 ultionum
574 3817 584 3832 ,
599 3794 772 3825 exercituum
792 3793 925 3826 dominus
937 3820 947 3834 ,
964 3807 1046 3837 agens
1067 3799 1171 3836 libere,
1189 3806 1220 3829 ut

158 3832 370 3864 retributionem
381 3833 475 3864 reddat
488 3832 543 3863 suae
552 3857 562 3871 ,
576 3841 716 3871 quantum
731 3833 759 3862 in
772 3833 810 3863 eis
821 3832 878 3872 est,
894 3834 1098 3867 detrabentibus
1111 3838 1220 3876 gloriae,

159 3869 343 3909 superbiendo
362 3881 412 3912 per
421 3880 604 3911 peccatorum
617 3871 772 3901 insolentias
785 3881 883 3902 contra
902 3873 1004 3913 ipsam,
1022 3884 1122 3906 terram
1137 3885 1220 3906 com-

161 3917 280 3939 movens
291 3911 324 3940 δε
338 3911 524 3948 conturbans,
543 3910 633 3950 eisque
644 3908 720 3948 justo
731 3909 839 3948 judicio
854 3919 952 3949 pacem
967 3913 1082 3952 tollens,
1098 3913 1221 3944 ostendit

161 3946 269 3990 populo
281 3947 331 3977 suo
342 3949 409 3980 dura
423 3958 536 3989 propter
549 3948 693 3986 injustitias
705 3947 780 3986 suas,
803 3948 848 3988 ipfi
854 3958 893 3978 im
908 3949 1070 3990 humilians,
1088 3952 1116 3982 su
1137 3962 1164 3982 er
1180 3954 1223 3991 ip-

161 3984 223 4015 sum
238 3984 374 4016 inducens
387 3996 521 4018 terrorem
534 4010 543 4025 ,
562 3988 594 4018 &
606 3986 764 4017 Rectorem
778 3987 920 4017 interdum
935 3987 1097 4025 spiritualem
1112 3962 1223 4022 Ῑξῑίῃεί-

164 4032 235 4064 pum
250 4023 401 4055 auferendo
418 4025 587 4064 subducens,
603 4026 621 4044 ³⁸<
639 4033 669 4055 ut
687 4035 746 4055 non
767 4025 797 4055 sit
811 4026 857 4065 qui
876 4035 1028 4065 congreget
1039 4029 1074 4058 ab
1085 4030 1154 4060 ovili
1169 4030 1222 4060 do-

165 4061 236 4091 mini
249 4070 429 4097 peccatorum
442 4065 627 4095 aversionibus
639 4063 792 4103 fugientes,
808 4073 869 4095 non
883 4065 915 4096 sit
926 4065 975 4104 qui
987 4073 1072 4099 errata
1083 4069 1204 4108 corrigat
1217 4091 1227 4107 ‚

164 4099 210 4131 sed
223 4100 270 4138 qui
285 4099 326 4130 est
340 4101 368 4130 in
384 4101 510 4135 sordibus
521 4103 582 4144 plus
596 4101 740 4134 sordescat.

202 4140 275 4170 Tam.
291 4140 317 4170 I.
336 4139 370 4169 P.
388 4141 429 4170 ΙΙ.

1255 215 1737 264 PUBLICA.

1279 301 1480 347 Hinc-itaque,
1498 306 1564 350 hinc
1580 308 1766 345 proculdubio
1782 310 1931 349 provenire
1951 309 2101 341 creduntur
2116 310 2304 349 Imperiorum

1244 338 1454 381 fluituationes,
1473 346 1681 385 collisionesque
1696 347 1881 387 Regnorum,
1898 349 1931 379 &
1946 349 2047 380 cundia
2058 358 2218 379 vuerrarum
2232 350 2308 379 dissi-

1245 378 1309 416 dia,
1325 389 1389 417 quae
1410 383 1563 426 animarum
1585 385 1720 423 pericula,
1738 395 1891 424 corporum
1914 386 2032 427 strages,
2051 373 2212 419 &cultarum
2225 388 2309 427 lapsus

1248 416 1282 447 ὃς
1298 416 1500 450 destructiones
1514 421 1666 451 inducunt:

1284 453 1365 498 Isslinc
1381 467 1499 500 caetera,
1518 469 1577 488 non
1591 460 1672 489 facile
1693 462 1882 500 numeranda,
1899 463 2074 502 discrimina,
2093 465 2126 495 &
2145 466 2174 494 in
2190 465 2314 505 partibus

1247 502 1326 523 variis
1348 503 1466 538 graviter
1488 497 1656 535 deploranda
1677 500 1828 537 contritio,
1846 502 1879 531 δε
1894 503 1984 540 gravis
2001 503 2155 533 admodum
2170 502 2315 543 pudenda-

1247 541 1302 571 que
1319 533 1448 563 confusio
1464 536 1559 575 populi
1574 535 1739 566 Christiani:

1284 568 1364 601 Hinc
1387 571 1501 602 diutinae
1521 575 1671 604 vacationis
1688 575 1755 604 sedis
1776 575 1937 613 apostolicae
1956 577 2128 617 dispendium
2144 602 2153 617 ,
2171 579 2234 616 post
2255 579 2316 609 feli-

1249 616 1315 637 cem
1333 608 1444 640 Sanetae
1466 612 1665 642 recordationis
1686 613 1842 644 Clementis
1864 616 1944 653 patris
1960 617 1992 646 &
2007 616 2213 655 praedecessoris
2224 617 2314 647 nostri

1250 645 1285 675 de
1301 646 1357 677 hoc
1373 648 1481 692 mundo
1496 652 1653 688 transitum,
1672 651 1706 681 &
1727 661 1829 691 corpus
1847 653 1927 689 ipsius
1948 663 2015 683 cum
2029 655 2121 685 debita
2134 657 2313 694 exequiarum

1251 683 1451 728 sollempnitate
1470 689 1651 719 reconditum
1665 712 1674 726 ,
1690 697 1769 719 tanto
1783 699 1910 727 tempore
1925 701 2123 732 prorogatum,
2141 695 2234 724 donec
2249 694 2315 723 Do-

1251 731 1358 766 minus,
1377 726 1474 762 populi
1488 727 1610 764 ejusdem
1627 736 1740 766 peccata
1754 728 1940 767 dissimulans,
1957 731 1989 760 &
2003 731 2214 761 misericorditer
2230 727 2311 769 ipsius

1251 761 1369 791 miserias
1383 764 1538 804 miseratus,
1555 765 1680 804 dignatus
1693 765 1733 795 est
1747 767 1803 803 ipse
1816 789 1826 805 ,
1841 768 1889 806 qui
1904 770 2087 799 concordiam
2104 771 2133 799 in
2148 771 2310 800 sublimibus

1251 808 1397 842 operatur,
1410 802 1536 833 fratribus
1550 804 1650 834 nostris
1664 804 1701 833 fic
1716 805 1926 835 unanimitatem
1939 806 1972 836 ad
1985 807 2196 846 procedendum
2212 809 2239 838 in
2249 818 2314 846 pro-

1252 841 1358 881 visione
1378 840 1445 869 sedis
1461 841 1582 879 ejusdem
1601 842 1727 872 facienda
1747 843 1920 882 concedere,
1937 845 2012 883 quod
2027 846 2099 875 miro
2117 845 2219 877 Dei&
2233 847 2314 876 nobis

1252 884 1389 906 nimirum
1404 877 1542 918 stupendo
1556 880 1688 918 consilio,
1706 880 1739 910 ad
1753 882 1973 912 imbecillitatem
1995 883 2120 914 nostram
2135 885 2235 914 oculos
2249 884 2316 914 diri-

1253 921 1362 952 gentes,
1380 925 1447 960 nos,
1463 919 1510 957 qui
1531 926 1599 948 tunc
1615 919 1644 948 in
1659 919 1762 948 minori
1777 919 1921 950 constituti
1941 920 2042 951 officio
2052 945 2061 959 ,
2078 931 2130 961 pro
2144 922 2231 952 salutis
2249 932 2315 952 nos-

1253 959 1303 981 trae
1325 953 1454 984 remedio
1473 957 1716 995 peregrinabamur
1734 958 1763 986 in
1777 958 1898 995 partibus
1913 960 2110 995 transmarinis,
2128 961 2162 990 ad
2177 960 2316 990 conscen-

1254 988 1376 1033 dendam
1388 991 1551 1036 apostolicae
1573 996 1776 1033 praeminentiae
1796 996 1955 1026 cathedram
1990 998 2023 1028 ὃς
2037 997 2239 1036 suscipiendum
2258 1000 2315 1028 ima

1255 1028 1491 1073 portabile-nobis
1503 1054 1513 1069 ,
1531 1042 1590 1062 non
1611 1032 1703 1062 solum
1722 1042 1757 1062 ex
1777 1033 1908 1064 humanae
1921 1036 1949 1063 in
1970 1037 2102 1073 rmitaris,
2122 1036 2166 1066 sed
2181 1037 2263 1065 etiam
2281 1045 2316 1066 ex

1255 1065 1417 1110 humihtatis
1436 1068 1539 1099 nostrae
1561 1069 1693 1107 defectu,
1716 1080 1788 1100 onus
1809 1073 1965 1102 universalis
1979 1083 2006 1102 rc
2027 1075 2119 1103 iminis
2132 1075 2206 1103 orbis
2219 1083 2317 1112 terrae,

1254 1105 1435 1149 concorditer
1447 1107 1606 1147 elegerunt,
1623 1107 1657 1137 ad
1670 1108 1861 1138 inducendum
1877 1119 1928 1139 nos
1946 1110 1980 1140 ad
1995 1111 2003 1139 i
2037 1113 2116 1141 variis
2130 1113 2164 1142 :id
2184 1112 2312 1142 nostram

1254 1143 1426 1180 praesentiam
1439 1146 1542 1176 nuntiis
1554 1146 1588 1176 &
1601 1146 1695 1176 litteris
1709 1146 1855 1177 destinatis.

1283 1180 1358 1224 ‘Nos
1372 1192 1455 1221 vero,
1473 1184 1503 1213 in
1515 1183 1740 1214 considerationis
1752 1186 1896 1223 examine,
1912 1195 1983 1216 onus
1997 1185 2102 1225 ipsum,
2121 1197 2168 1225 per
2181 1188 2237 1218 hoc
2252 1198 2316 1219 nos-

1255 1221 1529 1262 tris-imponendum
1550 1222 1673 1253 humeris
1688 1245 1697 1260 ,
1715 1224 1748 1253 &
1763 1233 1850 1262 opus,
1869 1222 1963 1253 nostra
1978 1224 2201 1262 prosequendum
2216 1227 2317 1257 sollici-

1256 1257 1352 1288 tudine
1365 1281 1375 1297 ,
1393 1260 1563 1290 attendentes
1578 1283 1587 1299 ,
1611 1260 1825 1299 nostrarumque
1847 1263 1992 1292 metientes
2011 1263 2113 1292 virium
2135 1265 2316 1300 quantitatem

1255 1295 1461 1336 diffpungendo
1479 1298 1674 1329 insufficientes
1686 1300 1822 1330 virtutum
1846 1300 1984 1339 sumptus,
2004 1301 2036 1330 &
2053 1302 2218 1331 meritorum
2237 1303 2318 1333 insuf-

1256 1334 1409 1378 ficientiam
1424 1337 1632 1376 comparando,
1657 1337 1817 1377 eligendum
1830 1337 1896 1368 sano
1908 1338 2026 1368 consilio
2039 1339 2203 1377 putabamus
2218 1349 2247 1370 ut
2261 1341 2313 1370 hun

1257 1381 1328 1402 meri
1346 1373 1563 1406 subducerentur
1576 1377 1612 1407 ab
1623 1385 1726 1415 onere,
1745 1386 1843 1406 manus
1857 1377 1892 1406 ab
1905 1386 1989 1414 opere
2005 1386 2176 1415 arcerentur,
2295 1395 2297 1398 ⁴

1294 1411 1421 1452 Verum,
1440 1415 1493 1451 ne,
1512 1413 1577 1451 post
1595 1414 1716 1452 ejusdem
1736 1415 1889 1445 vacationis
1907 1422 1967 1445 tam
1984 1414 2081 1445 diffusa
2100 1416 2133 1446 δε
2147 1415 2317 1455 dispendiosa

1256 1457 1385 1488 tempora
1400 1474 1409 1489 ,
1434 1452 1571 1483 obstinata
1589 1453 1816 1483 contradictionis
1836 1453 1980 1484 relutf'tatio
2024 1453 2161 1484 tofusioris
2182 1454 2317 1493 dispendii

1255 1489 1435 1520 occasionem
1457 1491 1601 1522 induceret
1615 1514 1625 1529 ,
1643 1501 1695 1521 nos
1707 1514 1716 1529 ,
1735 1502 1795 1521 non
1813 1492 1848 1522 de
1868 1492 1949 1522 nobis
1964 1514 1973 1529 ,
2002 1492 2036 1522 ed
2056 1491 2092 1521 de
2113 1493 2161 1522 illo
2175 1493 2234 1523 solo
2246 1503 2318 1523 con—

1257 1535 1338 1566 cepta
1356 1528 1458 1559 fiducia
1480 1530 1527 1569 qui
1547 1529 1595 1560 dat
1617 1530 1690 1567 lapso
1704 1530 1838 1560 virtutem
1873 1531 1921 1568 qui
1934 1528 2003 1560 solus
2018 1530 2123 1568 potest,
2139 1541 2208 1561 cum
2224 1533 2319 1560 omnis

1257 1565 1419 1597 sufficientia
1440 1567 1471 1597 sit
1490 1568 1526 1598 ab
1546 1578 1582 1598 eo
1595 1591 1604 1605 ,
1622 1568 1747 1599 nostram
1763 1569 1820 1598 insu
1855 1569 1986 1599 cientiam
2007 1569 2192 1599 habundantia
2211 1570 2318 1599 virtutis

1256 1604 1311 1634 suae
1331 1605 1454 1643 supplere
1467 1628 1477 1643 ,
1495 1607 1525 1636 in
1545 1606 1706 1636 humilitatis
1727 1607 1819 1646 spiritu
1837 1608 1905 1637 tanti
1923 1608 2014 1637 oneris
2035 1607 2146 1637 sarcinae
2161 1607 2317 1638 imbecilles

1257 1643 1435 1680 exposuimus
1443 1643 1597 1684 humeros,
1613 1645 1715 1675 debiles
1735 1646 1857 1675 misimus
1880 1655 1978 1675 manus
1991 1645 2025 1675 ad
2041 1645 2120 1675 fortia
2133 1669 2142 1684 ,
2161 1647 2193 1677 &
2206 1647 2321 1676 humili--

1257 1690 1299 1712 ter
1311 1682 1385 1712 colla
1398 1682 1584 1714 summisimus
1602 1683 1673 1722 jugo
1685 1694 1700 1713 a
1720 1682 1847 1713 ostolicae
1861 1683 2008 1714 servitutis:
2028 1683 2194 1723 Suppliciter
2214 1685 2320 1723 impios

1257 1728 1346 1750 rantes
1359 1729 1390 1751 ut
1403 1721 1458 1758 ipse
1471 1723 1537 1761 qui,
1556 1732 1604 1760 per
1619 1722 1684 1760 huju
1696 1722 1773 1752 modi
1785 1723 1983 1760 vocationem,
2004 1723 2031 1752 in
2051 1724 2131 1752 matis
2152 1723 2250 1753 mundi
2265 1723 2320 1753 hu-

1257 1759 1297 1797 jus
1318 1759 1491 1790 altitudinem
1511 1770 1563 1790 nos
1585 1760 1717 1798 deduxit,
1736 1770 1795 1790 non
1816 1761 1929 1799 patiatur
1947 1761 1983 1791 ab
1997 1761 2077 1798 ipsius
2089 1761 2253 1799 tempestate
2270 1761 2320 1791 de*-

1259 1799 1365 1836 mergi,
1382 1798 1426 1828 sed
1445 1798 1522 1828 illam
1538 1800 1621 1829 nobis
1634 1798 1688 1828 suae
1702 1800 1837 1838 potentiae
1850 1799 1992 1829 dexteram
2008 1800 2144 1838 porrigat,
2161 1809 2224 1838 quae
2236 1809 2316 1839 apos-

1257 1836 1383 1866 tolorum
1403 1836 1566 1876 Principem
1581 1860 1591 1876 ,
1609 1837 1799 1867 ambulantem
1820 1838 1854 1868 ὃς
1873 1838 2045 1867 haesitantem
2068 1839 2097 1868 in
2114 1837 2261 1876 fluitibus,
2279 1842 2317 1868 ne

1258 1882 1443 1943 τηεῑέετεῑυῑ,
1461 1876 1562 1913 erexit,
1580 1877 1614 1907 δε
1628 1874 1836 1913 Coapostolum
1852 1877 1907 1915 ejus
1920 1875 2039 1906 Paulum
2051 1898 2061 1913 ,
2078 1876 2165 1906 noete
2180 1886 2212 1906 ac
2226 1876 2270 1906 die
2289 1877 2319 1906 in

1257 1922 1310 1952 pro
1342 1912 1401 1943 ndo
1414 1915 1494 1943 maris
1506 1915 1645 1954 positum,
1660 1914 1795 1944 liberavit.

1293 1951 1413 1982 Accedit
1432 1953 1516 1982 etiam
1530 1975 1540 1990 ,
1565 1952 1598 1982 ad
1618 1952 1721 1993 grande
1741 1952 1845 1982 nostrae
1866 1951 1977 1982 fiduciae
1992 1951 2204 1991 fulcimentum,
2223 1961 2269 1983 tua
2286 1953 2320 1984 δὲ

1255 1989 1375 2020 alioruin
1395 1990 1614 2022 Catholicorum
1638 1990 1801 2028 Principum
1824 1989 1991 2020 considerata
2012 1990 2150 2028 devotio,
2179 1998 2227 2030 per
2248 2001 2319 2029 quos

1256 2028 1392 2068 speramus
1412 2029 1449 2059 s1C
1470 2030 1500 2059 in
1523 2029 1682 2059 commiffae
1707 2030 1790 2059 nobis
1811 2028 2000 2059 sollicitudinis
2023 2030 2187 2059 executione
2211 2030 2318 2067 fulciri,

1255 2067 1350 2105 quod,
1364 2075 1392 2098 te
1404 2077 1437 2097 ac
1452 2068 1513 2108 ipfis
1527 2068 1631 2098 utiliter
1644 2068 1677 2098 &
1693 2067 1844 2098 efficaciter
1859 2065 2082 2104 intendentibus,
2097 2068 2263 2098 commissus
2277 2076 2320 2098 reb

1254 2106 1354 2144 gimini
1368 2106 1487 2145 populus
1501 2104 1675 2137 Christianus
1688 2107 1870 2145 praemiorum
1884 2105 2075 2135 exhortatione
2088 2128 2097 2142 ,
2115 2114 2148 2136 ac
2162 2107 2321 2136 commina-

1255 2146 1334 2174 tione
1347 2154 1493 2182 poenarum
1508 2144 1668 2183 correctus,
1686 2146 1701 2175 a
1715 2145 1788 2176 vitiis
1800 2144 1834 2175 ad
1848 2144 1960 2175 virtutes
1973 2144 2096 2182 erectus,
2114 2145 2142 2173 in
2157 2146 2233 2175 viam
2241 2155 2320 2175 man-

1255 2183 1384 2213 datorum
1399 2183 1523 2213 Domini
1540 2182 1677 2222 dirigatur.

1292 2221 1350 2252 Pro
1370 2230 1411 2251 ter
1423 2221 1500 2261 quod
1510 2245 1520 2260 ,
1533 2229 1631 2260 tuum,
1647 2229 1816 2261 tuorumque
1831 2221 2043 2261 progenitorum
2060 2219 2196 2251 affeetum
2205 2219 2239 2250 ad
2254 2220 2321 2251 Ro*-

1255 2269 1330 2290 man.
1349 2231 1504 2291 Ecclesiam
1520 2261 1702 2290 meditatione
1716 2259 1811 2290 debita
1823 2259 1993 2289 recensentes
2005 2281 2015 2297 ,
2032 2259 2084 2288 tibi
2097 2258 2255 2289 nostrarum
2275 2259 2319 2290 lit-

1255 2307 1376 2329 terarum
1390 2300 1524 2338 primitias
1536 2298 1721 2337 destinamus,
1733 2299 1833 2338 quibus
1846 2298 2019 2328 serenitatem
2031 2296 2152 2335 Regiam
2168 2302 2322 2328 monemus

1256 2338 1290 2369 &
1303 2338 1483 2368 exhortamur
1496 2338 1527 2367 in
1540 2337 1672 2376 Christo,
1690 2345 1815 2376 rogantes
1833 2337 1962 2367 attentius
1975 2336 2008 2366 &
2020 2335 2049 2364 in
2065 2335 2253 2365 remissionem
2270 2337 2322 2366 tibi

1256 2377 1454 2414 peccaminum
1468 2375 1624 2413 suadenteS,
1643 2377 1787 2414 quatinus,
1805 2375 1927 2412 ipsorum
1945 2375 2157 2412 progenitorum
2178 2374 2324 2405 laudabilia

1257 2414 1397 2444 imitando
1411 2414 1525 2453 vestigia
1539 2437 1549 2453 ‚
1568 2414 1686 2444 eandem
1708 2413 1863 2444 Ecclesiam
1878 2419 1997 2442 matrem
2011 2419 2090 2442 tuam
2111 2411 2248 2444 honorare
2264 2412 2323 2443 stu-

1258 2453 1322 2484 deas
1336 2453 1370 2483 &
1384 2453 1495 2482 fovere:

1294 2491 1342 2521 Sic
1357 2491 1386 2520 in
1408 2490 1531 2530 populo,
1549 2498 1606 2521 tuae
1619 2490 1721 2521 ditioni
1737 2489 1861 2530 subjecto
1873 2512 1883 2526 ,
1902 2488 2036 2525 potestate
2061 2487 2112 2531 tibi
2126 2487 2224 2517 tradita
2238 2495 2324 2519 errata

1256 2530 1417 2568 corrigens,
1436 2531 1470 2560 δε
1484 2539 1534 2565 pro
1549 2528 1654 2559 viribus
1668 2538 1782 2566 peccata
1795 2526 1992 2565 compescens,
2011 2526 2088 2565 quod
2103 2536 2132 2555 in
2148 2536 2183 2555 eo
2199 2526 2324 2569 mansue-

1257 2568 1328 2597 tudo
1347 2568 1519 2603 superveniat
1531 2589 1541 2604 ,
1560 2568 1593 2597 δε
1614 2568 1753 2597 correctio
1767 2566 1957 2605 subsequatur,
1975 2564 2102 2594 reddatur
2123 2564 2258 2594 Domino
2270 2574 2324 2603 po-

1258 2606 1336 2675 gulus
1355 2605 1430 2649 idem
1449 2605 1614 2643 voluntatis,
1633 2614 1758 2645 acceptae
1780 2605 1854 2645 pacis
1869 2613 1902 2633 ex
1914 2602 1970 2632 hoc
1986 2602 2174 2641 proculdubio
2188 2611 2323 2633 commo-

1279 2655 1300 2674 is
1334 2653 1460 2674 oriturus.

1297 2653 1409 2714 sssimus
1428 2682 1506 2712 enim
1526 2681 1621 2721 quod,
1638 2681 1658 2712 fi
1678 2681 1774 2711 fecerit
1786 2681 1811 2710 ei
1825 2679 1942 2718 placidas
1956 2680 2012 2710 vias
2027 2678 2101 2717 suas,
2118 2677 2174 2716 ipse
2189 2680 2322 2710 inimicos

1259 2722 1316 2759 ejus
1328 2728 1475 2751 convertet
1489 2719 1523 2750 ad
1555 2730 1652 2757 acem,
1667 2729 1721 2750 nec
1737 2721 1788 2750 erit
1803 2719 1850 2757 qui
1863 2728 1931 2748 eum
1944 2720 2094 2755 exterreat,
2111 2717 2174 2754 sed,
2193 2718 2320 2755 persecu-

1258 2768 1353 2791 torum
1369 2759 1517 2790 terroribus
1550 2769 1565 2788 e
1578 2758 1656 2798 ipsius
1670 2757 1769 2788 finibus
1783 2757 1949 2797 profligatis,
1965 2755 2138 2801 confidenter
2151 2756 2179 2785 in
2191 2757 2321 2799 ‘taberna-

1259 2799 1326 2829 culis
1339 2798 1449 2828 fiduciae
1461 2797 1610 2835 habitabit,
1627 2807 1659 2826 ac
1675 2796 1834 2827 fiducialiter
1849 2796 1879 2824 in
1896 2795 1989 2835 requie
2004 2794 2133 2831 opulenta
2149 2794 2276 2831 quiescet.

1295 2837 1364 2867 Nos
1378 2836 1441 2867 sane
1455 2836 1504 2866 tibi
1513 2858 1522 2872 ,
1541 2835 1579 2865 fili
1594 2834 1748 2872 carissime,
1767 2834 1901 2865 affedtum
1915 2834 2065 2864 caritativae
2086 2832 2261 2871 benignitatis
2274 2842 2323 2863 ex<

1257 2876 1406 2916 pandimus
1446 2875 1479 2905 &
1501 2874 1589 2904 sinum
1603 2874 1718 2904 caritatis
1733 2874 1828 2904 solidae
1841 2873 1993 2909 aperimus,
2008 2879 2213 2910 proponentes,
2232 2881 2320 2909 quan-

1257 2923 1319 2945 tum
1335 2924 1402 2944 cum
1417 2897 1486 2943 beo
1499 2914 1665 2952 poterimus,
1684 2911 1786 2951 Regiae
1800 2912 1926 2949 dignitati
1939 2910 2060 2947 deferre,
2074 2918 2107 2952 ac
2122 2917 2167 2939 tua
2182 2909 2214 2939 ὅ(
2225 2908 2321 2948 Regni

1257 2954 1297 2984 tui
1311 2951 1485 2988 commoda,
1505 2959 1557 2990 pro
1574 2951 1672 2988 quibus
1689 2950 1723 2980 ad
1738 2960 1790 2980 nos
1805 2950 1906 2988 poteris
1921 2957 1989 2979 cum
2000 2948 2144 2978 securitate
2157 2957 2318 2986 recurrere,

1257 2993 1286 3022 in
1299 2989 1519 3032 promptitudine
1533 2989 1732 3020 benivolentiae
1748 2997 1927 3027 promovere.

2244 241 2319 268 121

1292 3072 1362 3103 Dat.
1377 3071 1505 3103 Lateran.
1518 3078 1538 3109 4
1554 3068 1619 3100 Kal.
1636 3067 1752 3109 Aprilis,
1768 3066 1948 3098 Pontificatfis
1957 3060 2046 3097 nostri
2058 3069 2134 3096 anno
2148 3066 2253 3106 primo.

1893 3146 1947 3178 Sub
1957 3145 2007 3188 filo
2020 3144 2126 3176 canabi.

1255 3284 1282 3311 *ἒ
1310 3285 1408 3334 Qud
1426 3289 1491 3319 Rex
1504 3313 1513 3328 ‚
1539 3288 1575 3322 (ῤ’
1599 3288 1692 3316 omnis
1710 3284 1832 3330 populu-s
1858 3279 2043 3324 Christianus
2056 3308 2066 3323 ,
2091 3290 2156 3312 tam
2175 3281 2240 3310 viri
2258 3279 2319 3309 Ec-

1301 3333 1447 3377 clefiastici
1464 3361 1474 3376 ‚
1509 3344 1602 3380 quam
1619 3333 1770 3377 seculares
1789 3359 1798 3374 ‚
1823 3333 1929 3377 parati
1942 3330 2004 3373 sint
2025 3341 2044 3360 a
2063 3325 2189 3361 Kalend.
2209 3327 2318 3367 Maii,

1301 3386 1374 3414 anni
1409 3380 1447 3414 ab
1478 3382 1632 3414 Incarnat.
1664 3381 1792 3413 Domini
1827 3379 1868 3413 M
1893 3380 1966 3411 CC
1991 3378 2102 3410 LXX
2127 3374 2198 3407 IV.
2234 3373 2320 3416 infra

1299 3428 1451 3463 biennium
1466 3429 1508 3462 ad
1529 3428 1752 3475 ingrediendam
1770 3438 1886 3461 terram
1904 3426 2067 3466 Santram,
2088 3427 2123 3462 &-
2139 3420 2314 3468 aggredien-

1304 3477 1378 3511 dum
1395 3482 1528 3511 inimicos
1547 3475 1665 3520 Christi*-

1257 3570 1322 3632 G
1330 3567 1471 3611 Regorius
1478 3564 1631 3609 Episcopus
1637 3587 1647 3603 ,
1660 3563 1751 3595 servus
1764 3564 1912 3608 servorum
1917 3560 1973 3594 Dei
1981 3586 1991 3601 ,
2006 3560 2148 3627 cariffimlp
2160 3557 2314 3627 infiliristo

1255 3606 1491 3675 benedligiicgnem.
1542 3603 1617 3643 Regi
1638 3603 1799 3642 Anglorum
1817 3602 1915 3632 illustri
1931 3602 2043 3631 salutem
2063 3600 2096 3629 &
2146 3606 2184 3636 po
2209 3607 2312 3628 oicam

2326 310 2401 341 Ann.
2416 311 2459 343 Di

2344 358 2427 386 1272.

2326 393 2388 417 iiten.
2409 398 2436 425 3.

2340 3282 2356 3299 *
2372 3282 2470 3319 isai,

2338 3559 2414 3593 Anni
2429 3563 2471 3594 D„

2361 3611 2443 3641 1272.

2333 3644 2383 3667 An.
2406 3643 2451 3675 56.

1293 3682 1419 3713 Salvator
1437 3679 1532 3711 noster
1546 3702 1555 3716 ,
1571 3678 1600 3709 in
1619 3679 1699 3718 cujus
1718 3679 1825 3710 ditione
1848 3678 1951 3708 cuneta
1967 3676 2029 3707 sunt
2043 3675 2146 3715 posita,
2160 3673 2312 3705 Civitatem
2331 3683 2364 3706 H.
2385 3688 2411 3714 3.

1253 3721 1405 3760 Jerusalem
1426 3718 1521 3749 videns
1545 3716 1578 3748 &
1598 3717 1754 3754 praevidens
1777 3719 1909 3747 ruituram
1934 3713 2038 3745 flevisse
2058 3713 2218 3744 describitur
2235 3713 2313 3751 super

2332 3721 2368 3743 Ex
2383 3719 2441 3742 Aa·

1257 3770 1337 3797 eam,
1353 3760 1387 3789 &
1401 3768 1451 3787 nos
1466 3758 1557 3794 itaque
1570 3757 1619 3793 qui
1634 3755 1764 3786 Civitatis
1778 3756 1837 3784 veri
1851 3753 1961 3791 David,
1976 3753 2131 3791 religionis,
2146 3753 2202 3782 viz.
2213 3751 2312 3782 Chris-
2329 3763 2390 3790 mgr.

1257 3799 1338 3829 tianae
1354 3797 1447 3835 (circa
1462 3796 1538 3831 cujus
1551 3795 1678 3832 regimen
1691 3804 1750 3824 non
1764 3792 1967 3822 insufficientiae
1985 3791 2090 3820 nostrae
2102 3790 2263 3836 debilitatis,
2281 3790 2314 3833 si-

1258 3845 1304 3867 cut
1325 3845 1378 3865 nec
1397 3834 1533 3864 debemus
1546 3854 1554 3869 ,
1573 3833 1717 3862 innitimur
1730 3854 1739 3869 ,
1753 3831 1798 3861 sed
1818 3831 1854 3861 de
1865 3829 1919 3860 sola
1931 3829 2195 3866 superhabundantia
2206 3837 2315 3858 Virtutis

1257 3874 1359 3906 divinae
1374 3871 1527 3911 speramus)
1550 3880 1609 3900 non
1623 3870 1713 3900 solum
1726 3869 1846 3900 scissuras
1857 3893 1867 3907 ,
1882 3869 1960 3906 juxta
1971 3867 2123 3908 Prophetae
2135 3868 2296 3908 vaticinium
2308 3888 2317 3902 ,

1259 3912 1454 3952 multiplicatas
1471 3910 1565 3949 aperte
1579 3908 1705 3939 videmus
1719 3930 1729 3945 ,
1751 3907 1796 3938 sed
1817 3908 1850 3938 δε
1876 3907 1964 3937 ruinae
1981 3915 2091 3946 magnae
2109 3905 2264 3948 periculum
2285 3913 2315 3932 in

1258 3950 1458 3982 substractione
1492 3947 1570 3985 opuli
1584 3946 1759 3977 Graecorum
1768 3968 1777 3984 ,
1797 3947 1844 3983 qui
1857 3947 1872 3975 a
1886 3945 1963 3975 Sedis
1975 3944 2102 3985 Apostol.
2115 3944 2267 3987 devotione
2281 3951 2313 3985 ac

1259 3988 1416 4021 obedientia
1431 3987 1458 4017 se
1480 3987 1644 4024 ubtraxerit,
1661 3986 1691 4014 in
1704 3985 1893 4022 occupatione
1906 3983 2025 4014 maxima
2037 3984 2070 4014 &
2084 3983 2233 4023 vastatione
2247 3979 2316 4010 vali-

1258 4029 1294 4059 da
1305 4028 1404 4057 Tcrrae
1418 4025 1534 4062 unctae,
1555 4025 1585 4054 in
1595 4023 1769 4054 subversione
1782 4032 1912 4060 morum,
1930 4031 1994 4061 quae
2012 4021 2191 4052 universaliter
2204 4028 2232 4047 in
2246 4016 2315 4062 Cle-

1260 4077 1294 4097 ro
1313 4066 1429 4106 graviter
1448 4062 1587 4102 obrepiffe
1607 4062 1718 4093 videtur
1732 4084 1742 4099 ,
1766 4061 1799 4092 &
1819 4062 1926 4102 populo
1936 4082 1947 4099 ,
1958 4062 2017 4098 jam
2031 4070 2090 4090 non
2105 4067 2162 4088 tam
2177 4065 2317 4087 cernimus

1261 4114 1347 4144 quam
1365 4103 1504 4143 palpamus
1516 4124 1526 4140 ‚
1550 4110 1622 4132 num
1642 4099 1786 4140 possumus
1796 4109 1864 4177 &on
1882 4100 1974 4140 lugere
1989 4099 2001 4128 ?
2020 4098 2106 4128 Num
2126 4095 2317 4163 comffiiffizg
